3422 5364
304 492 366 552 292

304 710 463 758 cameram
488 693 670 770 communis,
696 693 748 758 ubi
764 697 839 758 sunt
862 695 1019 774 scripture
1043 698 1076 758 et
1097 691 1240 759 inuenire
1262 711 1372 759 omnes
1396 691 1549 758 reforma-

303 795 417 876 tiones,
450 814 512 878 que
536 802 672 878 tangunt
694 796 852 878 publicam
883 797 1054 863 utilitatem
1076 797 1109 862 in
1133 797 1280 863 omnibus
1311 796 1550 862 occurrentibus

304 901 452 982 negotijs,
474 918 537 982 que
554 901 746 966 reducantur
761 901 793 966 in
809 901 937 982 scriptis
960 920 1018 982 per
1042 901 1173 967 eosdem
1196 901 1312 967 deinde
1327 901 1369 966 ad
1385 900 1548 967 consilium

302 1006 453 1086 generale
468 1010 502 1070 et
517 1005 670 1088 quidquid
685 1024 743 1088 per
758 1007 862 1088 ipsum
882 1006 1045 1072 consilium
1064 1004 1182 1072 factum
1200 1006 1307 1088 fuerit,
1330 1004 1411 1070 illud
1433 1004 1549 1070 habeat

306 1110 431 1177 roboris
454 1107 636 1176 firmitatem
652 1115 683 1176 00
701 1111 817 1176 debeat
839 1109 907 1177 fieri
931 1129 988 1192 per
1011 1110 1112 1178 dictos
1136 1110 1297 1175 dominum
1321 1108 1549 1186 uicecomitem,

304 1213 425 1280 iudices
455 1219 489 1280 et
519 1214 599 1280 alios
630 1213 753 1281 nobiles
784 1215 948 1296 eligendos
979 1213 1053 1278 binc
1081 1214 1123 1278 ad
1152 1213 1268 1278 festum
1300 1213 1402 1278 sancti
1425 1211 1549 1292 Domnij

304 1318 445 1398 proxime
469 1318 567 1383 futuri
590 1319 649 1384 sub
673 1336 757 1401 pena
780 1318 933 1384 librarum
954 1327 1054 1384 cc·rum
1071 1336 1129 1401 pro
1150 1319 1304 1400 quolibet.

348 1421 390 1486 Hi
414 1421 507 1489 electi
531 1428 607 1488 sunt
629 1423 670 1487 ad
692 1422 854 1504 predicta:
887 1441 948 1489 ser.
974 1422 1173 1489 Theodosius
1197 1422 1323 1500 Leonis
1349 1440 1412 1487 ser.
1436 1419 1551 1485 Bilscia

307 1525 468 1610 Cypriani,
493 1545 555 1593 ser.
579 1525 718 1592 Thomas
740 1526 884 1611 Dobroli,
908 1546 970 1594 ser.
995 1527 1131 1593 Zancius
1154 1527 1292 1608 Dorunij.

616 1775 683 1820 ΟᾸΡ.
706 1777 803 1820 xom.
831 1777 874 1819 DE
897 1776 1050 1820 ememus
1074 1774 1239 1819 omnam.

351 1889 521 1958 Millesimo
544 1892 723 1975 ccclxxxiiij.
741 1894 793 1960 die
807 1891 891 1974 xviij.
916 1892 1036 1974 aprilis,
1061 1891 1094 1956 in
1117 1889 1397 1959 reformationibus
1419 1889 1499 1956 meis
1517 1889 1549 1953 in

309 1995 440 2062 consilio
463 1995 626 2078 medentia
648 1997 842 2063 auctoritate
863 1998 992 2063 maioris
1015 1996 1138 2079 consilij
1162 2003 1289 2078 captum
1311 1994 1374 2060 init
1396 2000 1430 2061 00
1451 1992 1549 2060 refor-

305 2105 438 2180 matum,
470 2100 556 2182 quod
583 2101 713 2182 iudices,
744 2101 798 2184 qui
820 2105 895 2166 sunt
916 2107 950 2165 et
971 2117 1029 2182 per
1058 2106 1203 2182 tempora
1225 2105 1319 2166 erunt
1342 2097 1548 2176 infuturum,

310 2205 468 2270 continuis
491 2205 687 2286 temporibus
703 2209 815 2274 tenere
831 2205 970 2271 debeant
993 2205 1101 2270 claues
1115 2209 1202 2285 terre
1219 2211 1252 2269 et
1267 2221 1442 2283 carcerum,
1466 2203 1549 2268 uide

306 2307 381 2374 licet
413 2308 547 2390 quilibet
576 2327 687 2376 eorum
716 2327 826 2376 meuse
857 2326 932 2380 uno,
963 2308 1143 2390 incipiendo
1166 2327 1187 2374 a
1208 2303 1334 2374 seniore
1364 2311 1399 2372 00
1420 2307 1467 2372 sic
1496 2325 1552 2388 per

307 2413 450 2478 ordinem
473 2413 603 2481 maioris
627 2415 723 2494 etatis
754 2413 965 2496 procedendo.
994 2415 1040 2479 Et
1062 2413 1148 2496 quod
1171 2413 1309 2496 eligatur
1332 2430 1414 2477 unus
1438 2411 1551 2477 nobilia

304 2515 339 2582 in
361 2517 490 2584 consilio
525 2519 690 2598 credencie
722 2537 780 2601 pro
809 2536 872 2584 uno
903 2537 1013 2586 mense
1036 2523 1069 2585 et
1091 2518 1137 2584 sic
1160 2517 1200 2584 de
1222 2535 1332 2583 mense
1354 2517 1385 2581 in
1409 2532 1551 2581 mensem

306 2620 444 2702 eligatur
467 2641 551 2687 unus
574 2623 689 2689 nobilis
712 2641 771 2704 per
793 2623 958 2688 consilium
982 2623 1158 2702 credentia,
1183 2619 1268 2702 qnod
1284 2624 1336 2686 est
1349 2623 1384 2685 et
1398 2637 1459 2701 per
1473 2625 1551 2685 tenr-

305 2742 385 2806 pora
417 2725 495 2805 arit;
527 2727 581 2808 qui
604 2727 720 2794 nobilis
745 2727 791 2792 sio
814 2727 933 2794 electus
966 2731 1117 2793 teneatur
1138 2731 1172 2791 el
1194 2725 1310 2792 debeat
1331 2725 1415 2789 omni
1439 2723 1492 2788 die
1513 2723 1551 2788 da

305 2847 399 2894 mane
416 2829 463 2895 ire
479 2830 521 2896 ad
536 2830 665 2896 domum
687 2830 838 2912 iudicum,
862 2832 916 2913 qui
939 2831 1104 2897 habebunt
1125 2830 1233 2896 claues
1256 2829 1343 2910 ipsas
1358 2831 1393 2892 00
1408 2828 1551 2909 accipere

306 2932 415 2999 claues
437 2939 524 3014 terre
540 2940 574 3001 et
588 2934 636 3002 ire
653 2936 695 3000 ad
717 2935 925 3018 aperiendum
949 2941 1059 3018 portas
1075 2941 1108 3000 et
1124 2935 1251 3000 desero
1276 2932 1428 2997 claudere
1444 2938 1552 3014 portae

306 3037 394 3118 ipsas
417 3041 503 3118 terre
529 3045 563 3104 et
584 3040 661 3122 ipsis
683 3041 785 3122 portis
815 3041 931 3108 clausis
954 3047 1084 3123 portare
1108 3039 1209 3104 dictas
1232 3037 1338 3103 claues
1361 3035 1401 3102 ad
1426 3037 1552 3102 domurn

306 3141 382 3208 dicti
404 3141 519 3208 iudicis
543 3149 576 3208 et
598 3145 644 3210 sic
666 3146 752 3211 omni
775 3145 846 3224 die3
877 3150 910 3212 et
932 3145 1017 3211 idem
1040 3143 1080 3210 de
1104 3141 1247 3209 clauibns
1270 3159 1443 3221 carcerum,
1468 3141 1552 3222 quod

305 3245 391 3310 omni
421 3263 514 3313 mane
543 3247 590 3313 ire
613 3249 729 3315 debeat
752 3249 793 3315 ad
817 3250 946 3315 domum
972 3249 1049 3316 dicti
1080 3249 1192 3314 iudicis
1215 3252 1248 3313 00
1270 3247 1415 3328 accipere
1445 3245 1551 3311 claues

308 3367 468 3414 carcerum
493 3357 527 3416 et
550 3352 590 3416 de
612 3370 683 3419 sero
706 3353 877 3420 restituere
893 3358 926 3420 et
941 3358 1107 3436 reportare
1132 3353 1174 3418 ad
1191 3351 1318 3416 domurn
1341 3349 1419 3416 dicti
1441 3349 1553 3415 iudicis

305 3460 342 3520 ut
362 3472 459 3536 supra
476 3455 595 3520 dictum
616 3461 667 3522 est
682 3457 723 3522 de
739 3449 883 3523 clauibus
898 3463 1006 3538 terre;
1030 3463 1063 3523 et
1078 3458 1203 3537 aperire
1218 3459 1251 3521 et
1267 3453 1419 3520 claudere
1436 3454 1552 3521 debeat

305 3576 449 3625 carceres
466 3560 598 3646 tociens,
617 3562 769 3642 quociens
784 3560 882 3628 fuerit
897 3569 1122 3644 opportunum.
1140 3559 1202 3638 Qui
1215 3559 1335 3624 habeat
1346 3559 1432 3624 omni
1443 3575 1551 3624 mense

305 3665 345 3730 de
369 3664 484 3730 salario
508 3665 606 3730 libras
629 3670 766 3747 quatuor
787 3685 957 3747 paruarum
980 3671 1014 3733 et
1035 3665 1198 3731 introitum
1222 3680 1393 3729 carcerum.

350 3767 394 3832 Et
416 3769 502 3850 quod
517 3769 578 3849 heo
601 3768 785 3837 reformatio
808 3776 947 3851 ponatur
970 3771 1002 3836 in
1024 3769 1186 3837 uolumine
1208 3771 1401 3834 statutorum
1425 3773 1459 3835 00
1481 3785 1552 3850 per·

304 3876 402 3953 petuo
425 3891 484 3954 pro
508 3879 630 3939 statuto
650 3874 846 3941 obseruatur.

546 4121 614 4165 OAP·
638 4123 748 4165 xovm.
770 4123 812 4164 DE
834 4121 941 4166 susm
964 4123 1099 4167 nouum
1121 4121 1311 4166 naumurum.

346 4235 518 4303 Millesimo
542 4237 724 4321 ccclxxxiiij.
749 4238 799 4304 die
818 4240 920 4320 primo
952 4239 1090 4306 octobris
1114 4240 1147 4304 in
1169 4237 1448 4306 reformationibus
1472 4237 1550 4306 meis

302 4341 335 4406 in
353 4341 484 4407 consilio
509 4343 672 4423 credentia
697 4344 886 4409 auctoritate
910 4343 1070 4424 generalis
1092 4343 1213 4425 consilij
1231 4348 1359 4425 captum
1373 4343 1443 4424 fuit,
1469 4345 1553 4426 quod

304 4463 363 4526 pro
387 4463 451 4510 000
475 4446 672 4529 eligerentur
695 4449 726 4510 in
750 4445 854 4513 officio
885 4453 1022 4528 quatuor
1044 4446 1178 4526 nubilae,
1209 4448 1264 4529 qui
1287 4448 1351 4514 sint
1373 4448 1552 4529 cognitores

304 4556 336 4614 et
360 4551 586 4615 terminatores
611 4551 650 4614 de
674 4551 758 4616 bona
781 4555 909 4616 moneta
925 4557 957 4616 et
972 4551 1055 4615 mala
1070 4555 1104 4616 et
1127 4551 1181 4632 qui
1205 4551 1349 4618 incidant
1364 4559 1397 4617 et
1413 4552 1553 4618 incidere

305 4651 446 4719 debeant
475 4673 584 4720 omnes
615 4659 771 4731 monetae,
804 4671 883 4734 quas
912 4653 1011 4720 falsas
1042 4655 1239 4735 inuenerint;
1271 4660 1305 4720 et
1333 4655 1473 4722 babeant
1495 4674 1552 4737 pro

305 4773 416 4821 eorum
449 4759 572 4838 premio
604 4775 623 4821 a
653 4757 797 4838 quolibet
827 4758 895 4824 ciue
920 4757 1044 4840 Spalati
1075 4763 1109 4825 et
1138 4757 1318 4825 forensibus
1349 4760 1553 4826 uenientibus
