3416 5350
1354 472 1395 535 97

145 681 248 746 etiem
282 680 351 746 siue
383 699 538 747 consensu
572 679 671 762 patris
695 679 744 745 sui
768 684 801 746 et
823 677 931 744 ualeat
954 683 986 744 et
1009 683 1128 758 teneat,
1151 676 1236 757 quod
1260 673 1312 741 fit¹
1335 694 1395 758 per

145 785 280 848 eumin
304 783 473 866 predielis²
502 785 644 863 ossibus,
675 800 714 850 ae
735 783 763 848 si
794 781 1002 849 iuterueuerit
1031 797 1204 849 cousensus
1235 779 1396 862 legitimus

144 887 251 970 patris
274 888 333 953 sui.

191 991 300 1056 Minor
321 997 427 1057 autem
450 1011 527 1057 xxv
551 991 641 1057 anuis
663 1009 726 1058 uon
749 991 851 1073 possit
881 1007 953 1057 esse
979 989 1020 1056 ad
1053 988 1169 1056 iudicio
1196 991 1396 1072 procurator,

143 1095 309 1176 syndicus,
334 1102 431 1173 tutor,
455 1096 509 1161 uel
532 1101 661 1162 durator
683 1095 815 1160 alieuius
839 1101 873 1160 el
895 1095 981 1175 quod
1003 1111 1061 1175 per
1079 1093 1183 1174 ipsum
1200 1091 1302 1172 fleret,
1326 1092 1397 1157 nul·

144 1197 212 1262 lam
235 1199 382 1264 obtineat
403 1197 598 1265 firmitatem.
623 1197 673 1262 Ad
696 1197 827 1281 negocia
849 1216 926 1264 uero
950 1198 1050 1264 maior
1066 1197 1157 1262 anuis
1173 1196 1392 1280 xiiijpoasit

143 1301 292 1383 legitime
316 1303 464 1369 constitui
488 1309 686 1384 procurator.

290 1534 358 1578 on.
382 1533 493 1574 uxvm.
516 1533 559 1574 nn
581 1532 755 1576 uuuoamus
777 1533 816 1574 uo
840 1531 1055 1576 denudemus
1078 1507 1263 1574 masam&

191 1647 276 1713 Item
308 1653 464 1713 statutum
498 1654 532 1713 et
564 1647 743 1714 ordinatum
775 1653 841 1728 est,
865 1647 950 1728 quod
973 1646 1095 1729 pupilli,
1120 1645 1241 1713 scilieet
1262 1646 1400 1713 maseuli

150 1856 292 1921 debeant
325 1855 443 1922 habere
473 1861 596 1922 tutores
628 1862 661 1922 et
690 1856 848 1938 completa
879 1855 965 1920 diota
994 1861 1082 1934 etate
1113 1873 1214 1935 usque
1243 1854 1285 1920 ad
1317 1871 1392 1920 xxv

147 1977 252 2025 annos
275 1959 414 2025 debeant
434 1959 553 2026 habere
577 1967 751 2038 curatores
776 1977 845 2024 oum
867 1959 981 2040 quibus
996 1976 1105 2024 eorum
1123 1975 1218 2038 cause
1234 1957 1267 2023 iu
1282 1957 1397 2023 iuditio

147 2061 294 2128 debeant
317 2064 439 2146 agitari,
464 2063 563 2142 seluo,
587 2063 672 2143 quod
696 2064 722 2128 si
746 2062 859 2128 mulier
882 2063 983 2127 maior
1006 2061 1097 2142 xiiij
1134 2060 1225 2126 aunis
1255 2066 1289 2126 et
1314 2077 1397 2127 mas·

149 2166 242 2232 culus
264 2167 367 2232 maior
388 2167 492 2250 xviij
525 2167 616 2232 aunis
649 2167 751 2233 uelint
781 2166 918 2247 aliquem
950 2170 1121 2230 tractatum
1153 2163 1259 2232 lacere
1281 2182 1339 2246 per
1361 2182 1396 2230 so

148 2271 221 2336 siue
232 2275 349 2350 tutore,
373 2271 426 2336 uel
443 2275 599 2350 curatore,
624 2271 675 2335 uel
693 2271 814 2336 esseio
830 2269 942 2335 iuditio
959 2267 1028 2334 siue
1043 2275 1150 2334 tutore
1167 2267 1219 2332 uel
1237 2271 1395 2351 curatore,

146 2373 257 2440 iurent
279 2375 486 2456 corporaliter
508 2374 549 2439 ed
573 2381 683 2440 saneta
707 2373 758 2438 dei
781 2373 959 2454 euangelia,
983 2391 1017 2438 se
1040 2371 1204 2437 habituros
1230 2376 1335 2438 ratum
1358 2377 1391 2438 et

149 2474 288 2555 firmum,
301 2477 472 2558 quodquod
484 2475 537 2542 litt
548 2495 607 2558 per
622 2495 693 2554 eos;
710 2483 786 2541 tuuc
797 2477 840 2554 id,
856 2477 939 2557 quod
952 2495 1009 2557 per
1024 2494 1079 2542 eos
1095 2475 1140 2554 fit,
1158 2475 1294 2556 prestito
1311 2474 1396 2543 dieto

150 2587 352 2646 sacramento
368 2581 477 2646 ualeat
488 2588 520 2646 et
532 2585 640 2646 teneat
652 2581 748 2645 etiam
765 2581 833 2646 siue
849 2597 1006 2646 consensu
1022 2581 1137 2645 tutoris
1153 2579 1206 2646 uel
1221 2578 1394 2662 curatoris3

150 2685 185 2749 in
209 2703 274 2766 quo
298 2703 374 2750 casu
396 2685 542 2751 uolumus
566 2685 685 2750 addere
708 2685 809 2749 maius
831 2689 967 2767 tempus,
991 2701 1085 2764 quom
1108 2702 1127 2747 a
1149 2683 1218 2748 iure
1236 2682 1397 2750 communi

147 2788 249 2854 fuerit
272 2791 472 2868 ordinatum;
495 2789 584 2855 saluo
606 2789 690 2870 quod
714 2789 746 2853 iu
770 2805 867 2853 eausa
889 2786 1111 2854 matrimoniali
1134 2786 1222 2852 etin
1245 2787 1401 2852 coustitu-

149 2894 239 2959 tioue
270 2893 355 2958 dotis
386 2898 419 2958 et
437 2901 612 2974 'pectorum
642 2891 797 2959 dotalium
828 2889 967 2957 sulfioiat
999 2897 1124 2971 tempus
1155 2907 1174 2954 a
1209 2891 1401 2956 canonibus⁶

151 2995 343 3078 diffinitum,
377 2997 497 3062 scilicet
525 2997 581 3078 xij
613 3013 767 3062 armorum
797 2997 829 3060 in
858 2993 976 3074 femina
1006 3001 1039 3060 et
1068 2991 1165 3075 xiiij
1191 3009 1345 3058 annorum
1367 2993 1400 3058 iu

152 3101 309 3178 masculo,
333 3103 408 3182 quie
431 3103 462 3166 iu
485 3101 605 3167 causis⁷
628 3099 837 3182 specialibus⁸
859 3117 922 3164 non
947 3097 1161 3180 dedignantur
1184 3095 1275 3177 leges
1293 3113 1401 3163 saeros

152 3223 292 3272 canones
315 3205 464 3270 inmitari.
488 3205 531 3270 Et
554 3204 639 3286 quod
661 3205 693 3268 in
714 3205 913 3269 matrimonio
937 3203 1130 3268 obseruator
1148 3201 1274 3267 ratioue
1292 3199 1398 3280 etatis,

153 3310 256 3375 multo
278 3307 393 3374 lortius
415 3309 447 3372 iu
470 3309 546 3375 dote
569 3315 602 3374 et
624 3309 725 3390 puetis
749 3308 918 3390 dotalibus7
943 3324 1005 3387 que
1030 3313 1104 3371 suut
1128 3305 1313 3372 accessoria
1335 3323 1402 3369 ma-

152 3413 311 3490 trimodia
335 3412 443 3478 ualere
466 3413 584 3478 debent
603 3419 636 3477 et
658 3411 792 3478 firmiter
815 3412 986 3479 obseruari.

215 3643 284 3686 ΟΔΡ.
308 3643 396 3684 ῙιΧΙΧ.
420 3643 462 3686 DE
484 3643 592 3685 mom
614 3643 842 3687 consummarem
863 3641 1012 3685 'PU'I'OREM
1035 3641 1096 3683 UBI:
1119 3615 1335 3683 ῦῐΙΒΔΤΟΒΕΗο.

197 3759 277 3825 Item
303 3765 457 3825 statutum
480 3765 514 3826 et
536 3749 718 3825 ordinatum
741 3765 799 3837 est,
824 3759 965 3840 quodid
988 3756 1212 3824 constitutione
1228 3753 1346 3822 tutoris
1365 3758 1400 3820 et

153 3864 312 3930 curatoris
334 3863 525 3946 pupillorum
550 3869 646 3945 atque
673 3863 863 3942 adultorum,
888 3859 1088 3939 furiosorum,
1112 3863 1398 3940 meuteeeptorum,

154 3967 326 4031 surdorum
349 3975 383 4034 et
405 3973 562 4033 mutorum
587 3975 620 4033 et
649 3985 776 4045 eorum,
809 3968 862 4049 qui
893 3966 1123 4047 impedirentur
1156 3963 1189 4028 in
1212 3961 1400 4027 infirmitate

156 4077 342 4162 perpetuo,
357 4071 430 4137 talis
454 4071 555 4138 forma
578 4072 695 4137 debeat
709 4072 891 4149 obseruari3
916 4069 1073 4147 uidelicet,
1097 4067 1182 4154 quod
1199 4067 1239 4133 de
1254 4085 1326 4132 sero
1343 4083 1401 4147 pro

154 4193 248 4240 mane
271 4171 452 4256 sequeuti¹⁰
474 4177 614 4241 debeant
637 4177 725 4240 citari
750 4193 806 4255 per
829 4175 980 4239 riuerium
1002 4172 1077 4237 dieti
1095 4171 1268 4238 communis
1291 4187 1401 4236 eorum

203 4401 213 4438 ¹
236 4405 329 4464 Deest
351 4405 381 4463 in
407 4406 488 4464 eod.
511 4405 622 4464 aead.
645 4403 682 4463 Α.
754 4399 844 4478 ²Ap.
870 4403 994 4477 Ljub.:
1021 4393 1155 4482 „diotis“.
1228 4394 1239 4430 ⁸
1261 4397 1353 4456 Deest
1374 4396 1404 4454 in

156 4491 237 4552 eod.
261 4490 372 4552 aead.
398 4492 423 4549 B
446 4497 475 4550 el
498 4509 546 4566 ap.
570 4491 683 4564 Ljub.
755 4487 767 4522 ⁴
789 4489 846 4564 Ap.
871 4488 998 4563 Ljub.:
1026 4478 1191 4562 „eaeibus“.
1255 4479 1404 4542 ⁶ibid.:

160 4571 274 4656 „fiet“.-
312 4575 839 4652 ⁶ibid:„irriuribuseauonieis“.
889 4571 1211 4648 'ibid.:„easibus“.
1260 4564 1407 4628 ⁸ibid.:

158 4664 414 4744 ,spiritualibue“.
498 4660 509 4696 ⁰
542 4662 643 4722 ibid:
683 4665 813 4743 „tutores
847 4663 895 4720 uel
928 4659 1109 4722 curatoree“.
1193 4651 1222 4688 ¹⁰
1251 4655 1344 4714 Deest
1373 4653 1403 4712 in

157 4750 238 4812 eod.
263 4749 371 4809 aead.
399 4749 425 4807 Α
449 4754 477 4807 et
500 4749 534 4811 Β.

1282 4847 1300 4903 7
