3434 5368
1447 425 1485 488 19

240 626 382 693 comburi
405 625 575 694 traditione
606 632 640 693 et
661 625 782 706 fraude,
814 625 864 694 uel
886 627 966 698 alios
990 648 1041 694 res
1066 627 1241 712 tradiderit,
1272 626 1386 710 perdat
1409 643 1485 708 quc·

245 731 391 812 druplum
415 731 448 795 ln
470 731 574 796 bladis
597 737 630 796 et
652 731 684 794 in
707 731 813 814 rebus,
849 749 981 812 quarum
1005 729 1084 797 eluas
1107 737 1233 815 partes,
1269 733 1295 796 si
1319 739 1486 798 aecusator

243 835 369 899 uenedt
391 835 432 900 ad
455 839 624 916 patronum
646 839 680 900 et
702 834 817 901 dixerit
838 833 1087 920 malefactorem,
1121 839 1276 916 patronus
1299 853 1369 900 cum
1393 854 1485 901 occu-

242 945 348 1003 satore
371 936 513 1002 habeant
536 943 601 1004 tres
624 944 742 1019 partes,
777 943 811 1002 et
833 937 860 1004 si
883 943 1052 1004 accusator
1075 939 1200 1004 uenerit
1222 940 1264 1006 ed
1286 939 1431 1006 comitem
1454 947 1487 1006 et

240 1037 493 1106 manifestauerit
515 1039 761 1119 malefactorem,
786 1045 940 1122 patronus
963 1039 1081 1107 habeat
1096 1041 1198 1107 solum
1214 1041 1345 1108 terciam
1363 1047 1486 1125 partem

242 1148 276 1207 et
299 1161 463 1210 commune
486 1161 556 1208 cum
580 1148 764 1210 accusatore
788 1143 866 1208 alias
889 1143 968 1209 duas
992 1149 1117 1225 portes3
1140 1149 1174 1209 et
1197 1145 1224 1209 si
1247 1144 1414 1212 tradiderit
1430 1145 1487 1212 ali·

242 1264 337 1328 quam
359 1265 530 1328 personam
562 1247 696 1312 hominis
731 1247 971 1329 propterquod
1006 1247 1104 1322 luerit
1133 1253 1275 1315 extracta
1308 1247 1425 1316 furtiue
1450 1249 1490 1315 ab

241 1349 354 1429 insula,
378 1354 413 1414 et
433 1349 494 1416 sibi
516 1349 684 1430 probatum
708 1347 805 1416 luerit
827 1369 886 1432 per
907 1369 1003 1416 vnum
1019 1351 1178 1432 ydoneum
1196 1356 1321 1431 testem,
1346 1351 1487 1419 siluerit

241 1452 275 1516 in
298 1453 463 1532 seruitute,
487 1451 634 1519 restituat
658 1459 789 1535 patrono
813 1453 861 1518 rin.
886 1473 1044 1536 yperpera
1064 1455 1117 1522 uel
1139 1455 1260 1522 seruiat
1275 1455 1321 1522 ei¹
1336 1455 1486 1536 quamdiu

241 1555 419 1621 restituerit
453 1575 578 1622 seruum
614 1557 664 1622 uel
687 1556 849 1637 ancillam,
885 1559 967 1624 etsi
991 1556 1142 1624 fueritin
1172 1555 1347 1640 libertate,⁹
1380 1557 1486 1624 soluat

242 1658 520 1740 propinquioribus
552 1659 592 1724 de
625 1659 792 1741 parentele
824 1679 983 1743 yperpera
1015 1681 1088 1740 xxx,
1124 1667 1158 1727 et
1190 1661 1232 1726 sit
1265 1663 1298 1726 in
1331 1661 1486 1750 semitute

242 1761 288 1825 illi
311 1763 507 1844 propinquo;
532 1763 613 1828 etsi
637 1780 700 1828 non
723 1763 864 1844 potuerit
886 1763 1021 1844 soluere,
1050 1764 1164 1846 perdat
1187 1783 1281 1829 vnum
1303 1765 1428 1848 pedem,
1452 1769 1486 1830 et

243 1863 463 1930 nichilominus
488 1865 531 1930 sit
552 1866 584 1930 in
607 1867 763 1932 seruitute
787 1867 938 1948 quamdiu
961 1869 1109 1934 restituat
1129 1885 1298 1950 personam
1320 1867 1486 1946 traditam

242 1968 325 2033 etsi
349 1967 481 2049 ingerit,
518 1967 615 2034 sitin
639 1968 743 2034 banno
774 1971 952 2051 perpetuali
975 1977 1009 2042 et
1031 1971 1145 2052 perdat
1175 1970 1281 2036 omnia
1314 1972 1396 2037 bona
1418 1989 1485 2050 suc,

242 2071 284 2136 de
319 2071 434 2151 quibus
469 2072 585 2137 dentur
618 2073 834 2158 propinquiori
868 2091 937 2138 xxx.
960 2093 1118 2156 yperpera
1139 2080 1173 2140 et
1196 2075 1356 2140 residuum
1391 2073 1486 2141 deue-

243 2175 312 2240 niat
333 2175 365 2239 ln
388 2193 563 2241 commune.

547 2337 614 2381 nnn.
639 2339 1048 2382 xnvn.nnoan1rrnunnuo
1071 2317 1191 2383 stura!

286 2435 368 2501 Item
391 2437 559 2500 statuimus
583 2436 623 2502 de
645 2437 721 2514 sale,
746 2437 829 2518 qnod
852 2437 1026 2502 secundum
1049 2437 1133 2518 quod
1157 2438 1352 2504 ordinauerit
1379 2455 1486 2504 comes

246 2557 317 2604 cum
340 2539 452 2604 maiori
475 2545 566 2620 parte
589 2539 718 2605 maioris
742 2540 874 2622 consilij,
898 2541 930 2608 in
953 2549 1142 2623 perpetuum
1167 2542 1366 2608 obseruetur.

244 2719 313 2761 (IAP.
335 2717 445 2760 xnvm.
470 2719 511 2760 nn
533 2719 754 2762 Rusucmona
776 2719 981 2762 onmolnnlum
1001 2718 1183 2764 NOIAENGIUII
1198 2719 1272 2762 ESSE
1287 2719 1321 2762 nt
1336 2697 1488 2762 onmium!

287 2817 369 2882 Item
392 2818 568 2896 statuimus,
592 2817 678 2897 quod
701 2817 727 2882 si
750 2816 864 2898 aliquis
887 2817 1008 2882 electus
1031 2816 1128 2884 fuerit
1150 2815 1183 2882 in
1205 2817 1354 2883 nunclurn
1376 2815 1429 2883 uel
1451 2817 1484 2882 in

243 2919 390 3000 iudicem,
414 2919 466 2984 uel
488 2919 521 2985 in
543 2919 718 2998 consilium,
744 2919 794 2986 uel
817 2921 849 2984 in
872 2919 1002 3000 aliquod
1025 2919 1163 2986 officium
1187 2920 1334 2999 ciuitatis,
1358 2925 1392 2987 et
1413 2937 1486 2986 esse

244 3023 392 3104 noluerit,
417 3024 523 3089 soluat
544 3041 701 3105 yperpera
725 3043 751 3087 v.
777 3023 836 3088 nisi
858 3023 975 3088 iustum
998 3023 1259 3106 impedimentum
1282 3023 1428 3099 habuerit
1455 3027 1489 3088 et

246 3125 344 3190 sitin
367 3126 603 3192 examinacione
627 3126 751 3192 comitis
774 3132 808 3192 et
830 3127 958 3192 maioris
981 3127 1080 3210 partis
1103 3126 1233 3192 mInorls
1257 3127 1388 3192 consilii.

566 3304 633 3347 UAP·
658 3305 745 3346 xntx.
769 3305 812 3346 nlo
834 3303 1062 3346 ORDINAMEN'PO
1085 3305 1164 3346 uun.

288 3401 370 3468 Item
394 3401 565 3466 statuimus
587 3401 627 3467 de
650 3401 733 3482 uino,
758 3403 843 3483 quod
866 3402 1038 3467 secundum
1062 3401 1146 3483 quod
1170 3401 1367 3482 ordinanerit
1382 3419 1488 3468 comes

244 3521 318 3569 cum
340 3505 450 3571 maiori
475 3511 566 3587 parte
585 3505 714 3570 minoris
738 3501 871 3585 consilii,
895 3509 1065 3570 seruentur
1088 3505 1118 3568 in
1141 3511 1339 3588 perpetuum:

548 3683 615 3726 our.
639 3683 666 3724 n.
690 3683 732 3725 nn
754 3683 962 3726 nnnoossronrn
984 3659 1188 3725 mensorum⁵

290 3782 370 3846 Item
394 3782 572 3859 statuimus,
607 3783 692 3862 quod
714 3781 817 3846 iulans
840 3801 860 3846 a
880 3781 943 3863 xiiij
980 3781 1070 3846 annis
1093 3786 1126 3846 et
1148 3781 1232 3846 infra
1254 3779 1426 3848 et'lemina
1448 3783 1489 3848 si·

242 3884 372 3962 militer,
397 3902 459 3967 que
480 3886 592 3952 feeerit
614 3885 783 3965 aliquado
805 3883 967 3966 malelioijs
989 3883 1164 3967 prelibatis
1204 3884 1246 3950 sit
1266 3885 1299 3949 in
1321 3884 1491 3966 prouiden-

244 3987 296 4053 cia
318 3987 454 4054 domini⁶
476 3989 599 4054 comitis
621 3995 654 4054 et
676 3987 768 4070 parui
790 3987 914 4055 consilii
937 3987 978 4053 ed
1000 3987 1193 4070 puniendum
1213 4005 1292 4066 eam,
1314 3987 1489 4054 'meandum

245 4091 333 4172 quod
355 4091 384 4158 ei
407 4092 521 4158 iustius
545 4092 714 4158 uidebitur.

294 4229 375 4307 ²Ap.
393 4233 548 4308 njubio:
569 4236 681 4306 ,servat
696 4227 755 4294 et“.

296 4315 408 4380 'Deest
423 4337 469 4393 ap.
487 4319 678 4393 Hormayr.

303 4401 372 4464 'ot
388 4423 451 4479 cap.
468 4405 546 4466 n111.
563 4405 680 4464 Statuti.

300 4487 372 4550 ‘ct
389 4508 449 4566 cap.
465 4491 597 4550 XXVIII.
613 4491 731 4551 satuti.

275 4645 277 4650 ,
300 4573 371 4636 ⁵Cl.
389 4593 450 4652 oep.
467 4576 540 4637 niv.
557 4577 674 4638 statuti.

299 4659 384 4737 ‘Aa
401 4663 597 4738 Hormayr:
614 4657 734 4742 ,‚dioti“.
