3416 5350
1322 422 1364 484 93

160 617 209 686 Et
231 620 259 688 si
280 619 417 704 predicti
442 621 604 704 temerarij
627 624 837 703 occupatores
861 625 895 688 et
915 621 1080 688 inuaseres
1103 621 1278 688 alienarum
1294 642 1367 706 pos·

117 723 306 792 sessionum
328 725 361 790 in
383 723 453 806 ipsa
475 743 511 790 re
533 723 652 808 aliquid
674 724 899 807 plantaberint,
932 725 1160 792 seminauerint
1182 725 1236 792 uel
1259 727 1372 794 hedifi-
1506 770 1512 782 ι

116 829 275 906 cauerint,
298 833 401 894 totum
423 829 561 911 perdant
582 834 616 894 et
637 827 754 893 cedant
775 829 813 908 ei,
837 829 888 893 cui
910 829 981 910 ipsa
1003 847 1055 895 ras
1085 845 1143 910 per
1174 831 1370 896 sententiam

118 930 224 998 fuerit
248 931 447 1011 adiudicata3
469 932 517 997 ita
536 937 652 1010 tamem
677 931 762 1012 quod
784 931 811 996 si
834 931 950 1012 aliquis
967 931 1087 1000 iaceret
1108 935 1370 1014 protestationem

116 1035 228 1116 alicui,
252 1035 337 1119 quod
359 1053 427 1102 rem
450 1035 587 1118 aliquam
610 1053 673 1100 non
696 1041 790 1114 emat,
814 1036 866 1102 uel
890 1035 953 1101 alio
973 1037 1067 1103 modo
1083 1054 1146 1102 non
1161 1037 1193 1102 in
1212 1056 1248 1104 se
1263 1043 1368 1105 trans·

116 1138 214 1224 ierat,
247 1146 322 1206 tunc
353 1139 386 1204 in
409 1139 472 1206 isto
495 1157 571 1206 casu
593 1145 742 1204 teneatur
765 1140 798 1203 in
820 1139 931 1205 iuditio
954 1137 1037 1205 intra
1058 1158 1107 1204 xv
1137 1141 1222 1225 dies,
1255 1161 1364 1210 nume

116 1243 241 1310 randos
263 1263 284 1308 a
305 1243 357 1309 die
378 1241 463 1324 lacte
486 1243 729 1326 protestationis
752 1243 922 1310 ostendere
945 1247 979 1308 et
1001 1245 1137 1325 probare
1157 1245 1197 1310 de
1213 1263 1271 1311 suo
1287 1246 1369 1329 iure,

117 1347 206 1427 quod
232 1347 308 1412 dicit
330 1365 366 1413 se
380 1345 499 1414 habere
513 1347 545 1411 in
561 1364 597 1412 re
613 1347 768 1427 predicta.
784 1345 828 1411 Et
843 1345 886 1411 si¹
902 1344 984 1410 inira
1001 1346 1180 1427 predictum
1196 1350 1364 1414 torminum

116 1467 182 1514 non
214 1450 403 1532 probauerit
432 1467 503 1516 cnm
533 1447 650 1516 effectu
680 1449 721 1515 de
751 1450 820 1514 iure
850 1467 927 1530 suo,
958 1455 1035 1514 tunc
1064 1448 1149 1515 dicta
1171 1453 1364 1533 protestatio

115 1553 240 1618 nullius
262 1553 384 1621 unloris
407 1554 449 1620 sit
471 1557 505 1620 et
528 1553 661 1636 perinde
684 1552 850 1634 habeatur,
874 1570 911 1618 ac
931 1552 1059 1620 sidicta
1073 1554 1263 1636 protestatio
1278 1554 1366 1623 iacta

114 1675 181 1724 non
205 1663 305 1724 esset.
634 1657 637 1666 '

162 1759 198 1828 Si
221 1779 300 1829 uero
323 1760 438 1844 aliquis
460 1761 538 1828 emit
560 1759 698 1843 aliquam
722 1779 789 1827 rem
812 1761 957 1828 stabilem
979 1761 1032 1828 uel
1047 1761 1155 1844 aliquo
1169 1763 1256 1828 iusto
1273 1763 1366 1832 titulo

115 1865 150 1930 in
173 1883 211 1932 se
234 1863 440 1945 transferret,
472 1866 505 1929 in
534 1865 597 1931 isto
628 1881 703 1930 casu
735 1867 868 1946 propter
896 1864 1012 1930 bonam
1036 1863 1130 1932 fidem
1157 1865 1265 1948 ipsius,
1296 1868 1367 1933 sia

115 1987 197 2036 nero
231 1970 360 2035 domino
390 1975 504 2052 postea
533 1955 756 2046 conuincatnr,
791 1968 844 2035 nel
868 1969 908 2034 ab
931 1986 987 2048 eo,
1019 1971 1073 2050 qui
1104 1970 1154 2036 ius
1174 1970 1310 2037 haberet
1330 1973 1364 2037 in

115 2071 188 2155 ipsa
210 2092 258 2152 re,
281 2072 359 2140 licet
379 2070 625 2140 condemnetur¹
647 2072 688 2138 ad
711 2072 949 2138 restitutionem
972 2073 1029 2152 rei,
1052 2078 1159 2138 tamen
1182 2073 1224 2139 ad
1240 2073 1362 2142 fmctm

114 2175 345 2260 restituendos,
368 2177 421 2242 uel
444 2183 627 2255 conturam,
661 2194 717 2242 seu
739 2175 781 2242 ad
804 2177 1039 2258 possessionem
1062 2194 1125 2241 non
1147 2175 1266 2244 debeat
1287 2195 1361 2244 con·

116 2279 271 2361 demnari,
295 2282 369 2364 quia
392 2281 433 2348 de
454 2281 523 2346 iure
545 2297 712 2363 possessor
734 2279 818 2360 bone
849 2278 924 2346 fidei
946 2277 1023 2346 lacit
1053 2278 1176 2346 fructus
1206 2299 1292 2348 suos.
1319 2281 1364 2348 Εἰ

117 2385 145 2450 si
171 2385 304 2468 aliquod
326 2405 407 2469 opus
428 2385 474 2450 ibi
495 2383 631 2466 faceret,
666 2385 793 2451 restitui
824 2385 884 2451 sibi
907 2384 1023 2450 debeat
1046 2383 1152 2467 operis
1174 2385 1361 2472 satisfactio,

118 2508 159 2556 na
183 2490 226 2556 de
249 2507 308 2556 sua
329 2491 415 2556 bona
436 2487 500 2555 fide
523 2495 557 2556 et
577 2490 662 2556 iusto
684 2488 778 2554 titulo
801 2487 969 2554 damnum⁸
989 2488 1098 2554 ualeat
1119 2493 1294 2571 reportare.

216 2701 285 2747 (iss-
308 2703 384 2745 IMI-
406 2703 449 2744 DE
470 2701 639 2746 nlsoosnn
660 2701 746 2744 MTA
767 2700 863 2743 mm
884 2699 1033 2744 nmmum
1055 2701 1095 2743 ΕΤ
1117 2699 1259 2745 UXOREM.

159 2817 244 2884 Item
274 2824 430 2884 statutum
460 2824 494 2884 et
516 2817 695 2884 ordinatum
719 2821 787 2890 est,
816 2816 902 2897 quod
925 2817 953 2881 si
975 2815 1081 2898 aliqua
1103 2815 1261 2882 discordia
1283 2821 1360 2884 nata

117 2920 216 2987 fuerit
237 2923 322 2986 inter
343 2921 492 2986 maritum
516 2927 551 2986 et
573 2938 718 3002 uxorem,
750 2925 881 3002 propter
911 2937 1006 3000 quam
1029 2937 1108 2984 uxor
1130 2921 1298 2987 recesserit
1320 2922 1362 2988 de

118 3025 212 3092 domo
235 3025 441 3092 habitationis
471 3026 520 3092 sui
551 3024 676 3102 mariti,
707 3023 760 3089 uel
787 3025 921 3088 maritus
944 3041 1014 3088 eam
1045 3023 1218 3104 expulerit3
1253 3024 1361 3107 siper

119 3130 256 3196 alterum
278 3149 387 3197 eorum
411 3129 542 3210 querela
563 3127 650 3194 iacta
670 3126 768 3194 fucrit
790 3145 897 3194 coram
920 3133 1080 3210 potestate
1102 3131 1135 3191 et
1150 3135 1283 3212 rectore,
1307 3129 1361 3195 uel

119 3232 306 3301 offitialibus
329 3234 467 3300 ciuitatis
491 3231 624 3316 Spoleti,
646 3233 721 3298 talis
743 3231 822 3296 ordo
845 3237 1009 3308 seruetur;
1032 3231 1207 3314 uidelicet⁴,
1232 3232 1362 3311 quodsi

117 3339 250 3404 maritus
272 3356 343 3403 cum
365 3337 521 3418 manibus,
543 3337 596 3402 uel
612 3336 690 3402 alias
706 3336 820 3403 leuiter
836 3334 1042 3416 castigauerit
1062 3334 1116 3401 uel
1138 3335 1360 3400 uerberauerit

120 3460 209 3508 suam
243 3459 392 3526 uxorem,
423 3447 499 3506 tunc
528 3441 647 3506 iurabit
680 3439 815 3507 maritus
855 3439 1066 3521 corporaliter
1099 3439 1139 3504 ad
1173 3443 1284 3504 sancta
1313 3437 1365 3504 dei

118 3546 295 3628 euangelia,
318 3543 404 3628 quod
433 3563 562 3611 uxorem
584 3562 674 3610 suam
696 3561 760 3610 non
793 3543 884 3622 ledet
912 3543 1070 3624 grauiter,
1101 3559 1162 3607 nec
1185 3541 1360 3608 crudeliter

121 3647 278 3734 offendet,
310 3649 368 3716 sed
391 3647 559 3714 tractabit⁶
586 3665 658 3714 eam
680 3647 834 3728 benigne,
870 3647 952 3712 sicut
980 3645 1083 3712 bonus
1106 3644 1237 3710 maritus
1261 3643 1360 3711 debet

116 3752 221 3820 lacere
245 3754 286 3819 de
308 3755 439 3832 uxore⁰;
466 3759 500 3818 et
520 3757 636 3834 postea
657 3749 844 3832 reaccipiet⁷
860 3767 989 3816 uxorem
1006 3767 1105 3815 suam.
1129 3747 1163 3814 Si
1187 3767 1263 3814 uero
1286 3767 1351 3814 ma·

117 3858 195 3923 ritus
218 3875 290 3923 eam
314 3859 510 3939 percusserit
532 3855 658 3922 fortiter
680 3873 751 3920 cum
773 3853 888 3920 baculo
911 3853 964 3919 uel
987 3853 1099 3932 armis,
1129 3855 1205 3918 tunc
1240 3851 1359 3918 dictum

119 3968 352 4028 sacramentum
375 3959 521 4030 sinriliter
540 3959 700 4044 prestabit
722 3963 756 4024 et
787 3958 883 4024 etiam
914 3957 1004 4022 dabit
1032 3956 1133 4023 bonos
1162 3960 1197 4022 et
1218 3956 1361 4038 ydoneos

119 4061 324 4132 fideiussores
347 4065 387 4132 de
409 4083 473 4131 non
495 4064 658 4148 seuiendo,
681 4080 740 4128 nec
761 4061 905 4146 grauiter
926 4057 1117 4128 offendendo
1133 4059 1361 4125 ultramodum

119 4169 297 4235 maritalem
319 4187 449 4236 uxorem
472 4187 571 4235 suam.
606 4167 650 4232 Et
673 4165 714 4232 ad
736 4166 883 4260 predicta
912 4163 1112 4232 obseruanda
1142 4163 1276 4229 maritus
1298 4179 1361 4244 per

117 4289 215 4352 penas
240 4279 276 4340 et
297 4273 419 4340 banna⁸
440 4271 614 4340 efficaciter
636 4269 854 4352 compellatur.

119 4393 323 4406 *a

162 4427 173 4464 ¹
205 4433 299 4492 Deest
332 4432 361 4490 in
394 4431 474 4492 cod.
504 4429 607 4491 acad.
639 4429 676 4492 Α.
735 4424 856 4489 Ὀοᾱ.
879 4427 988 4488 acad.
1011 4427 1052 4486 B:
1080 4421 1360 4501 ,condempnatur“.

122 4512 262 4580 ⁸ibid.:
290 4511 498 4596 ,dampnum“.
581 4515 593 4550 ⁴
615 4515 706 4575 Deest
728 4532 775 4590 ap.
800 4515 908 4591 Ljub.
975 4511 1118 4574 libid:
1145 4517 1193 4588 ,et
1215 4510 1356 4570 tenebit“.

122 4599 263 4684 ⁸„debet
284 4637 328 4648 —-
350 4604 458 4664 uxore“
492 4605 577 4664 deest
606 4601 700 4663 ibid.
782 4599 932 4661 libid:
966 4598 1155 4673 reaccipiat“.
1236 4592 1360 4656 8(ἰοοί.

117 4689 208 4749 acad
230 4691 274 4752 B:
299 4691 448 4770 „banda“.
