3376 5392
366 457 430 522 220

367 661 496 730 Andrea
517 663 663 732 Volatich
686 683 720 731 se
743 670 852 732 tuente
874 663 1063 748 elucente,
1087 664 1152 730 tale
1181 670 1342 732 terrenum
1373 663 1518 746 potuisse
1545 661 1598 728 1111

367 770 499 835 concedi
522 775 617 853 prout
639 788 818 836 concessum
842 776 893 835 est
915 770 1127 852 compluribus
1149 771 1220 852 alijs
1235 771 1396 836 nobilibus
1411 777 1448 836 et
1464 769 1598 848 cimbam

366 875 441 956 quin
463 876 556 940 immo
580 877 700 956 absque
723 875 926 942 concessione
949 893 1007 957 per
1028 895 1084 942 eos
1108 877 1193 941 ciues
1213 881 1344 958 accepta
1358 873 1454 942 luere
1470 881 1597 952 terrem

361 980 428 1046 siue
444 980 483 1046 de
499 980 632 1048 terrenis
648 981 889 1066 communitatis,
905 986 1017 1064 petens
1034 1001 1052 1047 1
1068 987 1178 1047 contra
1194 981 1425 1062 aequalitatem
1446 982 1477 1045 111
1493 997 1598 1046 omncs

365 1086 486 1150 seruari
520 1085 647 1166 debere,
677 1087 723 1151 ita
752 1092 788 1150 ut
810 1093 865 1152 aut
895 1105 1004 1153 omnes
1035 1093 1173 1166 teneant,
1205 1093 1261 1152 ant
1291 1104 1402 1152 omnes
1434 1085 1600 1169 priuentur

365 1190 404 1256 de
427 1192 518 1258 bonis
541 1192 782 1272 communitatis,
807 1209 888 1273 quae
911 1197 1021 1258 tenent
1043 1201 1074 1257 et
1096 1192 1268 1274 possident,
1299 1211 1337 1258 en
1365 1191 1472 1258 altere
1494 1197 1598 1274 parta

365 1293 497 1376 uisaque
520 1295 755 1376 deliberatione,
780 1298 849 1363 siue
872 1297 986 1362 litteris
1008 1295 1223 1378 praefatorum
1245 1295 1444 1364 dominorum
1466 1297 1600 1376 capitum

366 1405 400 1464 et
422 1400 567 1466 omnibus
590 1400 727 1482 denique
750 1401 967 1486 consideratis,
990 1402 1174 1483 nolensque,
1199 1406 1236 1466 ut
1251 1401 1299 1465 sui
1314 1407 1376 1482 est,
1392 1419 1530 1467 seruare
1544 1401 1599 1481 pri·

366 1503 483 1586 uilegia
504 1511 538 1570 et
559 1505 709 1570 mandata
732 1504 865 1586 ducalia,
889 1524 1025 1572 necnon
1042 1505 1265 1587 aequalitatem
1282 1507 1314 1570 in
1337 1523 1459 1584 omnes,
1484 1503 1598 1570 delibe-

364 1609 449 1674 rauit
470 1615 503 1674 et
526 1609 716 1688 terminauit,
741 1610 826 1691 quod
848 1609 1013 1694 priuilegia
1028 1615 1061 1675 et
1076 1610 1295 1676 concessiones
1309 1609 1383 1674 hnic
1397 1607 1598 1674 fidelissimae

365 1713 581 1779 communitati
603 1733 754 1781 concessa
777 1715 807 1780 ei
829 1714 1055 1782 inuiolabiliter
1077 1713 1296 1794 obseruantur,
1319 1721 1352 1780 et
1382 1713 1471 1795 quod
1502 1715 1599 1778 onmia

364 1817 448 1884 bona
471 1819 700 1885 communitatis
723 1825 787 1884 tam
815 1837 962 1887 concessa
987 1838 1044 1901 per
1066 1825 1217 1900 rectores,
1240 1838 1334 1901 quam
1356 1824 1449 1884 tenta
1465 1825 1597 1884 11111111-

364 1927 440 2006 pata
461 1941 519 2005 per
534 1941 747 2006 quoscumque
770 1931 883 1990 contra
904 1923 1036 1989 formam
1069 1924 1306 2006 priuilegiorum
1335 1942 1468 1990 suorum
1497 1941 1597 1989 reuer-

365 2032 474 2093 tuntur
492 2033 524 2094 et
546 2048 710 2095 remanere
734 2029 873 2096 debeant
895 2031 927 2094 in
951 2029 1205 2096 communitatem
1228 2029 1315 2095 iuxta
1336 2047 1480 2094 normam
1505 2027 1597 2110 priui-

364 2131 519 2216 legiorum
542 2139 575 2199 et
597 2135 833 2201 concessionum
851 2153 987 2214 suarum,
1012 2153 1094 2216 quae
1116 2135 1177 2199 sibi
1199 2140 1235 2198 ut
1258 2151 1354 2216 supra
1374 2131 1597 2200 inuiolabiliter

365 2237 590 2317 obscurentur,
614 2245 646 2305 et
669 2239 753 2322 quod
772 2238 811 2306 de
827 2245 953 2306 caetero
968 2258 1026 2321 per
1040 2239 1176 2321 adquam
1192 2244 1345 2306 rectorem
1360 2237 1520 2304 Curmrlae
1534 2235 1596 2302 fieri

364 2343 566 2425 nonpossint
587 2343 703 2410 similes
726 2344 946 2412 concessiones
969 2349 1078 2412 contra
1100 2343 1232 2410 formam
1255 2345 1396 2426 ipsorum
1419 2340 1596 2424 priuilegio·

367 2465 456 2526 rum3
480 2455 514 2512 ct
531 2449 557 2513 si
574 2446 824 2527 contremuerint,
843 2447 958 2515 nullius
974 2449 1037 2514 sint
1050 2447 1178 2526 uelocia,
1198 2445 1357 2514 efficaciae
1372 2446 1426 2512 nel
1440 2445 1594 2512 momenti.

407 2551 445 2616 In
468 2569 600 2632 quorum
623 2554 806 2618 memoriam
830 2557 891 2619 etc.

407 2655 476 2738 Ego
498 2655 714 2722 Bernardinns
730 2657 770 2723 da
786 2657 973 2740 Ambrosijs,
998 2675 1028 2738 q.
1053 2657 1168 2722 domini
1184 2657 1326 2735 Jounnis,
1350 2655 1430 2721 ciuis
1447 2655 1593 2734 Venetus,

364 2759 508 2842 publicus
530 2760 685 2842 imperiali
708 2761 901 2827 authoritate
925 2763 1067 2828 notarius
1091 2761 1297 2827 coerratici
1314 2761 1432 2825 domini
1449 2759 1593 2825 Melcbio

364 2864 408 2929 ris
432 2863 646 2949 cancellarius,
672 2867 919 2948 suprascriptam
941 2867 1139 2945 sententiam,
1164 2865 1418 2932 terminationem
1443 2870 1479 2928 et
1493 2864 1594 2930 decre·

364 2974 432 3034 tum
454 2971 638 3052 transcripsi
661 2976 693 3036 et
715 2971 747 3035 in
769 2970 850 3036 hanc
873 2970 1029 3052 publicam
1053 2969 1186 3036 formam
1208 2970 1318 3052 redegi
1340 2975 1374 3036 et
1388 2969 1422 3033 in
1437 2966 1534 3035 fidem
1547 2987 1593 3034 me

364 3075 545 3156 subscripsi,
569 3075 657 3158 signo
681 3093 751 3141 mec
775 3077 919 3157 apposito
943 3081 1104 3140 consueto.

708 3289 805 3331 nxvn.
830 3289 906 3332 nans
929 3291 962 3332 11(
985 3288 1117 3332 accurre
1141 3289 1240 3332 canna

790 3367 823 3424 da
841 3369 997 3424 triremibus
1016 3368 1161 3424 armandis.

400 3491 461 3558 Die
482 3493 590 3558 altimo
611 3491 767 3576 Jonoortj
796 3491 995 3578 Meceoccciij.
1027 3491 1069 3557 Ia
1101 3491 1238 3577 Ropatia.
1272 3491 1313 3558 In
1343 3492 1425 3557 libro
1448 3495 1513 3558 xiv.
1540 3513 1593 3578 per

357 3618 452 3662 mure.
480 3596 534 3663 Oc.
557 3596 675 3682 claaiiy'.

404 3702 548 3768 Essendo
572 3707 622 3768 ste
638 3702 813 3768 deliberato
829 3703 1093 3785 pressimamente
1109 3723 1166 3786 per
1180 3706 1293 3784 questo
1309 3703 1480 3784 conseglio,
1497 3721 1593 3769 armar

363 3806 446 3888 galle
469 3825 537 3884 xxx,
561 3807 645 3873 delle
668 3807 740 3889 qual
763 3799 792 3873 xss
817 3827 852 3873 se
876 3809 927 3873 die
949 3827 1054 3873 armar
1076 3808 1108 3872 in
1132 3813 1245 3890 questa
1260 3813 1368 3872 nostra
1383 3809 1473 3886 cirta,
1497 3827 1592 3875 11111-
1678 3789 1680 3802 ’

362 3929 440 3978 ceno
464 3911 494 3977 le
517 3913 695 3978 occurentis
720 3912 770 3977 dei
793 3913 933 3994 presenti
966 3913 1063 3994 tempi
1094 3931 1155 3978 non
1187 3909 1306 3978 differir
1335 3911 1390 3992 pib
1420 3912 1465 3976 tal
1496 3931 1594 3978 armar
1678 3917 1680 4002 ξ

362 4035 420 4098 per
442 4021 572 4098 segurta
595 4022 628 4082 et
649 4015 800 4084 beneficio
824 4017 905 4084 delle
928 4035 1001 4083 cose
1024 4023 1131 4083 nostre
1162 4015 1327 4100 maritime,
1361 4015 1392 4080 le
1422 4017 1498 4097 qual
1521 4035 1592 4084 sono
1678 4003 1680 4026 “

361 4120 445 4186 della
467 4121 679 4202 importantia,
703 4121 761 4187 che
785 4123 858 4204 ogni
881 4141 924 4188 uu
946 4121 1090 4200 intende3
1123 4127 1156 4186 et
1178 4123 1256 4202 perd
1285 4120 1447 4200 l'andard,
1480 4121 1537 4187 che
1565 4121 1592 4186 le
1678 4171 1680 4212 ,

360 4246 389 4290 11.
413 4226 496 4308 galle
517 4227 558 4292 da
581 4245 668 4294 esser
690 4232 810 4292 armate
834 4227 866 4290 in
888 4231 1001 4308 questa
1024 4231 1133 4292 nostra
1155 4225 1242 4304 cittd,
1274 4243 1379 4290 armar
1393 4243 1436 4291 se
1460 4225 1590 4292 debbinc
1678 4229 1680 4308 j

362 4348 431 4395 cum
456 4337 570 4412 questa
593 4330 761 4409 condition,
786 4329 844 4406 che
861 4348 923 4396 non
940 4331 1067 4411 pessino
1085 4336 1153 4396 star
1168 4331 1223 4412 piu
1238 4329 1338 4408 fuera,
1363 4330 1421 4395 che
1438 4349 1497 4413 per
1511 4333 1589 4395 tatto

360 4435 508 4501 Ottobrio
531 4436 688 4517 prossimo
711 4454 769 4517 per
792 4435 885 4500 alcun
914 4435 1016 4515 modo,
1049 4440 1176 4516 passato
1200 4435 1230 4499 el
1262 4435 1337 4516 qual
1368 4441 1476 4517 tempo
1508 4435 1589 4500 siano

361 4539 492 4622 obligati
514 4539 536 4603 li
560 4539 762 4621 aopracomiti
786 4539 896 4621 uegnir
920 4543 939 4604 a
961 4539 1124 4606 desarmar
1153 4544 1186 4604 et
1208 4557 1271 4604 non
1294 4557 1330 4604 11
1353 4541 1441 4621 possi
1464 4556 1588 4605 reuocat

359 4645 389 4711 el
412 4649 562 4726 presente
585 4643 723 4726 capitolo
746 4645 834 4709 saluo
857 4663 914 4726 per
928 4647 978 4710 tre
994 4645 1100 4726 quarti
1117 4643 1156 4710 de
1172 4649 1286 4724 questo
1303 4643 1476 4727 conseglio.
1501 4643 1587 4710 Sianc

360 4749 402 4815 da
433 4750 494 4817 alle
525 4749 605 4814 ditte
633 4749 716 4830 galie
747 4767 830 4831 paga
863 4749 902 4814 de
933 4751 1011 4815 mesi
1042 4755 1169 4831 quattro
1201 4747 1339 4814 secondo
1370 4748 1400 4815 el
1431 4753 1583 4816 consueto.
