3396 5402
337 545 379 607 88

336 745 540 829 pertinentias
563 764 637 812 suaa
658 748 691 812 In
712 745 796 812 bunc
817 745 956 812 modum.
980 745 1138 812 Videlicet
1155 763 1251 827 super
1265 763 1299 811 se
1314 747 1447 824 tantum,
1469 755 1568 826 quan·

336 859 404 918 tum
425 851 495 934 ipsa
515 857 617 930 terra,
652 871 709 917 seu
731 850 827 934 gniua
848 857 899 917 ast
928 849 1047 936 ampla,
1082 869 1138 915 seu
1161 850 1267 933 larga;
1301 855 1452 932 quantum
1487 865 1569 930 aqua

337 957 474 1039 desuper
497 956 624 1038 spandit
645 976 740 1040 snper
761 959 862 1039 ipsam
878 963 1006 1034 terram,
1031 955 1126 1022 etiam
1150 955 1178 1020 si
1199 955 1296 1021 fuerit
1310 971 1330 1020 a
1344 956 1445 1022 latera
1462 961 1569 1020 tarrae

337 1069 370 1129 et
393 1061 566 1144 spanderet
587 1079 700 1142 aquam
723 1081 820 1143 super
835 1079 914 1126 eam.
938 1059 1148 1144 intelligendo
1164 1060 1302 1142 desuper
1317 1067 1469 1142 quantum
1484 1059 1570 1124 maus

338 1165 473 1234 hominis
506 1166 620 1231 stantis
643 1171 878 1248 superterram
900 1167 1001 1248 ipsam
1024 1169 1131 1246 potest
1153 1164 1279 1229 extendi
1299 1165 1451 1248 superins.
1486 1162 1570 1229 Illud

337 1289 422 1351 uero,
446 1271 531 1354 quod
553 1269 652 1336 videri
674 1287 737 1335 non
759 1277 880 1353 potest,
912 1270 963 1336 vel
986 1287 1049 1335 non
1072 1256 1331 1351 spandit'aquam
1353 1289 1448 1354 super
1470 1270 1572 1352 ipsam

338 1381 466 1457 terram,
492 1381 525 1442 vt
547 1375 664 1440 dictum
687 1379 746 1460 est,
770 1375 813 1440 sit
834 1381 868 1441 et
889 1375 1056 1456 perueniat
1077 1375 1109 1438 in
1132 1371 1314 1442 Commune.

461 1571 528 1618 ΟΔΡ.
551 1573 626 1615 Lxx-
650 1570 882 1616 cunabulorum
904 1571 968 1614 nolo
987 1571 1112 1614 Possm
1134 1572 1262 1614 mnan
1283 1571 1443 1618 naamon.

348 1729 352 1744 ·
381 1689 480 1772 Item,
513 1689 597 1772 quod
630 1691 774 1757 ammodo
796 1689 828 1754 iu
851 1693 946 1754 antea
980 1689 1064 1754 iuter
1096 1689 1259 1771 gastaldus
1282 1695 1315 1756 at
1335 1691 1476 1758 latrones
1511 1707 1573 1757 non

338 1795 463 1880 possint
484 1793 583 1876 accipi
605 1793 724 1861 iudices
747 1794 868 1860 arbitri.

537 1991 603 2034 GAP.
627 1991 714 2032 IrXXI.
737 1991 884 2034 monulus
906 1993 970 2034 NON
992 1993 1134 2035 amamur
1156 1993 1198 2034 DE
1221 1993 1371 2036 cuazunn,

381 2110 462 2176 Item
485 2108 536 2174 dle
559 2108 651 2188 xxvij.
676 2126 757 2173 men.
782 2107 940 2175 Octobris.
962 2099 999 2173 In
1014 2109 1108 2191 pleno
1130 2115 1164 2175 et
1185 2109 1325 2192 generali
1349 2109 1481 2175 consflm
1499 2108 1575 2174 cini·

340 2213 417 2281 tatis
438 2218 472 2280 et
505 2212 627 2278 insulae
663 2211 835 2298 Corsulae,
869 2213 901 2277 in
932 2231 995 2294 quo
1029 2213 1156 2279 luerunt
1189 2213 1356 2295 consiliarij
1390 2214 1430 2279 lv.
1465 2231 1575 2280 eorum

339 2319 463 2387 nemine
494 2317 694 2384 discordante
717 2321 843 2398 captum
865 2315 939 2396 fnit,
974 2317 1059 2398 quod
1081 2318 1260 2398 quicunque
1288 2323 1417 2400 poneret
1446 2316 1575 2400 petitio

339 2442 422 2502 nem,
447 2421 530 2502 quod
553 2421 697 2499 vicarius
729 2421 782 2502 qui
805 2421 898 2487 modo
922 2427 980 2500 est,
1004 2423 1055 2487 vel
1077 2421 1131 2502 qui
1154 2441 1211 2504 pro
1227 2429 1369 2504 tempora
1384 2422 1454 2500 crit
1479 2420 1576 2486 vadat

340 2532 429 2595 extra
451 2525 633 2602 Ouraulam,
667 2525 698 2589 in
722 2526 890 2590 terminum
913 2545 1020 2600 snum,
1056 2527 1105 2592 vel
1128 2525 1187 2592 sibi
1216 2527 1402 2609 respondet,
1436 2527 1463 2592 si
1488 2525 1575 2592 solus

340 2636 473 2715 peteret
497 2629 601 2696 soluat
623 2628 787 2696 Communi
810 2630 935 2697 nomine
958 2649 1080 2713 poenae
1103 2649 1277 2714 yperperos
1300 2649 1368 2696 xxv.

341 2827 406 2872 oar.
431 2827 531 2869 nxxn.
562 2826 764 2870 consonamus
788 2827 842 2880 em
863 2825 1048 2870 cumunnuo
1077 2829 1137 2870 aaa
1166 2827 1316 2871 nmrnnss
1346 2805 1575 2870 ernauma¹

383 2944 466 3010 Item
488 2947 613 3025 captum
636 2943 704 3023 luit,
737 2943 822 3024 quod
844 2945 1022 3026 quicunque
1046 2943 1241 3011 Curanlanns
1272 2944 1448 3027 reperietur
1476 2945 1574 3026 scrip·

341 3051 429 3132 sisse‚
452 3047 502 3114 vel
524 3048 556 3112 in
578 3045 717 3112 futurum
742 3047 903 3130 scriberet,
928 3049 978 3114 vel
1001 3049 1183 3115 detraheret
1205 3055 1315 3116 contra
1336 3049 1473 3131 aliquem
1498 3045 1575 3114 Gur·

340 3154 485 3219 zulannm
500 3170 578 3232 rem,
600 3170 681 3233 quae
696 3157 840 3234 portaret
860 3153 987 3234 aliquod
1011 3153 1157 3219 damnum
1172 3158 1205 3221 et
1219 3153 1392 3235 periculum
1414 3153 1447 3218 ln
1469 3153 1576 3232 rebus,

341 3258 392 3324 vel
414 3258 446 3323 In
468 3273 645 3340 personam,
669 3257 818 3338 puniatur
839 3259 871 3323 in
894 3259 989 3324 rebus
1012 3265 1045 3324 et
1066 3259 1098 3323 in
1121 3277 1257 3341 persona
1279 3277 1337 3340 pro
1360 3255 1532 3341 proditore.

619 3451 686 3498 ΟΔΡ.
708 3453 821 3496 nxxm.
844 3455 886 3496 DE
908 3454 1075 3500 sconsam
1097 3457 1301 3499 munnulus.

384 3568 474 3649 Item
498 3567 583 3650 quod
607 3570 785 3651 quicunqne
807 3575 975 3638 accusatus
991 3578 1050 3652 est,
1073 3573 1123 3639 val
1138 3572 1337 3640 accusabitur
1353 3589 1411 3653 par
1425 3569 1575 3652 aliquem,

344 3678 379 3743 vt
413 3692 510 3756 supra
543 3673 675 3755 dicitur,
709 3673 882 3742 Commune
915 3676 1044 3744 adiuuat
1073 3677 1199 3744 eumin
1222 3675 1365 3742 omnibus
1399 3675 1523 3744 damnis
1545 3680 1578 3742 et

344 3796 499 3864 expansis.

344 3973 410 4019 cnr.
433 3975 542 4017 nxxrv.
572 3975 739 4019 aoncoaum
760 3975 796 4017 mr
818 3975 965 4020 crumena
986 3979 1049 4020 nou
1072 3979 1284 4022 mammonam
1305 3979 1369 4022 urar
1391 3977 1412 4020 a
1434 3977 1529 4021 nanc
1552 3976 1574 4018 s.

532 4033 536 4040 ’
661 4063 831 4107 aroannam
853 4065 955 4115 vsoun
976 4064 1020 4106 an
1042 4048 1255 4110 nanurrarnn.

386 4175 467 4242 Item
492 4183 618 4260 captum
640 4177 709 4256 fuit,
734 4179 819 4259 quod
841 4179 948 4260 aliqua
969 4199 1105 4262 persona
1123 4199 1185 4248 non
1201 4182 1301 4263 possit
1315 4181 1438 4247 nutrire
1454 4188 1573 4263 porcos

344 4281 412 4349 siue
433 4301 547 4364 porcas
569 4284 600 4348 in
623 4283 753 4348 ciuitate
783 4301 887 4366 poena
919 4303 1143 4368 yperperorum
1173 4285 1312 4368 quinque
1344 4303 1402 4367 pro
1436 4286 1575 4366 quobbet

346 4385 609 4467 contrafaciente,
646 4406 778 4470 quorum
812 4390 910 4454 terela
943 4407 1017 4472 pars
1040 4389 1082 4456 sit
1104 4390 1278 4456 accusantIs
1302 4395 1335 4457 et
1357 4391 1437 4456 duae
1471 4395 1575 4473 partas

345 4489 409 4556 sint
432 4489 620 4556 Communis.
657 4490 754 4558 Saluo
776 4511 796 4556 a
818 4491 900 4559 festo
924 4492 1031 4559 Sancti
1061 4493 1242 4578 Michaelis,
1277 4513 1376 4576 vsque
1399 4493 1439 4559 ad
1462 4493 1574 4560 festum

346 4591 541 4672 Natiuitatis
566 4595 659 4662 liceat
681 4595 809 4661 cuilibet
832 4596 902 4676 ciui,
926 4599 995 4663 sine
1011 4603 1117 4663 tamen
1134 4599 1247 4664 damno
1263 4599 1395 4664 alicuius
1410 4614 1571 4680 personae.

396 4735 406 4772 ¹
422 4739 604 4814 Praeceptum
622 4739 708 4814 hujus
730 4756 791 4814 cap.
815 4741 985 4814 generaliter
1006 4743 1108 4802 iterum
1124 4743 1259 4804 statuitur
1272 4741 1480 4814 reformatione,
1504 4741 1572 4801 iaie·

346 4825 407 4887 rius
429 4843 505 4904 cap.
521 4826 621 4888 XCIV.
639 4825 791 4888 Reform.
808 4827 904 4889 citata.
