3398 5354
1306 438 1366 502 241

123 647 230 729 ipsum
252 643 478 712 contrafecisse
508 646 541 710 in
563 647 668 726 aliquo
691 645 916 726 predictorum
949 647 1095 709 teneatur
1127 643 1255 708 soluere
1279 661 1362 708 oom-

124 750 213 815 muni
244 747 362 830 Spalati
394 769 451 830 pro
484 750 628 830 quolibet
660 749 742 828 pede
772 749 928 814 oliuarum
962 747 1071 813 soldos
1094 747 1158 812 Μ
1186 766 1367 831 paruarum,

126 853 168 920 de
197 853 328 934 quibus¹
358 853 512 920 medietas
543 854 585 918 sit
614 856 788 918 communis
821 861 855 917 et
885 852 949 917 alia
977 851 1133 918 medietas
1156 853 1373 937 accusatoris3

127 962 161 1022 et
184 959 281 1023 etiam
304 958 438 1038 quilibet
458 958 560 1038 possit
575 975 734 1022 accusare.
754 957 797 1020 Et
812 955 1014 1022 nihilominus
1030 955 1152 1021 denuo²
1169 957 1270 1022 dictus
1286 955 1373 1022 lubo-

127 1066 218 1126 rator
240 1061 273 1126 in
296 1055 484 1127 terminum⁸
506 1079 600 1141 quem
623 1061 683 1125 sibi
713 1059 859 1126 dominus
882 1077 986 1126 comes
1017 1061 1176 1126 statuerit.
1210 1060 1373 1140 pastinare

126 1163 290 1246 predictos
313 1163 412 1246 pedes
436 1163 593 1228 oliuarum
618 1169 765 1230 teneatur
788 1184 827 1230 eo
849 1165 953 1246 modo,
987 1182 1049 1245 qno
1072 1168 1103 1228 iu
1134 1169 1254 1228 statuto
1278 1181 1373 1244 supe·

126 1267 196 1333 rius
219 1274 269 1334 est
292 1287 487 1349 expressum.
511 1267 555 1332 Et
578 1268 841 1349 quandocumque
864 1268 937 1333 talis
962 1269 1072 1334 uinea*
1095 1287 1133 1334 ex
1156 1267 1281 1334 delecto
1304 1286 1367 1333 uon

52 1393 64 1414 ·
127 1377 216 1437 esset
239 1371 373 1436 ulterius
395 1371 597 1454 laboranda⁶‚
622 1371 679 1437 sed
695 1371 894 1454 eradicanda,
914 1371 1059 1438 domiuus
1074 1374 1193 1438 terreni
1211 1373 1256 1436 si⁶
1271 1373 1372 1452 pedes

127 1475 284 1540 oliuarum
308 1493 365 1556 pro
390 1494 426 1541 se
450 1475 569 1541 habere
592 1475 740 1552 uoluerit,
765 1475 938 1541 laboratori
960 1493 1019 1554 pro
1051 1476 1194 1556 quolibet
1215 1475 1298 1555 pede
1320 1493 1375 1542 sex

127 1578 239 1645 soldos
269 1597 440 1658 paruarum
470 1579 596 1644 soluere
625 1583 785 1644 teneatur.
822 1577 856 1643 Si
895 1585 1001 1644 autem
1033 1578 1171 1644 noluerit
1202 1578 1374 1657 dominus‘G

127 1682 293 1748 laborator
316 1700 483 1763 quousque
506 1682 676 1764 durabunt,
710 1701 781 1747 eam
810 1689 933 1764 partem
956 1683 1099 1764 accipere
1122 1683 1233 1764 possit,
1264 1679 1376 1764 quam⁸

131 1785 325 1852 durantibus
348 1787 491 1866 accipere
514 1787 688 1852 consueuit.

174 1889 219 1955 Et
242 1908 352 1957 omues
375 1889 507 1972 notadj⁰
522 1891 553 1955 in
571 1891 801 1968 instrumentis,
825 1890 1087 1972 quotiescumque
1103 1891 1143 1956 de
1159 1889 1376 1970 pastinacione

130 1992 335 2070 confecerint,
359 1993 562 2060 teneantur¹⁰
583 1995 710 2058 uinculo
734 1994 924 2060 sacramenti
947 1994 979 2058 in
1002 1995 1212 2060 instrumento
1234 1993 1376 2058 inserere

133 2101 168 2163 et
191 2097 237 2163 sic
252 2115 381 2178 ponere,
406 2098 492 2178 quod
505 2097 667 2163 laborator
683 2102 829 2163 teneatur
845 2099 1009 2178 pastinare
1025 2115 1080 2162 sex
1095 2097 1196 2179 pedes
1213 2097 1372 2162 olinerum

132 2217 193 2282 pro
216 2201 359 2282 quolibet
381 2205 514 2266 ureteno
538 2201 598 2266 sub
621 2217 706 2282 pena
726 2200 758 2264 in
775 2205 897 2266 statuto
913 2206 1072 2266 contenta.
1096 2201 1140 2265 Et
1155 2199 1300 2266 similiter
1316 2216 1374 2280 per

129 2303 192 2371 hoc
213 2321 348 2384 presens
372 2308 525 2369 statutum
547 2309 719 2370 teneantur
748 2304 945 2370 laboratores
977 2305 1139 2386 pastinare
1163 2304 1313 2370 oliuarios
1335 2307 1372 2368 nt

133 2427 240 2490 supra,
276 2413 308 2472 iu
339 2409 435 2474 terris
465 2407 634 2488 pastinatis
664 2407 723 2472 hoc
753 2426 836 2474 auno
867 2411 1009 2490 presenti
1039 2409 1213 2474 secuudum
1242 2407 1377 2473 formam

65 2547 71 2558 ·
131 2511 327 2594 predictam
358 2518 392 2576 et
422 2513 506 2592 quod
530 2510 676 2576 dominus
711 2529 827 2592 comes,
859 2513 913 2594 qui
943 2531 1002 2594 pro
1032 2519 1177 2593 tempore
1206 2511 1312 2590 fuerit,
1347 2513 1379 2575 iu

134 2613 291 2697 principio
315 2615 364 2681 sni
387 2615 550 2698 regiminis
572 2621 720 2680 teneatur
736 2635 756 2680 a
776 2615 931 2682 Kalendis
947 2617 1075 2697 angusti
1090 2633 1190 2696 usqne
1206 2615 1248 2680 ad
1262 2614 1380 2682 festum

135 2718 238 2784 sancti
261 2718 425 2786 Michaelis
447 2719 575 2785 mittere
598 2719 717 2785 socium
750 2738 843 2784 sunm
872 2738 942 2786 cum
967 2719 1091 2784 duobus
1113 2718 1272 2785 nobilibus
1295 2719 1380 2798 dicte

134 2821 286 2903 ciuitatis,
318 2822 473 2902 eligendis
497 2823 528 2886 in
551 2821 663 2888 maiori
687 2817 817 2887 consilio
840 2822 1125 2903 adinquirendum
1153 2841 1209 2900 per
1232 2840 1378 2900 campum

132 2924 257 3009 Spalati
280 2931 314 2992 et
336 2923 425 3007 Solte
449 2929 597 3008 expensis
618 2927 801 3002 communis,
825 2927 853 2992 si
869 2925 993 3008 olinarij
1011 2931 1086 2990 suut
1101 2925 1251 3005 pastinati
1267 2941 1384 2990 secun·

133 3031 210 3096 dnm
233 3030 366 3096 formam
392 3031 551 3111 presentis
574 3031 695 3098 statuti.
727 3029 771 3094 Et
801 3031 828 3094 si
859 3029 997 3111 aliquem
1019 3029 1198 3094 inuenerint
1221 3025 1382 3093 contrafe-

132 3133 218 3200 cisse
255 3140 366 3199 contre
397 3131 530 3198 formam
565 3133 660 3198 huius
693 3133 815 3212 statuti,
850 3137 1021 3198 teneantur
1055 3133 1149 3198 talem
1190 3129 1379 3195 denuntiare

133 3237 264 3303 uinculo
295 3239 484 3304 sacramenti
516 3237 641 3303 domino
666 3235 780 3314 comiti,
816 3237 1229 3303 condemnandum¹1iuxta
1250 3237 1378 3298 modum

134 3340 370 3422 supradictum:
402 3343 491 3406 cuius
523 3358 606 3421 pene
629 3340 783 3407 medietas
806 3343 848 3406 sit
870 3341 1026 3407 dictorum
1057 3341 1132 3422 socij
1165 3347 1198 3405 et
1230 3337 1380 3404 nobilium

133 3449 169 3508 et
192 3443 256 3508 alia
284 3445 437 3510 medietas
462 3443 652 3520 communis;
684 3449 717 3510 et
748 3442 948 3510 nihilominus
979 3442 1210 3509 contrafaciens
1241 3441 1282 3506 ad
1305 3459 1380 3524 pre·

136 3546 238 3612 sentis
261 3549 373 3612 statuti
396 3549 653 3615 obseruationem
674 3549 733 3612 sub
753 3565 835 3628 pene
850 3548 996 3628 predicta
1019 3546 1197 3612 omnimode
1223 3552 1380 3612 teneatur.

137 3651 254 3717 Omnia
269 3657 376 3717 cutem
407 3650 470 3716 alia
492 3657 620 3728 statuta,
645 3668 707 3732 qne
731 3651 846 3716 darent
868 3651 963 3715 aliurn
986 3650 1122 3728 modurn,
1147 3650 1211 3714 siut
1233 3667 1325 3714 cassa
1347 3643 1390 3714 et'

136 3753 314 3820 cancellata
339 3760 373 3820 et
393 3773 528 3836 presens
552 3759 708 3819 statutum
731 3756 857 3836 plenam
880 3754 1024 3821 obtineat
1045 3753 1237 3818 firmitatem.

186 3983 198 4020 ¹
220 3985 278 4062 Ap.
301 3987 430 4063 Ljub.:
459 3981 612 4061 „uiginti“.
694 3980 820 4044 ²ibid.
844 3987 873 4042 et
895 3984 972 4043 cod.
996 3982 1101 4044 acad.
1125 3981 1166 4040 B:
1193 3981 1248 4062 „de
1269 3981 1379 4042 uouo“,

143 4070 228 4149 ³Ap.
252 4072 390 4192 ngrbma
406 4071 580 4172 „termiuo“.
629 4067 774 4130 ‘iuius
800 4071 858 4151 „nt
880 4087 1051 4214 qssecnqqge
1073 4061 1205 4216 qiqeag..
1240 4064 1382 4212 ⁶ffil2id3:

140 4159 297 4306 alltc
318 4157 657 4326 gqtdfflltlll·
675 4156 1061 4320 cristiana·
1109 4170 1382 4321 attinet:

137 4332 244 4392 feeerit
265 4333 432 4392 teneatur“.
502 4327 639 4392 11(30(1.
663 4329 768 4390 acad.
792 4329 833 4388 B:
858 4328 1183 4408 „condempnandum“.
