3396 5402
353 439 395 508 98

354 647 418 726 ille,
441 645 494 728 qni
517 647 649 712 sentiret
672 665 706 714 se
729 652 912 729 grauatum,
944 643 1040 714 vellet
1062 643 1237 732 appellare,
1273 643 1334 712 hoc
1349 643 1462 736 'facere
1492 645 1595 729 possit

354 752 525 818 secuudum
559 751 693 817 formam
716 750 834 818 Statuti
864 753 904 818 de
934 753 1198 834 appellationibus
1227 772 1294 835 cap.
1328 751 1428 818 XXV.
1464 751 1596 817 Veteris

356 856 484 923 Statuti.
520 857 611 934 Quod
635 858 661 921 si
690 856 763 922 talis
798 858 956 924 sententia
990 860 1184 939 reperiretur
1217 877 1275 940 per
1309 857 1489 939 superiores
1522 873 1595 921 esse

353 962 436 1028 male
467 961 657 1028 sententiata
680 967 712 1026 et
733 963 816 1027 bene
848 962 1023 1044 appellata,
1058 963 1199 1044 regimen
1229 982 1285 1028 seu
1316 981 1390 1044 pars
1420 960 1594 1044 regiminis,

355 1068 382 1133 si
405 1066 488 1134 foret
509 1069 575 1132 lata
597 1087 656 1148 per
678 1068 828 1133 maiorem
847 1074 982 1152 partem,
1006 1068 1199 1150 succumbat,
1224 1076 1258 1132 et
1273 1068 1378 1132 soluat
1393 1085 1486 1132 omne
1501 1066 1591 1130 dum-

356 1192 431 1238 num
453 1178 486 1238 et
507 1191 670 1254 expensas,
695 1178 728 1237 ct
749 1173 916 1250 interesse,
940 1173 1023 1252 quod
1040 1177 1072 1238 et
1088 1191 1166 1253 quas
1182 1174 1358 1238 incurreret
1372 1171 1427 1235 illa
1441 1188 1589 1252 persona,

354 1283 580 1358 contraquam
605 1281 692 1341 esset
714 1276 779 1341 lata
801 1276 875 1342 talis
909 1271 1027 1342 iniusta
1060 1276 1227 1360 sententia,
1260 1275 1442 1341 immediate
1467 1280 1501 1339 et
1523 1275 1591 1339 siue

354 1381 521 1460 dilatione,
556 1382 788 1447 nonobstante
821 1382 928 1462 aliqua
962 1381 1202 1460 reformatione,
1238 1400 1319 1462 quae
1342 1381 1374 1444 in
1397 1381 1591 1446 contrarium

354 1487 555 1570 reperiretur.
581 1485 678 1551 Saluo
701 1492 810 1552 tamen
830 1485 956 1552 Statuto
980 1487 1019 1551 de
1047 1486 1236 1568 pastoribus,
1260 1487 1344 1568 quod
1359 1503 1422 1550 non
1436 1487 1589 1568 tangitur.

357 1591 390 1658 Si
414 1611 489 1657 vero
513 1591 587 1656 talis
611 1591 762 1673 appelans
780 1591 907 1658 caderet
927 1593 969 1668 ¹de
992 1592 1060 1656 iure
1076 1610 1144 1671 suo,
1168 1591 1273 1656 soluat
1290 1591 1454 1656 Communi
1471 1590 1590 1654 solidos

354 1697 431 1763 duos
454 1717 511 1778 pro
545 1697 688 1778 quolibet
719 1715 871 1778 yperpero
895 1703 928 1762 et
949 1697 1054 1762 soluat
1076 1697 1175 1778 parti,
1211 1702 1321 1762 contra
1351 1715 1444 1778 quam
1467 1703 1589 1778 ageret,

355 1821 463 1870 omnes
487 1821 649 1884 expensas.
684 1801 727 1865 Et
750 1820 872 1883 semper
895 1803 1057 1884 appellans
1090 1809 1238 1868 teneatur
1261 1803 1337 1868 dare
1359 1802 1474 1882 pignus
1505 1819 1589 1864 cam-

354 1907 488 1972 merario
509 1905 689 1972 Communis
711 1913 775 1971 tam
798 1925 856 1989 pro
873 1907 1027 1989 expensis,
1052 1926 1145 1988 quam
1161 1925 1218 1988 pro
1245 1906 1416 1988 capisoldo,
1441 1906 1590 1970 estimato

354 2012 461 2077 valore
495 2011 703 2093 quaestionis,
738 2017 771 2077 et
801 2011 861 2077 hoc
891 2018 1059 2092 antequam
1093 2011 1229 2092 accipiat
1257 2012 1429 2092 scripturas
1452 2009 1492 2076 de
1515 2027 1589 2074 can-

354 2115 490 2182 cellaria.

531 2315 598 2358 oAP.
622 2313 731 2360 dxvm.
755 2311 951 2358 tumultuum
973 2317 1037 2359 NON
1059 2315 1243 2359 vnumnmum
1266 2291 1410 2358 summam¹

397 2429 476 2498 Item
499 2430 586 2496 vadit
607 2449 690 2513 pars,
715 2451 756 2496 au
778 2432 880 2514 possit
902 2432 1013 2498 sedere
1036 2432 1078 2498 ad
1099 2431 1244 2497 iuditium
1271 2430 1383 2515 index,
1418 2429 1472 2512 qui
1492 2428 1592 2494 fuerit

353 2541 508 2618 cognatus
530 2553 588 2616 per
609 2537 742 2617 primam
777 2537 1059 2622 consanqnineam‚
1095 2536 1145 2602 vel
1179 2556 1260 2616 uon,
1295 2541 1327 2600 et
1357 2534 1502 2600 similiter
1536 2533 1590 2614 qui

358 2641 455 2706 fuerit
477 2645 646 2722 cognatus,
681 2640 830 2706 videlicet
853 2641 905 2722 qui
929 2641 1061 2707 haberet
1083 2661 1140 2723 pro
1162 2659 1258 2706 uxore
1292 2657 1432 2706 sororem
1455 2645 1488 2703 et
1510 2636 1591 2702 alius

355 2751 507 2826 cognatus
529 2744 624 2810 aliam
647 2762 804 2823 sororem,
839 2746 889 2810 vel
912 2763 983 2810 non.
1019 2745 1154 2828 Captum
1178 2765 1236 2827 per
1258 2745 1395 2810 ballotas
1417 2742 1493 2824 lxiij.
1518 2758 1591 2806 con-

354 2851 472 2916 trariae
496 2850 547 2932 vij,
571 2850 655 2931 quod
678 2868 739 2914 uon
762 2851 863 2932 possit
884 2869 943 2916 nec
966 2851 1080 2916 valeat.

354 3063 421 3108 orn.
445 3065 529 3108 cmx.
563 3065 606 3106 un
627 3064 691 3106 nors
713 3063 900 3107 LABORANDO
935 3065 1097 3122 Paeonum,
1132 3067 1192 3110 nso
1222 3065 1405 3109 anemurum
1432 3064 1588 3108 rtemann

741 3169 844 3212 vunan
866 3171 986 3213 nunnus
1008 3147 1201 3214 sraeuuum.⁹

397 3269 478 3333 Item
500 3268 533 3333 in
555 3267 667 3334 eodem
697 3268 825 3334 consilio
858 3271 961 3352 posita
984 3269 1044 3334 fuit
1066 3290 1156 3352 pars,
1192 3271 1276 3352 quod
1311 3269 1416 3351 aliqua
1449 3287 1586 3350 persona

354 3373 458 3455 aliquo
482 3372 624 3454 quaesito
648 3375 753 3438 colore
777 3392 839 3440 uon
859 3376 962 3456 possit
984 3375 1131 3440 laborare
1153 3375 1312 3458 pegulam,
1336 3393 1395 3439 nec
1410 3374 1589 3455 pachlinam

354 3477 459 3544 facere
483 3478 588 3560 aliquo
623 3483 765 3560 tempore
788 3480 877 3558 anni,
912 3480 971 3544 nisi
995 3499 1014 3544 a
1036 3480 1139 3545 medio
1169 3497 1278 3545 mense
1300 3479 1391 3564 Julij,
1427 3479 1590 3562 usquead

353 3583 491 3648 medium
526 3601 664 3648 mensem
698 3581 833 3663 Augusti
868 3589 900 3648 et
931 3601 1148 3666 quaecumque
1181 3602 1318 3666 persona
1350 3583 1588 3664 contrafacerat,

354 3687 450 3752 cadat
472 3687 513 3754 ad
545 3706 678 3769 poenam
712 3706 938 3770 yperperorum
959 3708 1048 3768 mru,
1084 3689 1341 3771 applicandorum
1374 3709 1432 3772 pro
1468 3690 1589 3755 duabus

355 3793 498 3874 partibus
521 3791 684 3857 Communi
707 3798 741 3856 et
767 3793 863 3858 tertia
897 3795 1073 3859 accusatori
1097 3801 1130 3860 et
1152 3795 1253 3877 possit
1275 3793 1408 3876 quilibet
1440 3812 1590 3860 accusare

354 3902 387 3962 et
409 3897 530 3962 habere
564 3897 689 3962 tertiam
726 3903 848 3978 partem
877 3898 990 3978 banni,
1026 3904 1157 3980 excepto
1191 3905 1297 3965 tamen
1320 3919 1402 3965 anuo
1426 3900 1590 3981 praesenti

355 4019 453 4083 usque
478 4002 519 4066 ad
541 4001 689 4067 Sanctam
710 4001 842 4067 Mariam
860 4003 899 4068 de
915 4003 1018 4068 medio
1034 4003 1179 4086 Augusti.
1203 4005 1246 4069 Et
1262 4005 1403 4085 quilibet,
1429 4005 1484 4086 qui
1500 4003 1592 4068 daret

353 4105 387 4170 in
410 4106 556 4188 pegulam
580 4105 776 4186 facientibus
812 4126 874 4172 non
898 4111 998 4188 possit
1020 4109 1127 4191 aliquo
1150 4111 1293 4191 quaesito
1316 4109 1421 4174 colore
1444 4110 1591 4191 accipere

354 4229 411 4275 suo
434 4210 584 4288 debitori,
619 4211 646 4274 si
669 4230 730 4276 nou
753 4212 949 4292 attenderet,
984 4215 1068 4279 vltra
1090 4217 1218 4280 tertium
1253 4213 1420 4279 denarium
1444 4214 1485 4280 de
1507 4215 1590 4296 plus,

353 4308 453 4395 quam‘
470 4315 593 4381 dederit
615 4333 673 4380 nec
701 4316 839 4398 regimen
870 4319 1095 4399 constringere.
1132 4319 1270 4400 Captum
1293 4325 1326 4384 ct
1348 4317 1509 4384 firmatum
1532 4318 1593 4384 fuit

352 4437 410 4499 per
432 4419 567 4484 ballotas
590 4419 662 4502 xlvj.
687 4419 871 4486 Contrariae
893 4421 1022 4487 fuerunt
1044 4428 1175 4504 septem.

401 4559 412 4594 ¹
428 4563 567 4622 Disertius
582 4565 702 4624 iteratur
717 4567 896 4638 praecaptum
912 4566 999 4641 hujus
1015 4567 1220 4627 reformationis
1236 4569 1264 4628 in
1284 4586 1361 4642 cap.
1381 4567 1512 4629 exunt.
1531 4569 1592 4628 Re·

353 4647 457 4708 form.
475 4651 594 4710 inferius
609 4653 747 4725 sequenti.

400 4731 412 4768 ²
428 4736 470 4798 Cf.
488 4755 562 4813 cap.
580 4739 702 4801 CXLVI.
719 4741 874 4802 statuti.
