3416 5350
307 499 367 560 100

297 709 331 768 et
354 701 497 784 obligare
520 701 626 766 dotem
649 718 739 765 suam
763 705 797 765 et
819 698 882 764 alia
903 698 987 764 bona
1002 718 1077 778 suo,
1101 698 1251 766 uidelicet
1273 703 1407 780 propter
1429 713 1540 764 neees-

298 805 426 870 sitatem
448 803 541 870 lamis
573 823 629 886 pro
661 805 819 868 alimentis
850 803 916 868 suis
947 809 980 868 et
1002 803 1107 868 mariti
1130 808 1165 868 et
1186 801 1323 867 liliorum
1347 819 1490 876 suorum,
1516 801 1545 864 si

297 909 425 974 aliunde
449 927 512 974 non
533 913 666 989 possent
688 907 807 973 habere
831 907 990 974 alimenta.
1014 907 1095 972 Item
1118 907 1146 972 si
1168 907 1317 985 maritus,
1348 905 1402 969 uel
1424 903 1544 985 aliquis

298 1031 338 1077 ex
361 1010 435 1094 filijs
458 1012 533 1090 suis,
558 1011 610 1076 uel
633 1012 819 1092 nepotibus
853 1029 932 1092 quos
954 1009 1113 1076 haberent
1135 1029 1173 1075 ex
1195 1010 1279 1075 linea
1310 1007 1543 1075 descendente¹

297 1121 407 1183 essent
431 1117 464 1180 iu
487 1116 672 1197 captiuitate
694 1115 843 1193 hostium,
865 1121 942 1180 tuno
963 1099 1158 1181 redemtione
1180 1119 1214 1180 et
1235 1113 1424 1179 liberatione
1451 1112 1543 1193 ipso·

294 1239 365 1304 rum
388 1219 512 1300 possint
545 1219 676 1283 alienari
707 1225 741 1283 et
764 1218 897 1301 obligari
920 1219 1003 1284 bona
1026 1217 1210 1296 mulierum,
1245 1217 1272 1281 si
1302 1218 1453 1294 maritus,
1484 1215 1540 1280 uel

295 1323 415 1404 captiui
438 1340 502 1386 non
524 1321 679 1387 haberent
702 1322 818 1404 aliqua,
843 1323 882 1387 de
906 1322 1021 1401 quibus
1042 1327 1153 1402 posset
1167 1319 1238 1386 fieri
1253 1319 1410 1386 redemtio
1425 1318 1540 1384 talium

295 1427 504 1508 captiuorum.
535 1426 617 1490 Item
648 1425 675 1489 si
706 1426 838 1491 maritus
869 1424 937 1491 uel²
960 1425 1029 1491 eius
1059 1424 1132 1507 filij,
1166 1425 1217 1490 uel
1247 1424 1348 1505 aliqui
1376 1441 1416 1488 er
1451 1423 1539 1487 linea

294 1529 526 1596 descendente³
546 1530 647 1610 ipsius
668 1534 776 1594 essent
798 1530 830 1594 io
854 1547 1052 1610 quacumque
1075 1531 1171 1610 ouria,
1196 1529 1248 1594 uel
1268 1529 1302 1592 in
1317 1525 1539 1608 quocumque⁴

293 1631 363 1699 loro
385 1640 518 1714 propter
539 1631 727 1698 maleficium
751 1633 878 1713 aliquod
902 1633 1035 1715 detenti,
1070 1633 1186 1714 quibus
1206 1617 1386 1698 immineret
1409 1631 1539 1712 perieu-

294 1736 360 1802 lum
383 1754 537 1818 persono,
567 1737 621 1801 uel
650 1737 837 1818 perditionis
860 1737 992 1803 alieuius
1026 1738 1177 1815 membri;
1208 1743 1240 1802 et
1263 1742 1357 1818 peter
1377 1735 1431 1801 uel
1453 1752 1537 1799 suus

294 1838 426 1924 detenti,
457 1841 511 1905 uel
538 1839 607 1920 ipse
631 1840 781 1905 detentus
804 1859 866 1907 uon
886 1840 1021 1907 haberet
1049 1841 1156 1922 aliqua
1179 1841 1279 1918 bona,
1302 1839 1383 1920 que‘
1406 1843 1541 1921 possent

292 1943 430 2010 liberare
461 1950 496 2009 et
524 1944 680 2010 redimere
710 1944 829 2010 dietum
857 1947 1018 2025 captiuum
1051 1945 1092 2010 de
1122 1945 1309 2025 eapnuituoe
1340 1950 1373 2008 et
1396 1958 1539 2016 earcere,

292 2051 370 2112 tuno
391 2048 424 2112 in
448 2047 535 2112 dieto
555 2065 630 2112 oasu
654 2049 776 2128 possint
799 2049 932 2114 alienari
955 2028 997 2114 et·
1011 2049 1146 2132 obligari
1168 2049 1251 2114 bona
1266 2047 1416 2112 mulieris.
1441 2044 1523 2110 Simi

292 2152 367 2216 liter
389 2151 416 2216 si
439 2150 546 2232 aliqua
568 2151 683 2217 mulier
705 2151 841 2218 heberet
862 2150 944 2218 filias
966 2152 1111 2232 feminas,
1143 2169 1206 2234 que
1229 2170 1292 2217 non
1315 2155 1447 2231 possent
1470 2167 1540 2212 ma-

293 2253 385 2319 ritari
408 2273 427 2318 a
450 2260 550 2335 patre,
577 2272 648 2330 auo,
673 2255 725 2320 uel
747 2256 788 2320 ab
812 2255 882 2337 aliJs
905 2257 971 2322 suis
993 2255 1247 2332 ascendentibus,
1282 2254 1322 2318 ad
1350 2270 1429 2334 quos
1465 2270 1540 2333 per·

291 2357 428 2422 tineret⁶
464 2357 551 2436 ipsas
584 2357 706 2438 puellas
744 2361 894 2424 maritare
931 2365 965 2425 et
1001 2365 1132 2440 propter
1164 2375 1273 2424 eorum
1306 2363 1536 2438 paupertatem

291 2460 379 2542 ipsas
413 2461 565 2524 maritare
599 2466 633 2525 et
667 2461 777 2526 dotare
813 2480 875 2528 non
906 2469 1052 2544 possent,
1090 2467 1167 2526 tuno
1203 2461 1236 2524 in
1272 2459 1417 2540 predicto
1457 2475 1539 2522 casu

291 2563 410 2628 licitum
441 2565 483 2628 sit
512 2564 653 2644 mulieri,
688 2565 830 2647 obligare
854 2571 887 2630 et
911 2565 1051 2631 alienare
1079 2565 1119 2632 de
1145 2564 1236 2629 bonis
1268 2565 1344 2628 suis.
1383 2561 1540 2627 Similiter

291 2667 407 2752 etiam,
438 2667 465 2733 si
497 2669 631 2734 maritus
661 2669 759 2734 uellet
788 2667 928 2734 alienare
959 2669 999 2734 de
1028 2669 1120 2735 bonis
1143 2667 1310 2733 stabilibus
1332 2667 1441 2731 uxoris
1465 2683 1537 2743 sue,

291 2771 376 2851 quod
399 2773 495 2837 liceat
518 2779 582 2836 tam
606 2771 738 2856 marito,
770 2790 865 2854 quam
888 2773 994 2850 uxori,
1027 2779 1092 2838 tarn
1124 2772 1206 2838 inter
1235 2789 1287 2848 se,
1319 2787 1413 2850 quam
1437 2769 1537 2834 etiam

289 2875 375 2940 iuter
397 2875 477 2941 alios
500 2876 777 2956 permutationem,
801 2877 1034 2952 alienationem,
1059 2877 1111 2942 uel
1135 2875 1349 2941 concambium
1372 2873 1479 2938 lesere
1494 2873 1538 2937 de

289 2977 381 3044 bonis
413 2997 522 3045 eorum
554 2986 588 3044 et
618 2979 789 3062 cuiusque⁷
811 2981 963 3062 ipsorum,
995 2997 1057 3060 que
1080 2979 1201 3046 habent
1223 2987 1257 3044 et
1279 2977 1445 3060 possident
1468 2983 1538 3040 tam

288 3082 374 3148 intra
396 3083 590 3149 territorium
611 3085 750 3149 ciuitatis
774 3083 906 3169 Spalati,
938 3103 1032 3166 quam
1057 3091 1155 3160 extra,
1189 3082 1359 3148 dummodo
1381 3079 1533 3162 predicta

288 3187 403 3253 oedaut
425 3188 465 3253 ad
489 3189 688 3254 commodum
711 3189 864 3267 mulieris,
890 3190 943 3255 uel
966 3189 1136 3254 dummodo
1160 3189 1228 3269 ipse
1251 3187 1384 3250 maritus
1402 3185 1458 3249 det
1473 3184 1537 3265 ipsi

287 3309 346 3371 sue
370 3292 460 3380 uxori
483 3291 516 3355 in
539 3293 758 3358 concambium
782 3293 941 3358 dictarum
965 3312 1071 3358 rerum
1094 3293 1200 3358 uxoris
1223 3298 1345 3355 tantum
1369 3290 1409 3355 de
1439 3289 1537 3353 bonis

287 3395 354 3462 suis
380 3395 560 3474 stabilibus,
586 3401 741 3478 quantum
764 3397 834 3480 ipse
858 3398 991 3464 maritus
1015 3415 1090 3462 uere
1109 3397 1215 3475 habet,
1238 3400 1327 3460 tenet
1342 3399 1376 3458 et
1389 3393 1539 3474 possidet

287 3500 321 3565 in
355 3501 496 3587 eiuitete,
530 3501 583 3566 uel
607 3501 753 3568 districtu
787 3503 926 3584 Spoleti,
961 3502 1045 3584 quod
1075 3503 1157 3568 bene
1186 3499 1294 3565 ualeat
1328 3505 1362 3564 et
1393 3495 1536 3562 sufficiat

286 3611 411 3670 tantum
441 3611 474 3672 et
504 3606 586 3692 plus,
621 3624 716 3688 quarn
739 3607 850 3672 ualent
871 3609 956 3672 bona
979 3607 1062 3685 dicte
1087 3605 1238 3688 mulieris,
1262 3621 1324 3685 que
1348 3602 1533 3667 alienantur

286 3711 454 3778 amarito.

330 3814 373 3879 Et
393 3815 453 3880 hoo
475 3814 532 3881 fiat
554 3816 659 3898 pure⁸,
683 3817 782 3883 libere
805 3822 837 3882 et
860 3815 1016 3900 expedite,
1040 3816 1093 3880 uel
1109 3813 1264 3892 absolute,
1289 3819 1326 3879 ut
1340 3813 1427 3878 nulla
1440 3811 1532 3878 fraus

288 3924 321 3984 et
352 3919 498 4002 deceptio
530 3928 641 4002 posset
670 3920 740 3986 riori
763 3921 903 4005 mulieri,
937 3921 1011 3984 dum
1042 3919 1166 3985 tameu⁹
1195 3921 1267 4001 ipsa
1296 3919 1449 4000 obligatio
1476 3917 1531 3984 uel

288 4021 437 4090 alienatio
460 4026 615 4090 bonorum
647 4025 788 4090 mulieris
822 4026 854 4089 in
878 4026 1023 4090 omnibus
1046 4032 1079 4089 et
1106 4025 1238 4105 singulis
1269 4023 1394 4090 essibus
1416 4040 1532 4102 supra·

288 4129 390 4210 dietis,
414 4129 446 4193 in
470 4132 584 4211 quibus
608 4131 667 4196 sibi
691 4131 886 4212 permittitur
909 4129 1052 4211 obligare
1076 4135 1109 4194 et
1132 4129 1274 4194 alienare
1297 4127 1381 4192 bona
1395 4145 1455 4192 sua
1471 4145 1532 4207 per

287 4251 422 4315 presens
438 4240 600 4314 statutum,
619 4233 676 4300 fiat
694 4253 764 4299 oum
782 4252 938 4300 consensu
956 4240 990 4300 et
1005 4233 1194 4298 auctoritate
1210 4233 1380 4314 potestatis
1394 4229 1532 4312 Spalati,

287 4367 492 4377 -—-—--—-—-—·

335 4427 453 4490 1(30(1.
478 4431 582 4491 asad.
606 4431 630 4488 B
654 4435 683 4489 et
705 4447 754 4504 ap.
785 4430 810 4487 L
819 4428 923 4504 jula:
951 4426 1211 4510 „descenderunt
1282 4421 1374 4504 lup.
1398 4425 1532 4501 Ljub.:

292 4519 372 4598 „et“.
457 4513 468 4550 ³
500 4517 576 4576 Vide
609 4517 676 4576 adn.
715 4517 747 4593 1)
828 4511 839 4546 ⁴
879 4514 926 4590 ,in
965 4507 1168 4588 quocumque“
1209 4512 1292 4572 deest
1327 4530 1377 4587 ap.
1415 4512 1532 4588 Ljub.

251 4607 258 4618 '
290 4599 303 4636 ⁶
334 4601 421 4663 uod.
453 4603 559 4662 acad.
590 4603 667 4682 Bet
695 4621 743 4678 ap.
774 4600 898 4676 ujus:
933 4605 1071 4676 ,propter
1094 4593 1183 4679 que“.
1266 4597 1277 4632 ⁶
1305 4599 1364 4674 Ap.
1398 4599 1533 4675 Ljub.:

252 4763 255 4770 ,
287 4687 463 4764 ,pertinet“.
523 4687 667 4749 libid:
694 4685 953 4766 „cujuscumque“.
1015 4684 1136 4746 ⁸ibid.
1158 4685 1320 4764 ,precise“.
1382 4681 1535 4748 ⁹ibiu.:

289 4775 378 4852 „dum
401 4773 520 4834 modo“.
