3398 5354
777 697 844 741 on.
867 697 930 740 mv.
952 697 995 739 DE
1015 695 1132 740 EODEM.

379 813 461 880 Item
482 817 637 879 statutum
658 818 692 878 et
714 811 893 878 ordinatum
914 816 973 892 est,
1000 811 1084 893 quod
1108 811 1136 876 si
1157 809 1272 892 aliquis
1294 809 1480 876 merinsrins
1505 810 1568 876 do

337 917 405 984 lose
428 923 461 984 et
482 917 567 983 melo
590 917 683 983 modo
706 915 870 982 damnum1
892 915 1019 982 dederit
1039 915 1072 979 in
1094 915 1200 996 aliquo
1228 915 1269 980 de
1289 915 1411 982 coredis
1433 915 1567 981 alicuius

336 1021 442 1103 lembi,
472 1021 591 1088 motum
621 1019 785 1087 damnum¹
806 1020 840 1085 in
870 1019 1000 1114 duplum
1030 1025 1164 1103 petrono
1186 1019 1284 1086 lembi
1306 1018 1489 1087 satisfacere
1515 1025 1567 1086 te

336 1133 460 1196 noetur.

778 1305 846 1350 ΟΔΡ.
868 1305 919 1347 ΙΝ.
942 1305 985 1347 ml
1006 1304 1123 1348 EODEM.

379 1422 462 1489 Item
483 1426 637 1490 statutum
658 1427 692 1488 et
714 1421 892 1487 ordinatum
913 1426 973 1502 est,
1005 1422 1090 1503 quod
1120 1419 1147 1486 si
1168 1420 1329 1502 mariusrij
1353 1421 1568 1502 promiserunt

337 1526 384 1594 ire
411 1527 445 1592 in
475 1526 581 1609 aliquo
610 1526 715 1608 uiogio
745 1545 846 1608 usque
875 1525 918 1591 sd
940 1531 1061 1592 certum
1084 1525 1187 1591 locum
1220 1525 1253 1589 in
1280 1523 1386 1605 aliquo
1406 1525 1509 1591 lembo
1531 1531 1571 1590 et

335 1635 467 1714 propter
488 1630 647 1697 fortunam
669 1649 725 1698 seu
748 1634 973 1712 tempestatem
995 1630 1091 1695 moris
1112 1636 1169 1695 eut
1183 1635 1313 1711 propter
1329 1631 1473 1694 timorem
1493 1648 1570 1694 our-
1694 1691 1695 1700 ,

337 1736 493 1802 seriorum
521 1741 555 1802 et
583 1735 738 1802 melorum
766 1733 927 1801 hominum
956 1734 1074 1800 dictum
1096 1733 1235 1801 lembum
1257 1738 1394 1800 mutaret
1415 1733 1570 1817 ungium,

337 1840 424 1924 quod
445 1839 603 1922 morinorij
627 1839 713 1906 nullo
735 1838 829 1906 modo
849 1838 986 1905 debeant
1000 1837 1138 1905 lembum
1153 1837 1382 1920 derelinquere,
1405 1837 1463 1904 sed
1477 1842 1572 1903 tene·

282 1945 286 1958 '
337 1951 410 2012 abu
439 1950 592 2028 petronus
622 1943 805 2011 satisfecere
836 1943 1015 2024 marinariJs
1045 1943 1085 2010 de
1114 1942 1259 2009 mercede
1288 1959 1347 2024 pro
1376 1947 1447 2007 rste
1475 1946 1572 2023 purte

336 2051 491 2132 temporis
514 2049 566 2116 uel
588 2049 659 2128 loci,
682 2049 767 2130 quod
788 2049 822 2113 in
843 2048 944 2131 primo
964 2047 1068 2132 uiagio
1083 2045 1189 2113 fecere
1204 2047 1382 2114 debuerant
1395 2046 1573 2112 secundnm

231 2140 235 2146 ¹
336 2153 535 2222 concordiem
557 2153 658 2237 primo
680 2151 797 2219 factem
817 2153 902 2220 inter
917 2141 996 2238 'eos3
1020 2153 1098 2219 alies
1120 2151 1281 2234 merinerij
1298 2153 1339 2218 de
1361 2169 1472 2218 eorum
1486 2168 1574 2218 mer-

337 2259 414 2326 cede
435 2257 514 2324 nihil
536 2263 647 2342 petere
670 2257 801 2341 possint.

777 2504 845 2552 on.
867 2505 930 2548 ῙΝῙ.
953 2505 996 2548 DE
1017 2503 1133 2548 EODEM·

379 2623 461 2690 Item
485 2626 638 2690 statutum
662 2627 696 2689 et
717 2621 895 2690 ordinatum
910 2627 970 2707 est,
993 2621 1078 2703 quod
1100 2621 1127 2687 si
1142 2619 1272 2702 aliquod
1286 2619 1423 2687 lembum
1437 2625 1575 2702 propter

335 2725 494 2806 fortunam
530 2727 627 2794 moris
664 2728 789 2794 uenerit
824 2727 866 2792 ed
905 2732 1032 2808 terrem,
1070 2725 1123 2792 uel
1161 2724 1259 2792 luerit
1295 2727 1501 2792 deuostetum
1536 2729 1573 2791 et

338 2836 489 2914 petronus
526 2832 665 2898 uoluerit
703 2833 782 2899 illud
817 2831 954 2898 lembum
988 2849 1138 2914 reperere
1169 2831 1222 2896 uel
1253 2847 1451 2912 recuperare,
1486 2829 1575 2912 qnod

339 2937 499 3022 morinerij
521 2937 608 3005 nullo
631 2937 725 3005 modo
748 2937 885 3004 debeant
907 2937 985 3002 illud
1006 2935 1161 3003 lembum⁸
1182 2935 1370 3018 relinquere,
1401 2951 1573 3018 quousque

340 3041 478 3108 lembum
500 3041 599 3109 fuerit
619 3047 803 3126 reparatum
827 3046 859 3108 et
881 3041 1066 3124 perductum
1089 3042 1131 3107 sd
1145 3041 1248 3107 locum
1266 3040 1468 3124 destinatum,
1493 3038 1576 3107 alies

335 3145 497 3228 morinorij
520 3145 656 3230 perdent
676 3146 855 3213 mercedem
877 3145 1003 3212 eorum⁴
1024 3151 1058 3212 et
1087 3145 1220 3226 quilibet
1241 3163 1350 3212 eorum
1371 3144 1406 3208 in
1428 3143 1572 3226 quinque

334 3249 424 3317 libris
447 3250 560 3317 dandis
583 3257 617 3318 et
638 3251 798 3319 soluendis
820 3251 975 3317 communi
998 3248 1121 3332 Spoleti
1143 3250 1259 3316 debeat
1281 3247 1510 3316 condemnarit

767 3498 834 3544 (5ss.
856 3499 933 3543 mvn.
954 3501 996 3542 ml
1017 3499 1134 3543 EODEM·

377 3613 461 3682 Item
479 3619 634 3682 statutum
656 3623 690 3685 et
709 3617 892 3684 ordinatum
916 3621 976 3692 est,
1006 3616 1092 3698 quod
1114 3616 1143 3682 si
1164 3615 1277 3703 uliquis
1300 3613 1489 3680 merinsrius
1510 3612 1571 3679 nli·

335 3718 412 3800 quid
434 3717 557 3787 furatus
579 3721 675 3788 fuerit
697 3723 737 3790 de
766 3721 862 3788 rebus
885 3721 1094 3788 existentibus
1124 3721 1157 3785 in
1179 3720 1284 3802 eliquo
1306 3719 1420 3796 lembo,
1451 3718 1483 3784 in
1506 3735 1572 3800 quo

336 3823 407 3906 ipse
422 3822 518 3891 luerit
531 3826 728 3904 marinarios,
752 3827 837 3908 quod
851 3826 1094 3892 condemnetur-⁶
1108 3826 1149 3891 sd
1163 3825 1398 3890 restitutionem
1414 3827 1448 3890 et
1461 3841 1570 3890 emen-

338 3927 502 3994 dationem
516 3931 562 3996 rei
577 3931 609 3996 in
625 3931 868 4015 quadrumplum
883 3931 922 4010 ei,
947 3931 1034 3997 cuius
1049 3929 1145 3996 luerit
1160 3948 1213 3996 res
1228 3930 1392 3996 subtracto
1406 3933 1440 3994 et
1456 3925 1570 3994 nihilo-

335 4032 438 4098 minus
461 4032 501 4099 de
523 4032 608 4100 furto
631 4037 734 4116 possit
756 4035 884 4118 procedi
908 4035 1111 4102 criminaliter
1126 4039 1237 4101 contro
1251 4051 1324 4102 eum
1338 4051 1398 4116 per
1411 4037 1569 4100 rectorem

212 4131 217 4144 ‘
241 4190 244 4200 .
337 4137 476 4203 ciuitatis
501 4137 622 4220 Spoleti
644 4141 816 4207 secundum
838 4158 938 4223 penos
960 4145 1125 4207 contentos
1146 4140 1179 4205 in
1201 4137 1330 4206 statutis
1354 4138 1395 4204 de
1417 4135 1519 4202 furtis.

384 4365 395 4401 ¹
418 4367 505 4432 (lod.
528 4371 633 4430 acad.
656 4370 709 4431 B.:
734 4369 942 4454 „dompnum“.
1012 4367 1025 4402 ²
1046 4367 1233 4431 ibidem.
1305 4363 1452 4427 ⁸Verba:
1477 4365 1569 4440 „illud

337 4455 464 4516 lembum
481 4491 522 4501 —
538 4459 682 4518 lembum“
701 4457 807 4518 desunt
821 4475 869 4534 op.
887 4458 912 4516 L
917 4457 995 4536 jub,
1066 4453 1078 4490 ⁴
1099 4456 1210 4517 ibid:
1235 4455 1439 4538 ⁵,medietatem
1453 4447 1570 4514 snsm‘.

340 4539 462 4604 ⁶(lod.
486 4545 592 4606 acad.
616 4545 657 4606 B:
683 4539 939 4623 „condempneri“.
1010 4541 1153 4605 libid:
1179 4540 1453 4626 „condempnetur“.
