3376 5392
551 672 639 714 xxxr.
663 673 785 716 nncusuo
807 673 931 718 courum

253 749 286 805 de
305 749 437 804 electione
457 750 572 806 iudicum
590 757 619 806 et
636 750 669 807 de
688 753 875 818 attinentibus,
895 769 948 810 non
967 753 1119 812 volentibus
1138 755 1239 811 sedere.

163 905 386 992 Mocrclcaeor'o'j.
408 909 575 975 inditicone
596 913 639 995 ej.
664 911 715 976 dio
736 911 822 996 xoip'.
850 909 996 978 Octobris.

158 1064 348 1150 Magnificus
372 1074 406 1134 et
427 1085 602 1151 generosus
624 1067 768 1136 dominus
791 1067 940 1138 Nicolaus
956 1069 996 1137 de
1011 1069 1107 1150 Mula,
1132 1089 1190 1152 pro
1211 1071 1360 1140 illustris·

112 1171 197 1238 simo
220 1171 323 1238 ducali
345 1173 481 1241 dominio
505 1171 707 1242 venetiarum
742 1179 801 1242 ete.
832 1174 1034 1257 dignissimus
1063 1193 1166 1242 eomes
1196 1175 1359 1258 Carsulae

114 1277 234 1344 sedens
260 1295 330 1343 cum
360 1279 426 1346 suis
452 1277 606 1345 indicibus
636 1296 732 1361 super
762 1279 829 1346 sala
859 1279 968 1364 palatlj
992 1282 1024 1344 in
1054 1281 1185 1348 consilio
1207 1299 1264 1364 pro
1296 1285 1360 1350 eui·

112 1381 223 1448 tendis
244 1381 535 1450 inconuenientibus
559 1387 591 1450 et
613 1382 778 1464 scandalis,
802 1401 882 1464 quae
898 1385 987 1464 quasi
1010 1385 1094 1450 ornni
1111 1385 1241 1452 consilio
1254 1387 1360 1452 oriun-

114 1491 173 1553 tur
205 1493 237 1553 et
270 1489 303 1553 in
337 1487 477 1554 futurum
511 1488 586 1553 oriri
619 1495 752 1570 possunt
792 1489 832 1556 ob
872 1489 1137 1556 inobseruantiam
1173 1489 1277 1574 legum
1318 1493 1360 1559 ob

113 1592 241 1675 aliquas
263 1611 380 1676 preuas
403 1593 655 1672 consuetudines,
680 1593 790 1660 uolens
804 1593 846 1674 id,
870 1593 955 1676 quod
976 1594 1009 1658 in
1031 1595 1174 1660 inanibus
1206 1595 1356 1663 illustris-

115 1698 191 1764 simi
215 1704 249 1764 et
276 1697 526 1765 excellentissimi
554 1697 675 1763 ducalis
705 1697 833 1780 dominii
864 1699 964 1764 nostri
995 1697 1196 1764 venetiarum
1234 1701 1360 1780 iurauit,

116 1801 247 1886 quando
269 1801 329 1869 boc
350 1803 490 1886 regimen
519 1802 706 1885 acceptauit,
729 1803 909 1882 obseruare,
933 1821 991 1869 nec
1019 1821 1082 1870 non
1110 1805 1359 1874 commissionem

114 1927 211 1975 suam
244 1908 327 1974 circe
366 1908 550 1976 electionem
586 1908 723 1974 iudicum
753 1913 787 1976 et
821 1907 953 1974 aliormn
994 1908 1130 1974 omnium
1169 1907 1359 2004 officialium,

112 2015 270 2094 quantum
292 2013 458 2097 perleges
480 2011 574 2078 buius
597 2012 733 2080 ciuitatis
762 2013 959 2078 sanctissime
983 2013 1145 2094 prouisum
1167 2019 1218 2080 est
1247 2021 1280 2082 et
1309 2020 1356 2080 ta-

112 2133 191 2184 men
225 2115 266 2184 ob
299 2117 464 2184 nonnubas
494 2135 609 2199 prauas
643 2117 886 2184 consuetudines
915 2134 976 2184 non
1010 2115 1220 2184 obseruantur
1252 2125 1286 2185 et
1317 2119 1357 2186 ab

111 2219 179 2286 isto
201 2220 253 2288 die
273 2221 306 2286 in
329 2227 423 2288 antea
451 2223 552 2304 possit
573 2241 608 2290 se
634 2221 748 2304 aliquus
777 2239 935 2302 excusare,
959 2221 1060 2305 legem
1088 2221 1260 2304 ignorasse,
1284 2240 1357 2292 con·

112 2322 272 2392 firmando
302 2325 405 2408 legem
436 2325 476 2394 de
501 2326 708 2393 attinentibus
738 2345 800 2392 non
829 2325 1009 2393 ualentibus
1039 2325 1160 2406 sedere,
1193 2325 1356 2396 confirma·

113 2435 186 2496 tum
219 2439 269 2498 est
298 2437 331 2500 et
358 2433 542 2500 roboratum
575 2449 633 2514 per
667 2437 808 2499 nostrum
842 2431 1087 2498 illustrissimum
1118 2431 1229 2499 ducale
1259 2432 1357 2499 domi·

111 2535 212 2616 nium,
243 2537 447 2604 sententiauit
476 2543 509 2604 et
538 2536 757 2604 sententiando
788 2536 1018 2622 determinant,
1050 2537 1134 2618 quod
1166 2535 1205 2604 de
1236 2543 1352 2616 cetero,

112 2641 296 2724 incipiendo
325 2661 345 2708 a
372 2641 422 2708 rlie
452 2643 592 2725 presenti
622 2660 685 2710 non
719 2641 843 2725 possint
871 2659 1035 2708 remanere
1063 2641 1182 2710 iudices
1209 2642 1353 2722 maiores,

111 2745 262 2828 minores,
285 2765 343 2814 nec
361 2747 393 2812 in
415 2747 478 2814 ello
502 2747 613 2830 quouis
637 2745 741 2816 officio
764 2747 869 2814 dendo
893 2765 950 2830 per
972 2746 1058 2813 istud
1080 2747 1254 2829 spectabile
1284 2765 1355 2814 con·

114 2851 231 2932 silium,
253 2857 344 2935 pater
359 2870 430 2920 cum
445 2851 518 2934 filio,
542 2870 600 2920 neo
615 2851 714 2920 freter
735 2869 805 2918 cum
827 2849 935 2931 fratre,
959 2857 1110 2936 cognatus
1134 2869 1203 2918 cum
1220 2855 1355 2936 mgnoto

114 2975 155 3024 ex
169 2955 255 3023 linea
264 2957 446 3038 masculine,
463 2975 558 3040 quam
572 2955 752 3040 faeminina,
769 2955 1021 3038 consanguineus
1033 2973 1103 3022 cum
1115 2955 1356 3038 consanguineo,

114 3061 322 3129 consobrinus
344 3081 416 3130 cum
437 3063 624 3131 consobrino
648 3061 801 3144 usquein
823 3060 953 3128 lenium
976 3061 1109 3144 madum
1130 3060 1298 3140 inclusiue;
1322 3067 1355 3127 et

116 3166 144 3232 si
166 3167 222 3248 qui
243 3173 445 3236 remanerent
467 3172 500 3234 et
522 3165 554 3232 in
577 3167 706 3236 consilio
729 3165 821 3234 fieret
842 3165 1041 3244 conscientia,
1064 3165 1127 3250 ille,
1151 3165 1204 3246 qui
1224 3165 1357 3232 baberet

113 3271 223 3354 plures
245 3271 383 3338 ballotas
405 3276 438 3338 et
460 3277 565 3340 essent
595 3271 636 3338 ad
666 3269 842 3354 guardiam,
867 3275 1031 3338 remaneat
1060 3275 1094 3336 et
1123 3287 1286 3336 remensus
1308 3269 1354 3336 in·

115 3375 297 3458 telligatur3
320 3381 355 3444 et
376 3377 460 3458 quod
483 3376 588 3442 nullus
605 3375 801 3462 iutelbgatur
817 3375 1016 3458 remansisse,
1039 3375 1101 3441 nisi
1119 3374 1282 3442 transierit
1297 3393 1356 3458 per

111 3479 251 3547 ballotes
273 3479 411 3548 medium
434 3479 608 3548 consilium.

155 3585 383 3653 Praesentibus
405 3584 570 3670 magnifico
593 3585 719 3653 domino
747 3585 844 3654 Petro
866 3584 949 3652 Noni
967 3591 1001 3654 et
1028 3583 1194 3670 spectabili
1227 3583 1355 3650 domino

113 3689 227 3757 Marco
250 3689 380 3769 Quirino
402 3689 559 3774 magnifici
582 3690 699 3758 domini
721 3690 842 3774 Alojsij.

536 3978 638 4020 xxm.
661 3979 783 4023 uncusro
807 3977 930 4022 cernuus

112 4055 147 4114 da
166 4056 355 4113 laborantibus
373 4057 446 4113 circe
457 4056 564 4112 canalis
575 4057 722 4124 domorum,
741 4057 813 4128 quod
825 4057 1011 4126 unusqiusque
1023 4055 1113 4112 soluat
1125 4057 1193 4126 ipsis
1206 4055 1354 4112 mercedem

182 4159 234 4215 pro
252 4151 320 4210 rata,
339 4144 416 4200 iuxta
433 4159 585 4202 mensuram
603 4161 733 4215 passuum
751 4145 881 4214 cuiusque
899 4143 1002 4213 domus,
1021 4157 1091 4212 quae
1108 4149 1282 4213 expurgatur.

157 4285 380 4372 Mcocelcxuiij.

157 4427 345 4512 Magnificus
356 4433 389 4496 et
399 4447 572 4512 generosus
584 4428 728 4495 dominus
744 4427 893 4496 Nicoluus
906 4429 946 4495 de
956 4427 1053 4508 Mula,
1067 4447 1124 4511 pro
1137 4426 1353 4494 illustrissimo

114 4533 221 4601 ducali
243 4533 380 4600 dominio
396 4533 598 4600 Venetiarum
615 4538 674 4600 etc.
692 4533 895 4618 dignissimus
910 4551 1014 4600 comes
1031 4532 1187 4600 Gurzulee
1203 4551 1273 4598 cum
1288 4533 1354 4598 suis
1382 4579 1391 4606 .

115 4638 271 4706 iudicibus
283 4639 397 4706 sedens
419 4639 461 4706 ad
482 4639 644 4724 marinam,
668 4639 778 4705 audita
793 4638 1008 4706 controuersia
1029 4643 1175 4708 uertente
1189 4638 1272 4705 iuter
1291 4654 1353 4704 ser.

116 4743 275 4814 Marinum
298 4743 472 4827 Pepercicb
485 4763 525 4812 ex
547 4763 610 4810 una
631 4749 664 4812 et
679 4763 740 4812 ser.
764 4743 975 4825 Franciscum,
987 4763 1017 4828 q.
1034 4764 1094 4812 ser.
1110 4743 1258 4812 Joannini
1274 4743 1355 4810 Dra·
