3398 5354
256 431 318 494 214

255 637 338 716 dicte
367 633 505 700 ciuitatis
527 634 590 701 duo
613 633 688 700 boni
709 639 742 700 et
764 633 883 716 legales
913 631 1057 698 homines
1080 631 1121 696 ad
1144 631 1331 714 exigendum
1354 637 1387 695 et
1408 631 1488 698 mlli-

255 739 393 822 gendum
409 740 508 820 ipsam
525 738 692 821 donatiam,
715 737 874 821 gabellum
890 741 925 804 et
946 737 1026 802 alios
1049 737 1192 802 redditus
1215 735 1291 802 dicti
1314 736 1488 814 communis,

255 841 302 908 ita
324 842 410 924 quod
432 843 502 924 ipso
524 842 615 909 dacia
639 841 827 923 perueniant
848 841 881 906 in
904 858 1068 907 commune
1092 839 1224 922 Spoleti.

704 1088 771 1132 ΟΔΡ.
795 1087 850 1130 m.
873 1088 915 1131 ml
938 1089 1055 1130 nomm.

302 1205 385 1270 Item
407 1207 562 1269 statutum
585 1207 618 1268 et
641 1203 820 1269 ordinatum
843 1211 902 1286 est„
935 1203 1020 1284 qood
1043 1205 1307 1285 quandocumque
1335 1222 1494 1272 commune

261 1307 384 1390 Spalati
407 1307 589 1373 uendiderit
611 1307 705 1372 olicui
726 1325 866 1388 persone
889 1308 1028 1390 aliquam
1051 1308 1210 1374 donanam
1225 1308 1302 1374 dicti
1317 1309 1494 1392 communia,

260 1411 314 1478 uel
344 1410 427 1477 alios
459 1409 619 1476 reddituo¹
642 1411 814 1477 communis
845 1409 978 1496 spaloti,
1009 1411 1127 1477 debeat
1155 1411 1230 1476 inde
1251 1393 1496 1494 fieri‘publicum

261 1515 518 1600 instrumentum,
548 1517 582 1582 in
612 1533 675 1596 quo
705 1515 916 1581 instrumento
947 1514 1156 1590 contineatur,
1192 1522 1345 1598 quantum
1379 1520 1497 1597 emptor

266 1618 384 1686 debeat
405 1621 551 1702 accipere
573 1637 632 1702 pro
656 1619 791 1698 domna,
814 1618 869 1684 uel
885 1617 957 1700 olijs
981 1617 1158 1684 redditibus
1182 1619 1258 1684 dicti
1280 1621 1453 1685 communis
1467 1624 1498 1685 et

264 1723 381 1804 quibus
404 1725 548 1807 personis
572 1723 668 1790 etde
691 1723 805 1804 quibus
829 1723 934 1801 reboo,
958 1721 1090 1798 adhoc,
1115 1727 1151 1787 ut
1171 1721 1277 1788 nullus
1299 1724 1400 1805 possit
1421 1723 1498 1788 acci·

262 1845 339 1908 pere
369 1827 410 1893 ab
442 1827 550 1910 aliqua
583 1845 720 1910 persona
753 1825 835 1908 pluo,
868 1843 963 1908 quam
995 1826 1120 1892 soluere
1155 1825 1279 1905 debeat,
1314 1844 1374 1892 nec
1403 1827 1500 1908 possit

263 1929 425 2015 accipere²
448 1932 488 1997 ab
511 1931 586 2011 illis,
617 1931 672 2012 qni
695 1931 822 1996 soluere
852 1947 916 1996 non
946 1929 1109 1996 deberent.
1145 1929 1189 1994 Et
1211 1935 1335 2010 emptor
1367 1929 1499 2012 domne,

265 2035 319 2100 nel
349 2035 573 2116 cuiuscumque
603 2034 684 2115 dacij
715 2039 864 2099 teneatur
894 2034 970 2100 dare
1000 2035 1100 2099 bonos
1132 2030 1336 2098 fideiussores
1364 2033 1406 2099 de
1435 2033 1500 2115 ipso

264 2138 354 2205 dacio
377 2143 411 2204 et
433 2139 558 2204 douana
580 2138 736 2204 soluenda
755 2137 881 2219 precise
903 2137 935 2202 in
958 2137 1094 2202 teumino
1118 2138 1299 2204 constituto.

470 2383 538 2428 on.
563 2384 633 2425 xm.
656 2384 699 2427 DE
721 2384 795 2429 GIUE
817 2384 972 2428 udonem
993 2385 1144 2428 mmmm
1166 2383 1307 2426 nonnul.

310 2498 392 2566 Item
415 2503 572 2566 statutum
595 2506 630 2564 et
652 2499 832 2566 ordinatum
854 2505 913 2581 est,
945 2500 1031 2582 qnod
1054 2501 1244 2582 quicumque
1268 2501 1347 2567 ciuis
1370 2500 1506 2583 Spalati⁸

266 2603 396 2686 aliquod
426 2604 585 2686 occiperet
614 2603 756 2671 indebito
785 2603 837 2671 uel
867 2605 983 2671 iniuste
1005 2605 1045 2670 de
1069 2605 1160 2671 bonis
1191 2611 1225 2671 et
1246 2605 1344 2671 rebus
1374 2604 1506 2670 alicuius

266 2706 411 2788 solennis,
435 2707 487 2774 uel
510 2707 649 2790 aliquam
671 2707 828 2788 iniurium,
851 2709 904 2774 uel
919 2709 1106 2774 uiolenciam
1129 2707 1251 2775 faceret
1273 2709 1368 2776 alicui
1390 2707 1507 2775 forensi

268 2816 303 2876 et
325 2815 456 2893 propter
478 2809 580 2892 ipsam
602 2829 730 2877 causam
753 2810 887 2878 lorensis
917 2810 1036 2878 laceret
1059 2812 1187 2893 aliquod
1223 2813 1390 2878 domnum⁴
1412 2813 1505 2878 alicui

272 2913 335 2980 ciui
360 2913 534 2996 Spalatum,
567 2913 622 2979 ille
645 2914 723 2980 ciuis
747 2911 939 2998 Spoletium,
972 2915 1061 2980 cuius
1091 2916 1256 2981 occasione
1278 2914 1398 2981 dictum
1420 2916 1508 2980 dnm-

268 3019 361 3084 num⁶
383 3020 537 3098 euenerit
570 3023 673 3084 totum
704 3019 872 3084 damnum⁶
893 3018 1064 3086 emendare
1093 3024 1241 3084 teneatur
1270 3017 1317 3082 illi
1347 3019 1409 3084 ciui
1431 3016 1509 3100 Spa·

269 3122 382 3202 latino,
414 3123 467 3202 qui
497 3141 612 3204 passus
642 3121 740 3189 fuerit
771 3127 805 3188 et
827 3121 1037 3188 substinuerit
1067 3121 1186 3188 dictum
1216 3121 1399 3200 damnum⁷3
1435 3123 1511 3203 quia

270 3226 341 3291 iure
357 3231 501 3309 cauetur,
519 3227 573 3308 qui
589 3227 787 3294 occasionem
802 3225 927 3293 domni⁸
938 3227 1019 3308 dau,
1036 3225 1218 3292 damnum¹⁰
1229 3224 1357 3294 dedisse
1372 3225 1510 3293 uidetur.

369 3471 437 3517 on.
461 3473 527 3538 Χῌ.
550 3473 593 3516 ΒΕ
614 3475 676 3531 ms,
701 3475 756 3528 qul
778 3473 908 3518 UADUNT
930 3475 1105 3518 nemum!
1127 3475 1189 3518 nnn
1211 3474 1410 3519 domomum.

315 3588 398 3655 Item
413 3593 566 3654 statutum
583 3593 616 3655 et
631 3588 813 3655 ordinatum
835 3594 893 3670 est,
918 3591 1003 3672 quod
1019 3590 1209 3672 quicumque
1223 3589 1320 3656 inerit
1335 3590 1513 3656 Narentum

274 3691 327 3757 uel
351 3690 548 3759 Scardonam
578 3712 649 3759 cum
679 3693 800 3759 barcho
829 3692 870 3760 de
899 3698 1026 3759 centum
1055 3693 1170 3776 modijs
1198 3693 1374 3776 inferius11,
1405 3695 1515 3760 mittat

273 3801 411 3878 quatuor
431 3796 628 3877 marinarios,
651 3797 691 3862 de
714 3801 840 3863 centnm
863 3814 942 3862 uero
959 3801 992 3863 et
1014 3815 1113 3880 supra
1136 3798 1283 3879 quinque.
1307 3797 1351 3861 Et
1373 3797 1514 3877 quicum·

274 3916 337 3981 que
359 3902 470 3964 contra
491 3897 603 3965 fecerit
624 3904 658 3967 et
680 3899 861 3981 accidisset,
893 3900 980 3982 quod
1002 3918 1042 3965 ea
1064 3901 1230 3966 occasione
1259 3900 1379 3966 barcha
1401 3901 1513 3982 perda-

154 4029 156 4034 *
273 4005 373 4086 retur,
405 4002 458 4067 uel
488 4002 609 4084 aliquid
639 4003 680 4069 de
710 4003 838 4082 barcho,
869 4003 1042 4069 conductor
1071 4003 1199 4069 domino
1229 4001 1350 4082 barche
1378 4009 1443 4069 tum
1473 4003 1515 4069 de

272 4103 399 4189 barche,
423 4121 519 4186 quam
541 4106 582 4172 de
603 4107 703 4189 ipsius
726 4105 877 4174 coredo¹²
898 4105 1088 4173 satisfacere
1110 4111 1267 4173 teneatur.

324 4329 415 4408 ¹Ap.
440 4334 466 4392 L
471 4333 571 4410 jub.:
599 4331 717 4409 „dioti“.
788 4329 940 4394 ²Verbe:
967 4335 1023 4408 „ab
1046 4333 1148 4412 aliqua
1170 4367 1213 4376 -
1235 4327 1388 4408 'acccipere‘
1414 4333 1520 4393 desunt

275 4437 324 4520 ep:
348 4419 460 4520 Iijb‘
522 4417 664 4480 libid:
690 4417 908 4501 „Spalatinus“.
954 4417 981 4518 '⁴
1004 4419 1090 4479 Ood.
1116 4419 1223 4519 acad.
1239 4419 1280 4478 Β.
1307 4419 1517 4519 „dampnnm“.

280 4501 525 4669 Ulli&
552 4503 835 4675 „qlffi‘dss'lnfila
851 4489 1057 4652 addila?
1072 4523 1110 4567 ¹¹¹·
1129 4587 1158 4624 10
1172 4501 1517 4668 {ffiili²5ld⁸iii{1

276 4676 405 4754 Ljub.:
432 4679 556 4756 „infra“.
627 4673 656 4711 ¹⁹
677 4677 764 4737 God.
787 4677 892 4738 acad.
915 4678 955 4736 B:
980 4675 1153 4753 „corred0“.
