3398 5354
312 345 373 410 182

308 549 368 616 nisi
390 551 464 631 pont
485 548 700 632 receptionem
723 547 880 614 ductuum
904 547 1037 614 duorum
1067 565 1237 631 annornm3
1271 555 1401 632 excepto
1431 550 1541 616 eido·

308 655 410 721 minus
432 659 519 734 terre
541 653 644 736 ipsam
667 670 724 734 per
745 657 847 718 semet
869 652 988 736 ipsum¹
1010 652 1148 718 uoluerit
1169 653 1326 729 laborare,
1350 659 1426 719 tunc
1440 659 1546 736 possit

309 777 379 827 eam
402 759 543 841 recipere
566 763 639 839 poet
661 757 793 838 primam
814 758 1027 840 receptionem
1057 756 1216 823 fructuum
1246 758 1339 840 primi
1367 759 1443 823 anni
1469 765 1548 840 post

309 864 474 944 culturam,
497 880 561 928 non
583 861 687 928 dando
709 863 810 945 ipsam
832 866 949 928 terram
972 861 1005 926 in
1028 861 1099 946 alijs
1118 861 1263 943 personis
1278 863 1320 927 ad
1334 861 1548 928 laborandum

313 969 372 1035 sub
395 985 477 1050 pene
501 972 627 1034 centum
650 967 820 1033 soldorum.

352 1071 396 1139 Et
417 1071 606 1154 quicumque
628 1070 776 1136 babuerit
797 1076 915 1136 terram
936 1069 978 1135 ad
1000 1069 1209 1136 laborandum
1223 1071 1265 1136 ad
1281 1071 1455 1153 quamlibet
1470 1091 1548 1155 par·

309 1181 382 1254 tom,
414 1194 478 1241 non
499 1174 608 1257 possit,
645 1191 703 1242 nec
734 1175 850 1242 debeat
880 1174 975 1241 alicui
1005 1173 1082 1239 dare
1104 1175 1223 1256 aliquid
1246 1175 1286 1241 de
1309 1182 1403 1260 parte
1426 1177 1548 1243 domini

309 1285 407 1361 terre,
438 1297 497 1346 nec
527 1279 714 1363 manipulos,
748 1295 808 1346 nec
837 1279 971 1365 paleam,
1004 1279 1061 1345 sed
1091 1297 1199 1345 omnes
1230 1297 1386 1362 expertum
1417 1280 1458 1347 de
1486 1300 1548 1348 suo

309 1384 437 1468 proprio
467 1382 571 1450 iaciat.
603 1382 664 1462 Qui
694 1401 772 1450 uero
802 1382 1055 1464 contrafecerit,
1086 1383 1189 1450 soluat
1210 1402 1268 1466 pro
1290 1384 1393 1451 banno
1416 1391 1546 1451 centurn

310 1487 425 1569 soldos,
448 1488 537 1554 cuiue
559 1487 712 1555 medietas
734 1487 776 1552 sit
798 1488 971 1554 communis
994 1493 1029 1553 et
1049 1487 1113 1554 alia
1130 1489 1331 1556 accusatoris.

310 1719 377 1765 cu·
401 1719 449 1764 OV-
473 1719 556 1773 Quon
578 1719 764 1764 tencauda
781 1721 845 1764 11011
860 1720 1007 1764 numani·
1022 1718 1259 1782 convocamur,
1281 1719 1342 1763 11Εο
1357 1723 1377 1764 11
1394 1698 1545 1766 bonust

352 1837 434 1904 Item
464 1841 617 1904 statutum
649 1839 682 1903 et
713 1837 891 1903 ordinatum
921 1843 980 1919 est,
1011 1838 1096 1919 quod
1126 1855 1185 1904 nec
1213 1837 1374 1904 laborator
1405 1838 1545 1922 decipiat

310 1941 545 2024 conductorem,
568 1959 627 2008 nec
648 1941 822 2008 conductor
844 1941 1064 2007 laboratorem.
1096 1941 1157 2019 Qui
1179 1947 1286 2007 autem
1308 1941 1543 2023 contrafecerit,

313 2047 345 2111 in
362 2045 471 2112 soldos
487 2045 697 2130 quadraginta
712 2045 781 2112 uice
796 2045 935 2127 qualibet
950 2044 1192 2110 condemnetur⁸
1208 2055 1241 2112 et
1257 2045 1421 2112 damnum*
1437 2065 1545 2113 ernen-

310 2149 381 2234 det3
409 2149 498 2216 cuins
516 2149 611 2216 banni
634 2149 789 2216 medietas
811 2149 854 2214 sit
876 2147 1050 2214 communis
1072 2149 1190 2215 atalia
1218 2150 1459 2233 denuntiatoris,
1490 2152 1544 2216 uel

310 2254 511 2322 accusatoris.

471 2449 537 2494 cn.
562 2451 622 2494 cvl·
646 2451 688 2493 DE
710 2450 898 2494 FBANGENTE
920 2449 1111 2506 ΒΠΟΟΔΒῙὈΜ,
1135 2449 1197 2493 m
1217 2446 1386 2494 mutam.

352 2567 433 2633 Item
456 2571 610 2633 statutum
633 2571 667 2634 et
690 2567 887 2663 ordinatum·
902 2573 963 2651 est,
993 2567 1078 2648 quod
1101 2565 1291 2649 quicumque
1312 2565 1446 2651 fregerit
1467 2567 1547 2632 buc·

310 2671 438 2751 corium,
468 2671 520 2737 uel
550 2672 702 2737 riuarium
724 2671 895 2739 communis
917 2673 948 2736 in
974 2671 1080 2754 aliqua
1101 2676 1221 2746 tenuta,
1257 2671 1362 2737 soluat
1383 2671 1544 2737 communi

310 2796 367 2860 pro
390 2776 536 2844 buccario
554 2775 685 2843 'centurn
708 2777 824 2856 selduc,
848 2795 906 2860 pro
922 2777 1039 2844 riuario
1054 2775 1167 2858 uiginti
1183 2775 1316 2854 soldos⁵‚
1340 2775 1429 2841 cuins
1446 2775 1545 2842 banni

310 2881 464 2948 medietas
487 2881 531 2947 sit
553 2880 736 2964 communie,
760 2881 823 2947 alio
844 2880 1037 2948 accusatoris
1060 2880 1112 2948 uel
1134 2879 1375 2947 denuntiatoris.

353 3115 419 3159 cnr.
451 3113 525 3159 ovn.
557 3115 640 3167 ouon
662 3112 1185 3174 nunnusuunu,uunnuros1unnr
1207 3111 1499 3169 remanendo,

732 3201 877 3262 unumne,
902 3201 963 3244 uun
985 3199 1121 3244 11111110.

352 3317 432 3384 Item
455 3323 610 3384 statutum
633 3325 665 3384 et
687 3318 866 3385 ordinatum
890 3323 946 3396 est,
978 3317 1063 3399 quod
1093 3315 1196 3382 nullus
1219 3316 1339 3400 aliquid
1361 3321 1457 3396 emat,
1489 3317 1545 3383 uel

310 3423 488 3504 dopositum
510 3422 606 3489 iaciat
637 3423 707 3489 nel⁰
729 3423 862 3505 recipiat
892 3441 1037 3502 aseruo,
1068 3421 1119 3488 uel
1143 3421 1265 3501 andlla,
1296 3421 1350 3486 uel
1372 3421 1413 3514 ab
1436 3421 1544 3504 aliquo

310 3527 490 3610 conductui,
521 3529 573 3593 uel
603 3527 718 3594 famulo
749 3529 799 3595 uel
827 3527 993 3604 lantisoba,
1026 3545 1129 3609 quem,
1160 3527 1213 3593 uel
1243 3543 1338 3608 quarn
1368 3527 1449 3592 sciat
1470 3545 1542 3592 esse

311 3649 439 3698 seruum
454 3633 507 3699 uel
525 3631 679 3716 ancillam,
697 3633 747 3699 uel
768 3632 1003 3712 conductitium,
1020 3632 1073 3698 uel
1087 3630 1248 3709 famulum,
1265 3631 1316 3697 uel
1329 3629 1542 3696 iantisobam⁸.

309 3735 353 3801 Et
375 3735 429 3818 qni
452 3735 683 3822 contrafecerit,
711 3737 818 3804 soluat
836 3737 975 3802 bannum
999 3737 1155 3802 communi
1178 3737 1316 3818 quinque
1336 3735 1488 3802 librarum
1511 3741 1544 3802 et

309 3841 457 3908 emendet
480 3841 645 3906 damnum⁹
667 3841 802 3923 domino,
833 3843 1037 3922 inquantum
1060 3841 1205 3907 dominus
1228 3842 1322 3925 serui,
1355 3840 1469 3919 ancille
1491 3839 1543 3906 uel

310 3945 492 4027 conductitij
523 3943 665 4011 lamuli¹⁰
687 3947 737 4012 uel
768 3946 924 4026 fantischp
956 3946 1118 4029 iurauerit,
1154 3964 1190 4011 ee
1220 3945 1252 4010 in
1283 3943 1436 4026 predictis
1469 3963 1541 4011 esse

311 4047 586 4114 damnificatum¹¹.

355 4188 368 4228 ¹
393 4195 484 4254 Decet
499 4212 546 4270 ap.
564 4195 670 4270 Ljnb.
688 4201 717 4256 et
732 4196 855 4258 incod.
872 4196 976 4254 acad.
994 4196 1026 4254 B.
1091 4192 1173 4270 zdp.
1197 4193 1326 4269 Ljnb.:
1353 4193 1545 4270 ,conuerso“.

314 4278 436 4342 ³ooc.
461 4281 566 4342 acad.
591 4282 631 4342 B:
659 4276 933 4360 „condempnetur“.
995 4280 1135 4342 4ibid.:
1161 4274 1369 4363 „dampnum“.
1430 4276 1545 4340 ⁶Dcect

309 4385 357 4444 ap.
382 4367 407 4426 L
411 4367 425 4443 j
434 4369 489 4429 nb.
552 4367 696 4429 6ibid:
723 4370 770 4451 „in
787 4369 955 4445 depositum
971 4368 1113 4444 aliquid“.
1173 4365 1185 4402 ⁷
1208 4367 1317 4427 ibid:
1342 4367 1540 4444 „condititio“.

313 4451 462 4515 ⁸Vorba:
494 4473 597 4530 „quern
627 4457 676 4515 nel
706 4474 793 4532 quam
817 4491 857 4499 -—
881 4449 1073 4516 1111111111111111α
1106 4456 1210 4514 desunt
1239 4454 1330 4514 ibid.
1424 4451 1538 4514 ⁹(lod.

309 4542 413 4601 acad.
437 4543 477 4602 B:
503 4539 711 4623 ,dampnnm“.
790 4539 818 4576 ¹⁰
839 4545 930 4604 Deest
952 4561 999 4619 ap.
1023 4543 1132 4620 Ljub.
1211 4539 1237 4574 ¹¹
1260 4540 1347 4601 Ood.
1372 4541 1476 4603 acad.
1499 4541 1540 4600 B:

310 4621 596 4712 „dampnificatum“.
