3388 5356
749 693 789 760 1..

137 829 312 896 laborator
326 839 460 895 teneatur
471 835 553 911 juste
567 839 598 894 et
612 839 714 912 aperte
728 835 902 910 consignare
916 837 1041 910 patrono
1057 837 1172 910 partem
1187 833 1214 892 ei
1230 833 1398 909 contingen-

231 926 307 980 tem.
352 939 381 996 p.
402 923 473 980 118.

134 1002 309 1068 &durator
330 1008 480 1067 vinearum
496 1007 521 1066 si
537 1027 595 1067 non
617 1008 797 1068 laboraverit
819 1007 977 1066 secundnm
992 1009 1120 1084 pactum,
1144 1006 1290 1082 quomodo
1313 1005 1396 1082 puni-

227 1097 311 1152 atur.
356 1112 386 1168 p.
405 1096 456 1154 45.
475 1095 525 1154 75.

133 1174 335 1241 eboreiam
358 1181 382 1238 si
398 1181 463 1254 quis
478 1180 507 1238 in
523 1185 603 1239 terra
618 1180 715 1238 aliena
730 1179 840 1256 feeerit,
859 1179 964 1254 perdat
979 1179 1095 1238 domino
1111 1183 1208 1238 terrae
1230 1195 1260 1254 p.
1276 1180 1326 1238 21.
1344 1179 1397 1236 41.

131 1261 281 1345 lapidem
300 1267 349 1325 vel
364 1267 486 1341 plancas
502 1267 538 1325 (15
554 1267 653 1342 aliquo
669 1270 837 1324 casamento
853 1282 937 1324 nemo
954 1265 1075 1324 furetur.
1120 1283 1150 1341 p.
1168 1269 1218 1326 83.

132 1348 283 1431 lapidem
299 1353 429 1410 domolo
444 1357 547 1427 portus
562 1369 647 1412 nemo
663 1351 807 1411 extrahat.
853 1369 883 1426 p.
900 1353 952 1410 48.

130 1433 280 1518 lapidem
295 1455 380 1498 nemo
396 1438 434 1496 de
448 1439 535 1498 mulis
551 1438 687 1513 accipiat.
733 1455 762 1512 p.
782 1441 834 1497 93.

132 1521 266 1604 lapidee
291 1525 352 1599 apti
374 1525 413 1583 ad
435 1525 637 1584 fabricandum
660 1542 717 1582 non
741 1523 932 1582 extrahantur
954 1527 1037 1582 extra
1059 1522 1221 1582 districtum
1243 1521 1396 1582 Cinaulae.

134 1692 186 1757 las
210 1714 294 1772 apus
309 1697 459 1756 simiarum
475 1696 642 1756 claudatur.
689 1714 718 1772 p.
737 1699 787 1756 78.

134 1779 185 1843 lae
209 1800 276 1842 uon
292 1783 449 1842 seminetur
463 1800 557 1860 prope
573 1783 735 1842 simiacum.
781 1799 811 1856 p.
829 1785 879 1840 82.

133 1865 185 1930 lae
209 1869 267 1929 ubi
283 1868 346 1927 lieri
361 1869 471 1943 nequit.
517 1887 546 1944 p.
566 1871 636 1928 120.

134 1945 561 2036 lepumina'nonrendanon
576 1959 661 2014 extra
676 1955 834 2013 civitatem.
879 1971 909 2028 p.
928 1956 977 2013 18.
996 1957 1047 2013 39.

133 2037 269 2104 mentia
292 2039 417 2116 eligendi
439 2042 573 2100 comitem
604 2041 640 2099 de
662 2057 782 2099 numero
805 2033 945 2100 nobilium
969 2040 1146 2100 Venetorum
1168 2037 1205 2096 do
1227 2037 1341 2098 dnobus
1363 2037 1393 2095 in

230 2127 310 2186 duos
325 2144 427 2186 annos.
473 2129 681 2202 p.141.143.

133 2210 226 2295 lipara
251 2217 285 2272 et
302 2213 461 2288 lignamina
482 2231 541 2272 non
563 2212 756 2272 extrahantur
772 2228 808 2270 cx
823 2214 920 2272 insula
934 2229 988 2287 per
1010 2213 1140 2272 forenses
1157 2211 1211 2270 suh
1230 2226 1326 2284 poena
1341 2208 1393 2266 du-

229 2303 366 2360 catorum
381 2317 423 2358 cc.
440 2299 548 2374 comiti,
565 2299 615 2373 qui
630 2300 778 2358 licentiam
794 2300 977 2359 concederet.
1022 2317 1052 2374 p.
1071 2301 1142 2357 178.

137 2381 322 2466 liquamine
343 2385 499 2446 extrahere
521 2385 558 2444 de
573 2385 705 2443 Venetiis
720 2403 778 2443 non
793 2385 870 2462 licet,
895 2385 1014 2444 Venetis
1037 2385 1152 2460 legibus
1167 2381 1196 2440 id
1213 2381 1394 2440 vetantibus.

228 2490 262 2548 p.
282 2473 343 2529 144
359 2488 403 2545 sq.

135 2555 320 2639 liquamina
342 2573 448 2632 grossa
462 2575 521 2616 non
537 2556 701 2616 incidantur
717 2574 770 2631 per
785 2559 930 2616 forenses.
976 2574 1005 2632 p.
1024 2557 1075 2616 54.

136 2641 319 2724 liquamina
340 2643 486 2702 incidendi
499 2661 553 2717 pro
565 2643 771 2720 comburendo,
788 2645 919 2718 regimen
931 2643 1025 2718 possit
1036 2641 1107 2700 dare
1119 2639 1275 2700 licentiam.
1298 2654 1328 2712 p.
1342 2639 1392 2697 55.

136 2728 318 2812 liqnamino
340 2747 399 2786 non
414 2733 538 2803 possunt
553 2728 667 2787 extrahi
684 2746 721 2787 ex
736 2730 832 2788 insula
846 2747 900 2804 per
915 2729 1057 2804 forenses,
1075 2728 1127 2785 sed
1143 2727 1237 2785 solum
1250 2741 1305 2799 per
1319 2723 1392 2782 Cur-

227 2817 353 2876 zulanos
368 2833 433 2873 cum
449 2816 510 2873 suis
525 2814 642 2874 banchis
658 2817 713 2874 sub
728 2833 824 2890 poena
839 2815 867 2873 in
879 2815 1034 2890 privilegio
1050 2817 1196 2872 contenta.
1220 2828 1249 2884 p.
1266 2811 1303 2868 17
1308 2812 1389 2882 laq.

137 2904 167 2962 in
183 2899 283 2984 loqrea
305 2918 393 2961 nemo
405 2902 485 2960 lavet
500 2901 555 2959 nisi
570 2902 715 2976 portando
731 2901 820 2960 foras.
865 2919 895 2975 p.
914 2903 964 2960 89.

140 2986 265 3071 lepreon
291 2987 410 3062 qnando
427 2987 550 3062 quisque
566 2988 703 3047 claudere
719 2989 821 3063 possit.
867 3005 896 3062 p.
914 2989 965 3046 94.

138 3072 263 3156 ludum,
289 3075 319 3134 in
335 3091 393 3149 quo
411 3075 522 3133 vadant
537 3073 658 3152 denarii,
676 3091 760 3134 nemo
776 3073 867 3133 ludat.
913 3091 943 3150 p.
961 3075 1011 3132 86.

140 3158 337 3223 Lamberdo
359 3177 444 3220 nemo
460 3159 581 3220 habitet.
627 3179 657 3235 p.
675 3163 725 3221 90.

742 3310 795 3378 ul.

138 3453 342 3536 mopoeinam
364 3457 393 3513 et
416 3454 561 3514 bastasios
584 3453 634 3513 det
656 3469 807 3513 commune
823 3451 941 3512 bladum
957 3449 1185 3510 conducentibus
1200 3448 1239 3508 ad
1254 3447 1390 3508 insulam.

139 3624 309 3708 mopozeai
331 3625 558 3686 conducentibus
581 3625 699 3686 bladum
715 3625 871 3686 Cnrzulam
893 3623 986 3699 gratis
1002 3622 1106 3682 dentur
1121 3639 1174 3696 per
1189 3620 1262 3679 duos
1278 3633 1392 3677 menses

228 3719 261 3771 et
277 3731 334 3772 non
354 3713 461 3778 ultra,
486 3729 516 3788 p.
534 3715 606 3772 256.
624 3729 668 3785 sq.

139 3796 361 3860 maledictores
383 3799 487 3874 puniat
501 3815 599 3856 cornea
615 3815 680 3856 cum
696 3797 809 3858 duobus
825 3795 1008 3855 consiliariis.
1054 3812 1083 3869 p.
1104 3796 1152 3852 11.
1170 3810 1214 3866 sq.

139 3883 323 3946 raalediotor
338 3891 461 3944 vocatus
474 3885 512 3943 ad
524 3884 672 3960 iudicium,
685 3884 710 3942 si
722 3902 778 3942 non
787 3882 908 3958 venerit,
919 3881 1065 3956 quomodo
1073 3879 1219 3955 puniatur.
1238 3895 1267 3952 p.
1280 3879 1328 3934 12.
1339 3877 1390 3935 32.

140 3969 325 4033 maledictor
347 3971 515 4031 officialium
530 3970 677 4044 quomodo
692 3971 838 4044 puniatur.
884 3987 913 4043 p.
932 3971 982 4026 22.

140 4055 353 4118 (ηανίηαήὲίιι
363 4057 699 4131 navigiisRagneeorum
709 4051 1210 4114 siutdnotertiaexOurzulensibue
1226 4067 1256 4124 p.
1265 4052 1336 4110 203.
1347 4067 1391 4125 sq.

141 4144 290 4221 maritae,
316 4161 409 4217 nequo
432 4143 491 4202 alia
512 4159 639 4218 persone
662 4143 756 4216 possit
778 4141 878 4200 uxoris
901 4141 964 4215 ojus
983 4139 1097 4198 nomine
1113 4141 1212 4214 petere
1227 4137 1339 4212 aliquid
1355 4138 1392 4195 (15

230 4229 318 4291 bonis
333 4230 427 4304 patris
443 4230 490 4287 vel
505 4229 607 4288 matris
623 4229 715 4302 ipsius
731 4228 829 4286 uxoris
845 4227 923 4285 ultra
938 4226 1045 4284 dotem.
1091 4243 1120 4300 p.
1138 4225 1188 4284 55.
1206 4240 1250 4296 sq.

141 4313 313 4378 maram
336 4333 391 4392 pro
414 4316 543 4375 membro
567 4315 673 4390 perdat
695 4331 850 4389 percussor
872 4313 926 4371 nisi
946 4310 1081 4371 habuerit
1102 4310 1178 4368 unde
1193 4326 1319 4384 poenam
1335 4309 1391 4366 sol-

229 4406 323 4462 veret.
368 4420 398 4477 p.
418 4405 468 4461 28.

140 4505 292 4551 meae-uro
315 4488 376 4547 vini
391 4488 429 4546 sit
444 4506 502 4546 una
517 4505 569 4562 per
583 4490 676 4546 totam
690 4485 825 4545 insulam.
870 4502 900 4559 p.
918 4487 968 4544 89.

141 4591 291 4637 mensura
313 4574 374 4632 vini
391 4576 577 4634 tebernarum
592 4573 778 4632 diminuatur.
824 4588 853 4645 p.
873 4572 924 4629 69.

141 4677 307 4724 mewurae
330 4661 410 4720 bladi
422 4660 580 4736 justentor.
625 4677 655 4734 p.
674 4661 724 4718 96.

142 4765 308 4810 mmererae
331 4747 519 4806 emendentur
534 4745 665 4820 quohbet
679 4759 787 4803 mense.
833 4758 862 4815 p.
880 4741 932 4800 53.
