3376 5392
1268 463 1328 524 153

98 667 204 734 dictae
225 667 458 733 communitatis
480 670 514 732 et
535 665 753 734 uniuersitatis
778 665 940 746 Cumanae,
964 685 1097 735 necnon
1113 675 1220 751 partes
1241 669 1329 750 ipsae

98 772 138 839 ad
158 772 295 838 inuicem
309 771 441 838 solemni
463 771 666 854 stipulatione
680 772 752 838 hinc
772 772 845 838 iude
867 773 1088 839 interuenienti
1117 774 1327 856 promiserunt

95 877 269 960 praemissa
291 876 395 943 omnia
416 881 449 942 et
469 877 593 959 singula
618 883 771 960 utsupra
802 877 919 958 scripta
948 883 1101 960 perpetuo
1128 875 1228 956 firma,
1255 885 1327 944 rata

81 967 214 1046 ¹babere
236 987 269 1047 et
298 985 408 1048 tenere
430 986 464 1046 et
484 979 734 1048 irreuocabiliter
763 982 934 1047 obseruare
956 987 989 1048 et
1019 983 1180 1048 obseruari
1210 981 1326 1061 facere,

95 1085 239 1153 omnibus
262 1085 497 1168 exceptionibus
519 1087 657 1165 remotis,
681 1085 925 1169 quibuspariter
942 1087 1010 1170 ipse
1029 1087 1209 1156 immediate
1231 1085 1325 1151 uicis·

95 1191 153 1258 sim
175 1190 449 1273 renunciaueruut7
480 1207 517 1256 ac
539 1190 623 1257 dicta
647 1191 732 1256 bona
755 1190 839 1256 dicto
868 1193 1018 1272 magistro
1041 1189 1156 1257 Joauui
1178 1199 1325 1273 utsupra

97 1294 272 1377 stipulanti,
295 1313 353 1378 pro
375 1315 419 1376 sa,
452 1295 581 1377 suisque
603 1294 772 1362 heredibus
795 1301 828 1362 et
856 1296 1089 1362 successoribus
1120 1315 1245 1378 semper
1274 1297 1328 1362 de·

99 1397 230 1464 tendere
246 1399 496 1484 etscalumniare
508 1401 549 1466 ab
561 1400 839 1482 omnibuscumque
850 1399 1088 1466 molestantibus
1100 1401 1133 1466 e't
1143 1419 1206 1466 nou
1216 1405 1328 1468 contra

12 1585 17 1592 .
98 1502 212 1582 facere,
237 1509 293 1570 aut
321 1503 415 1570 modo
445 1504 557 1588 quouis
588 1506 807 1572 contrauenire
837 1505 896 1572 sub
918 1523 1022 1587 poena
1052 1507 1238 1573 ducatorum
1261 1507 1329 1572 auri

98 1601 233 1676 centurrl'
246 1609 426 1676 immediate
448 1608 672 1676 soluendorum
694 1629 753 1692 per
774 1615 900 1693 partem
922 1617 1032 1677 contra
1054 1610 1219 1678 ιιιιιιιιιιιι
1245 1611 1330 1694 parti

98 1713 138 1780 ad
159 1714 318 1796 promissa
340 1714 437 1779 stanti
460 1713 652 1798 obligatione
674 1713 890 1797 hipothecaria
916 1715 1069 1782 bonorum
1092 1716 1236 1782 omnium·
1252 1715 1325 1782 dicti

97 1819 271 1886 communis
293 1824 327 1884 et
348 1819 423 1884 dicti
445 1819 589 1900 magistri
609 1819 741 1886 loannis
764 1821 978 1902 praesentium
1000 1827 1035 1886 et
1055 1819 1241 1900 futurorum,
1266 1839 1328 1903 qua

99 1923 213 2002 soluta,
237 1923 290 1989 uel
312 1941 391 2004 non;
419 1941 572 2006 praeseus
603 1928 710 1990 tamen
732 1925 984 2004 instmmentum
1007 1927 1040 1990 iu
1063 1925 1112 1990 sui
1134 1927 1257 1992 roboris
1279 1945 1329 1993 re-

99 2033 227 2095 maneat
248 2047 372 2112 semper
394 2026 543 2095 firmitate
566 2047 636 2096 cum
660 2030 771 2096 eadem
793 2049 896 2113 poena
918 2029 1014 2097 toties
1030 2029 1229 2110 amonendo,
1253 2049 1329 2112 quo·
1392 2101 1393 2106 ,

99 2133 158 2202 ties
181 2133 411 2200 contrafactum
434 2131 539 2201 luerit.

140 2237 334 2304 Mandautes
357 2238 432 2304 dicti
448 2238 591 2305 dominus
609 2257 714 2307 comes
730 2245 763 2306 et
777 2239 896 2306 iudices
912 2244 946 2306 et
961 2239 1082 2306 nobiles
1103 2239 1178 2304 milri
1192 2237 1328 2305 Antonio

98 2343 287 2408 cancellario
319 2348 353 2409 et
377 2343 500 2408 notario
529 2342 740 2426 infrascripto,
768 2349 805 2409 ut
826 2344 866 2409 de
888 2345 1071 2426 praemissis
1089 2343 1143 2408 ad
1173 2344 1330 2409 cautelam

98 2453 131 2512 et
152 2445 293 2514 futuram
314 2448 360 2513 rai
383 2447 565 2514 memoriam
588 2449 748 2530 publicum
770 2447 955 2515 conficerem
976 2448 1219 2528 instrumentum
1241 2448 1330 2518 inau-

99 2552 287 2618 tenticatum
310 2557 343 2616 et
364 2571 423 2634 per
445 2553 571 2619 modum
595 2553 750 2636 priuilegij
775 2552 862 2618 bulla
884 2554 1015 2619 rectoris
1032 2552 1269 2636 praenominati,
1293 2572 1331 2618 ac

95 2656 181 2722 bulla
204 2656 281 2722 dicti
304 2657 477 2723 communis
502 2655 656 2724 Gurzulae
672 2658 853 2741 inpendenti
869 2659 1050 2726 roboratum
1077 2657 1326 2740 consignandmn

97 2761 128 2826 in
150 2761 297 2828 omnibus
318 2761 417 2844 ipsius
440 2762 583 2844 magistri
605 2762 739 2828 loannis
763 2782 820 2846 pro
844 2751 1048 2830 mutela'sui.

138 2863 255 2933 Actum
277 2867 310 2934 in
332 2866 416 2948 logia
437 2867 617 2933 antedictae
640 2866 796 2934 Curzulae
813 2869 867 2934 ubi
883 2887 984 2950 supra
999 2868 1221 2950 praesentibus
1243 2868 1331 2934 testi-

98 2971 157 3036 bus
170 2971 212 3038 ad
226 2971 288 3038 hoc
303 2971 483 3054 specialiter
497 2971 627 3051 uocatis,
643 2971 770 3052 habitis,
789 2973 917 3054 rogatis
933 2971 1084 3038 uidelicet
1098 2971 1331 3038 uenerabilibus

99 3075 172 3142 uiris
204 3076 331 3143 domino
354 3074 449 3142 Junio
478 3073 715 3156 Archidiacono,
746 3076 870 3142 domino
900 3071 1023 3142 Joanne
1053 3076 1175 3155 Ιιοιιιιιι,
1206 3076 1331 3142 domino

100 3180 227 3246 Matheo
251 3179 395 3263 loannis,
419 3180 575 3246 canonicis
598 3179 850 3260 Curzulensibus
879 3181 1003 3248 domino
1026 3182 1122 3247 Petro
1146 3179 1331 3246 Sinchouich

8 3341 9 3346 ,
102 3291 134 3351 ιι
154 3285 226 3368 alijs
249 3285 391 3367 pluribus
415 3291 521 3350 astant
508 3285 643 3350 tibuset
629 3283 855 3351 tmeAutonio
878 3287 1030 3366 Dureute,
988 3285 1252 3368 trancellario‚
1275 3304 1331 3350 no·

101 3391 179 3460 tario
202 3389 405 3472 infrascripto
427 3395 540 3474 rogabo
562 3390 770 3457 subscribere.

139 3494 209 3576 Ego
233 3493 388 3562 Antonius
400 3496 544 3562 Duraute
557 3494 597 3561 de
608 3495 699 3560 Mont
700 3496 779 3560 iculo
780 3495 966 3580 ‚Imperiali
982 3502 1037 3562 aut
1023 3495 1175 3563 thoritate
1190 3444 1332 3560 notarius

103 3605 134 3664 et
103 3617 240 3666 cnunc
262 3600 384 3666 iuratus
413 3599 619 3668 cancellarius
634 3601 805 3667 communis
822 3599 979 3667 (tumulae
994 3601 1175 3684 praemissis
1191 3599 1333 3666 omnibus

106 3708 261 3787 utsupra
283 3723 433 3787 praesens
455 3703 791 3790 mterlurerogatus
814 3705 924 3788 scripsi
948 3711 982 3772 et
1003 3705 1169 3788 publicani,
1193 3704 1332 3788 siguum·

105 3825 163 3891 que
175 3829 281 3876 meum
305 3810 337 3875 in
358 3809 452 3876 fidem
465 3815 498 3876 et
509 3811 722 3877 testimonium
737 3811 980 3894 praemissorum
996 3815 1182 3876 consuetum
1198 3809 1334 3893 apposui

103 3917 135 3979 et
156 3915 195 3982 de
217 3916 368 3982 mandato
392 3915 588 3982 dominorum
611 3917 742 3994 tenutis,
773 3917 909 3982 iudicum
933 3920 966 3982 et
988 3913 1138 3980 nobilium
1168 3931 1330 3996 praesens,

103 4017 182 4084 sicut
203 4020 302 4086 habet
288 4025 341 4086 tur
363 4021 493 4087 roborat
479 4025 545 4087 tum
567 4022 600 4085 in
622 4021 768 4086 manibus
786 4021 861 4087 dicti
875 4021 1018 4104 magistri
1034 4019 1054 4087 J
1057 4037 1167 4086 oannrs
1182 4019 1330 4086 ιιιιιιιιιι

142 4123 333 4208 Mocccxlvij.
364 4124 476 4189 Indict'
453 4130 590 4192 t.10nerr
614 4123 716 4191 diex.
739 4125 857 4192 mensis
884 4125 1110 4209 lanuarijfmit
1096 4127 1334 4192 tsenteutiato

103 4229 308 4295 communitas
332 4226 488 4298 Gurzulae
511 4229 551 4296 ad
574 4229 711 4296 dandum
735 4230 864 4298 Nicolao
895 4230 1042 4298 barberio
1072 4229 1168 4296 ducat
1154 4236 1203 4297 tos
1227 4231 1336 4297 decem

104 4349 159 4412 pro
180 4337 269 4399 resto
293 4333 388 4401 ducat
374 4339 478 4401 torum
501 4335 622 4418 uiginti.

9 4479 13 4486 -
144 4436 334 4520 McccclxniJ.
356 4439 417 4506 Die
432 4440 464 4523 ij.
487 4440 681 4506 Decembris.
705 4439 774 4522 Ego
790 4439 944 4508 Antonius
960 4441 1164 4508 cancellarius
1181 4439 1332 4507 mandato

103 4541 256 4625 magnifici
280 4543 396 4610 domiui
422 4545 574 4613 Lorlouici
602 4546 789 4612 Lauredano
819 4546 992 4614 honorandi
1022 4545 1144 4612 comitis
1176 4543 1333 4614 Curzulee

103 4646 235 4728 sigillaui
265 4647 383 4714 dictum
414 4649 612 4734 priuilegium
635 4667 706 4716 cum
730 4650 833 4734 sigillo
855 4651 1027 4732 supradicti
1056 4651 1173 4717 domiui
1196 4651 1327 4718 comitis.

1538 4687 1648 4775 μ*
