3398 5354
400 500 463 563 220
499 571 502 576 ¹

437 725 505 770 OAP·
523 723 625 768 xxm.
648 725 691 768 DE
707 725 985 769 consumemus
1008 724 1207 769 secutam
1221 724 1390 768 muso!
1403 724 1582 769 tumeam

436 841 516 908 Item
539 845 694 907 statutum
716 845 749 906 et
772 840 950 905 ordinatum
973 846 1030 921 est,
1065 842 1150 924 quod
1173 841 1277 924 siqui
1304 841 1445 908 intereo
1466 841 1625 908 habuerint

397 947 580 1012 societatem
604 944 773 1027 nauigandi
796 944 957 1026 pellagum
976 949 1011 1010 et
1026 944 1142 1026 adque
1157 947 1312 1012 sociorum
1326 945 1485 1011 renuisset
1499 945 1546 1010 ire
1558 963 1623 1010 cum

395 1049 442 1116 eis
476 1049 559 1116 malo
591 1047 684 1130 nicio,
717 1047 821 1114 soluat
856 1049 1013 1114 communi
1043 1049 1121 1115 duas
1151 1049 1249 1116 libres
1277 1060 1311 1116 et
1336 1050 1431 1133 socijs
1457 1049 1531 1132 alijs
1556 1049 1626 1116 alim

397 1153 476 1219 duas
500 1153 607 1219 libras.
633 1151 666 1218 Si
683 1159 789 1218 autem
812 1172 876 1220 non
898 1151 995 1218 fuerit
1016 1154 1160 1237 pellogue
1182 1153 1464 1238 transfretandum,
1487 1157 1627 1219 teneatur

396 1257 522 1323 soluere
542 1254 607 1322 nnti
633 1257 749 1336 soldos,
774 1257 979 1324 medietatem
1002 1257 1211 1324 communiet
1232 1259 1328 1322 aliam
1351 1255 1458 1342 socijs

436 1361 496 1426 Et²
519 1361 545 1425 si
568 1360 757 1426 marinarios
780 1361 954 1427 conductus
977 1361 1139 1444 deceperit
1164 1361 1397 1440 conductorem,
1432 1362 1540 1428 soluat
1560 1379 1627 1426 con·

394 1464 518 1531 ductori
541 1463 610 1530 uul
635 1464 759 1546 soldos;
792 1465 905 1531 eadem
936 1483 1021 1549 pene
1042 1469 1190 1534 teneatur
1211 1466 1393 1547 conductor,
1424 1465 1452 1532 si
1474 1465 1629 1548 deceperit

396 1568 597 1634 conductum.

548 1815 616 1860 ou.
640 1817 754 1862 xxxm.
784 1817 825 1858 DE
847 1817 986 1858 numm
1010 1817 1149 1860 nemus
1170 1817 1276 1859 nnn
1297 1817 1478 1860 (umnam.

436 1933 517 2000 Item
539 1935 694 1998 statutum
717 1937 750 1998 et
772 1931 951 1999 ordinatum
974 1937 1035 2018 est,
1068 1933 1153 2014 quod
1175 1938 1290 2012 rector,
1326 1933 1381 2015 qui
1403 1951 1461 2015 pro
1491 1939 1630 2016 tempore
1688 1889 1690 1962 ἶ

392 2036 499 2117 luerit,
523 2041 672 2104 teneatur
694 2036 778 2102 omni
800 2053 883 2102 anno
913 2036 954 2102 de
983 2036 1140 2114 domibus
1171 2053 1233 2118 que
1256 2043 1331 2102 sunt
1351 2042 1442 2103 extra
1471 2039 1630 2104 ciriacam

393 2143 482 2207 iuxta
503 2159 627 2206 murum
650 2139 797 2218 ciuitatis
818 2159 837 2205 a
859 2140 1050 2206 monasterio
1071 2139 1171 2207 sancti
1193 2139 1357 2207 Benedicti
1379 2160 1481 2224 usqne
1504 2143 1545 2208 ad
1567 2147 1630 2208 tur

395 2247 455 2309 rim
479 2244 593 2326 Doymi
618 2243 772 2310 iohannis
795 2243 947 2309 Dobmli²
969 2263 1073 2311 emere
1096 2263 1153 2326 pro
1185 2245 1340 2311 communi
1373 2245 1519 2312 adminus
1539 2265 1632 2312 unam

395 2349 522 2415 domum
546 2353 579 2414 et
600 2347 702 2430 ipsam
725 2345 879 2414 demolire
902 2351 936 2413 et
958 2347 1085 2415 diruere
1107 2367 1208 2430 usque
1241 2349 1282 2414 ad
1312 2347 1550 2417 fundamentum
1577 2351 1633 2429 ita,

396 2453 479 2534 qood
502 2453 589 2519 locus
612 2452 697 2533 dicte
720 2453 832 2517 domus
855 2455 1021 2518 remaneat
1051 2453 1188 2534 plathea.
1219 2453 1263 2518 Et
1295 2454 1322 2519 si
1351 2472 1410 2535 pro
1442 2454 1632 2536 competenti

395 2555 502 2723 {rocio
525 2556 669 2622 dommus
692 2556 806 2623 domus
828 2556 929 2638 ipsam
952 2556 1030 2622 dare
1052 2555 1159 2637 noller,
1184 2557 1271 2638 quod
1293 2575 1355 2622 non
1377 2559 1480 2641 possit
1494 2559 1527 2624 in
1548 2557 1633 2642 ipsa¹

420 2659 550 2726 abitare.

611 2889 678 2934 ou.
702 2889 811 2934 xxm.
835 2893 878 2934 DE
902 2891 1071 2936 donemus
1097 2891 1258 2937 connum
1281 2892 1421 2936 semul.

441 3007 523 3072 Item
547 3011 702 3072 statutum
726 3013 760 3073 et
782 3007 961 3074 ordinatum
984 3015 1043 3089 est,
1067 3011 1154 3091 quod
1176 3011 1364 3076 comercium
1391 3009 1532 3077 ciuitatis
1557 3011 1634 3093 Spa-

399 3110 474 3176 lati⁴
496 3110 542 3176 sic
565 3110 681 3178 debeat
703 3109 782 3179 fieri.
806 3113 926 3180 Omnes
949 3113 1050 3180 enim⁶
1065 3121 1258 3180 mercatores
1276 3115 1370 3181 istius
1386 3115 1523 3182 ciuitatis
1538 3117 1635 3181 unde

397 3231 533 3297 cumque
563 3215 694 3281 ueniant
716 3221 751 3282 et
771 3217 902 3282 ueniant
923 3236 962 3283 ex
983 3217 1100 3304 uiagio,
1132 3218 1275 3284 soluant⁶
1297 3219 1505 3285 comercium⁷
1526 3224 1635 3298 nome

397 3317 545 3397 ciuitatis,
570 3323 703 3400 excepto
727 3319 768 3386 dc
782 3320 932 3404 Regnum,
950 3321 1078 3400 Jadera,
1102 3321 1285 3404 drogone,
1307 3321 1471 3404 Sybenico,
1485 3321 1636 3388 Almissio

397 3421 449 3487 uel
474 3421 605 3501 insulis;
627 3441 738 3488 uerum
761 3427 868 3490 tamen
891 3443 929 3490 ex
944 3425 1088 3492 omnibus
1104 3425 1175 3508 olijs
1191 3425 1373 3492 ciuitatibus
1389 3431 1423 3491 et
1441 3425 1530 3504 locis,
1554 3426 1637 3491 unde

397 3525 498 3590 nostri
522 3531 716 3592 mercatores
738 3528 904 3593 uenerint⁹
926 3529 1115 3595 comercium
1138 3529 1273 3596 soleant.
1301 3529 1346 3594 Et
1367 3529 1513 3612 predicte
1534 3530 1638 3596 locum

400 3629 549 3712 habeant,
566 3629 693 3709 quando
708 3630 795 3697 ciues
810 3632 1017 3700 conduxerint
1033 3633 1162 3714 aliquod
1177 3633 1297 3715 lignum
1312 3634 1460 3717 ciuitatis,
1483 3639 1518 3698 et
1532 3633 1637 3700 foren-

397 3732 478 3796 sium
500 3737 534 3798 et
556 3732 675 3797 dictum
697 3733 817 3817 lignum
841 3736 966 3802 uenerit
995 3736 1036 3802 ad
1070 3742 1195 3818 pomum
1226 3737 1366 3803 ciuitatis
1389 3734 1522 3820 spano,
1552 3737 1638 3819 quod

394 3839 591 3902 mercatores
622 3835 747 3904 soluere
770 3843 948 3904 teneantur.
981 3839 1058 3904 Et¹⁰
1080 3839 1107 3905 si
1130 3840 1277 3907 dominus
1303 3840 1381 3924 ligni
1403 3859 1495 3907 sunm
1517 3840 1638 3925 lignun

396 3938 439 4004 ad
462 3939 590 4004 naulum
614 3939 749 4024 dederit,
772 3943 825 4008 uel
848 3943 972 4025 aliquas
989 3962 1041 4010 res
1063 3947 1276 4011 mercatorum
1298 3945 1476 4026 portauerit
1497 3944 1540 4012 ad
1559 3963 1638 4013 nau·

395 4042 471 4122 lum,
495 4046 572 4107 tunc
590 4042 735 4112 dominus
759 4045 836 4130 ligni
859 4051 1007 4114 teneatur
1030 4047 1157 4116 soluere
1179 4047 1299 4115 dictum
1322 4049 1520 4117 comercium.

445 4267 571 4330 ²Deest
599 4272 628 4330 in
658 4273 738 4333 cod.
769 4273 874 4336 acad.
899 4274 977 4334 Bet
1006 4291 1054 4350 ap.
1086 4274 1199 4352 Ljnb.
1291 4270 1418 4334 'Deest
1446 4291 1494 4351 ap.
1524 4274 1638 4352 Ljub.

401 4351 514 4418 ³cod,
538 4357 642 4419 acad.
660 4360 684 4417 B
700 4364 792 4436 etap.
809 4360 936 4436 Ljub.:
956 4362 1112 4438 „aliquis“.
1183 4358 1303 4421 ‘Deest
1323 4361 1354 4420 in
1376 4362 1455 4422 cod.
1477 4362 1590 4422 acad.
1607 4363 1638 4424 B.

396 4439 408 4477 ⁶
430 4444 522 4502 Deest
544 4461 592 4519 ap.
616 4443 725 4521 Ljnb.
791 4443 803 4480 ⁰
824 4447 935 4507 ibid:
961 4451 1010 4524 ,et
1031 4448 1148 4508 soluere
1170 4447 1326 4509 debeant“.
1391 4445 1404 4484 ²
1425 4449 1518 4508 Deest
1539 4449 1637 4510 ibid

397 4525 637 4591 ⁸Deestibid.
705 4527 825 4594 ⁹coo.
849 4533 954 4596 acad.
978 4533 1022 4594 A:
1050 4528 1200 4612 „uerum“.
1265 4531 1639 4598 ¹⁰God.aead.Bet

393 4632 441 4692 ap.
466 4615 595 4692 ujus:
623 4612 730 4694 ,eene

1684 4019 1687 4030 ι
