3398 5354
343 404 406 466 200

339 603 478 687 bladum,
510 603 595 686 quod
627 603 726 672 habet
747 623 847 688 penes
869 624 914 686 ac,
948 623 1034 690 pena
1055 611 1088 674 et
1110 605 1215 673 banno
1236 624 1314 674 xxv
1334 608 1495 692 librarum,
1523 626 1577 690 per

342 707 448 788 ipsum
471 706 632 772 dominum
655 713 848 790 potestatem
873 709 993 776 eisdem
1015 709 1217 789 inferendo¹;
1242 715 1276 775 et
1291 711 1374 791 quod
1395 712 1500 793 ipsum
1514 711 1577 777 bla-

341 810 416 876 dum
441 811 598 876 scribatur
620 829 679 893 per
702 811 861 878 notarium
883 813 983 894 ipsius
1007 813 1126 879 domini
1150 814 1326 895 potestatis.

764 1041 832 1085 ῦΔΡ.
855 1041 949 1084 xxm.
973 1043 1016 1084 DE
1038 1043 1155 1086 EODEM.

382 1157 464 1224 Item
486 1162 642 1224 statutum
666 1161 701 1223 et
722 1156 903 1224 ordinatum
926 1163 984 1237 est,
1009 1158 1093 1239 quod
1116 1158 1204 1224 nulla
1225 1177 1365 1240 persona
1387 1159 1428 1224 de
1451 1159 1577 1225 deitate

341 1259 475 1342 Spalati,
498 1261 552 1326 uel
576 1261 615 1327 de
638 1259 722 1327 uillis
746 1266 778 1327 et
793 1260 906 1326 insulis
922 1261 1024 1342 ipsius
1039 1261 1177 1328 ciuitatis
1194 1263 1320 1340 audeat,
1345 1262 1397 1329 uel
1418 1267 1577 1345 presumat

339 1365 532 1430 incanouare
547 1383 681 1446 granum
698 1364 750 1429 uel
767 1364 987 1446 quodcumque
1004 1365 1089 1430 aliud
1105 1365 1235 1430 bladum
1252 1384 1348 1432 causa
1367 1366 1577 1443 recendendi3

342 1472 377 1531 et
399 1467 452 1548 qui
476 1465 709 1551 contrafecerit,
735 1468 839 1532 soluat
861 1469 999 1533 bannum
1030 1469 1095 1532 xx*
1120 1468 1275 1535 librarum
1304 1475 1338 1535 et
1365 1489 1494 1552 gramm
1522 1469 1573 1535 uel

346 1569 475 1636 bladum
499 1569 722 1636 incauouatum
747 1571 896 1635 deueniat
919 1573 951 1635 in
975 1590 1140 1638 commune
1164 1574 1302 1638 ciuitatis
1326 1573 1457 1655 Spelati.

773 1821 838 1862 OAP.
863 1821 950 1863 XXIV.
977 1823 1018 1863 nn
1042 1823 1157 1863 EODEM.

386 1936 467 2003 Item
498 1941 652 2002 statutum
683 1943 716 2002 et
747 1937 927 2002 ordinatum
958 1945 1016 2012 est,
1048 1938 1132 2018 quod
1163 1939 1314 2003 custodes
1345 1939 1501 2020 eligantur
1521 1956 1577 2018 per
1673 1965 1675 2006 2

342 2040 506 2116 consilium
528 2040 686 2120 generale,
711 2041 763 2106 uel
786 2059 844 2122 per
867 2041 1030 2106 eonsilium
1054 2041 1200 2122 speciale,
1225 2048 1320 2122 prout
1341 2042 1482 2122 generali
1507 2059 1574 2106 con·

344 2143 414 2210 silio
437 2143 601 2227 placuerit,
634 2149 699 2208 tam
728 2144 760 2208 iu
793 2144 922 2212 ciuitate
954 2143 1086 2225 Spalati,
1118 2163 1213 2225 qnam
1242 2146 1274 2209 in
1305 2145 1389 2211 uillis
1419 2151 1451 2210 et
1475 2145 1575 2211 insulis

345 2247 429 2328 dicte
456 2247 604 2326 ciuitatis,
629 2247 682 2328 qui
706 2247 875 2329 diligenter
898 2247 1036 2314 debeant
1062 2247 1231 2334 custodire,
1255 2267 1295 2312 ne
1318 2247 1506 2314 frumentum
1526 2247 1575 2314 uel

343 2349 475 2415 bladum
506 2349 692 2416 extrahatur
721 2355 811 2414 extra
840 2351 1001 2416 ciuitatem
1038 2350 1090 2416 uel
1122 2351 1298 2416 dist-rictum
1323 2351 1446 2432 Spalati
1475 2357 1576 2416 contra

343 2451 477 2520 formam
498 2455 693 2534 presentium
711 2458 913 2518 statutorum.
937 2454 981 2518 Et
998 2454 1024 2517 si
1040 2454 1100 2534 ipsi
1116 2453 1265 2520 custodes
1282 2455 1420 2535 aliquam
1441 2454 1574 2518 taudem
1673 2463 1675 2506 ὲ

344 2557 559 2622 commiserint
574 2557 604 2620 in
621 2556 705 2621 dicto
722 2575 830 2622 eorum
847 2555 975 2634 officio²,
1002 2558 1085 2638 quod
1108 2558 1176 2622 uice
1200 2556 1341 2638 qualibet
1363 2556 1573 2638 punianturin
1673 2551 1675 2610 ἰ

344 2659 457 2744 uiginti
480 2659 580 2726 libris.

779 2891 846 2934 obn.
870 2891 946 2933 XXV.
978 2891 1020 2932 DE
1042 2891 1159 2932 EODEM.

389 3007 471 3074 ltem
495 3011 650 3073 statutum
675 3014 708 3072 et
731 3005 910 3073 ordinatum
934 3013 992 3084 est,
1022 3007 1108 3089 quod
1139 3007 1214 3072 dicti
1244 3005 1394 3072 custodes
1417 3010 1576 3071 teneantur

346 3111 423 3176 dare
453 3111 554 3178 bonos
587 3116 621 3176 et
642 3110 781 3192 ydoneos
805 3109 1010 3176 fideiussores
1044 3112 1083 3178 de
1106 3111 1191 3176 dicta
1213 3110 1359 3176 custodia
1382 3108 1524 3174 frumenti
1545 3114 1575 3172 et

346 3212 435 3281 bludi
458 3211 613 3279 fideliter³
639 3219 671 3280 et
693 3215 838 3296 legaliter
860 3213 1007 3280 facienda
1029 3213 1088 3280 sub
1111 3215 1202 3296 penis
1226 3213 1382 3280 contentis
1406 3213 1437 3277 in
1457 3229 1574 3294 presen-

347 3317 449 3384 tibus⁴
472 3318 707 3384 ordinamentis.

770 3547 837 3592 ΟΔΡ.
861 3549 949 3591 XXVI.
973 3549 1016 3590 DE
1039 3547 1157 3591 EODEM.

391 3665 473 3730 Item
496 3669 651 3731 statutum
675 3670 708 3730 et
727 3664 907 3732 ordinatum
930 3670 989 3744 est,
1015 3665 1100 3745 quod
1124 3669 1189 3729 tam
1213 3663 1288 3728 dicti
1313 3662 1471 3746 custodes,
1494 3679 1574 3742 qnam

348 3787 460 3835 ornnes
492 3767 564 3850 alij⁶
596 3775 630 3834 et
660 3769 787 3851 singuli,
818 3769 872 3852 qui
903 3769 1127 3835 denuntiarent
1157 3775 1192 3834 et
1219 3773 1408 3834 accusarent
1438 3766 1575 3831 iacientes

350 3879 460 3939 contra
483 3873 646 3954 presentia
668 3873 895 3953 ordinamenta,
927 3872 1067 3938 habeant
1098 3877 1131 3938 et
1161 3871 1280 3937 babere
1309 3871 1451 3937 debeant
1473 3867 1575 3935 medie

350 3983 449 4043 tatem
481 3981 546 4041 tam
576 3993 660 4058 pene
696 3976 878 4058 pecuniaria
913 3976 1102 4059 applicando
1136 3975 1294 4042 communi
1325 3973 1463 4057 Spaleti,
1495 3987 1575 4054 quam

350 4081 447 4146 etiam
471 4079 512 4146 de
534 4097 644 4161 mano,
668 4081 719 4146 uel
741 4081 845 4159 blado,
870 4082 955 4163 quod
978 4086 1160 4162 portaretur
1182 4084 1292 4144 contra
1314 4078 1465 4153 bannum,
1495 4091 1576 4157 quam

352 4184 449 4250 ctiam
472 4183 512 4248 de
535 4182 640 4250 lembo
663 4191 720 4250 aut
741 4185 854 4264 bestia,
879 4203 952 4267 quo,
978 4185 1029 4253 uel
1045 4201 1107 4266 qua
1123 4183 1228 4264 ipsum
1243 4198 1379 4266 granrnu
1397 4181 1449 4249 uel
1463 4179 1575 4246 bladum

351 4292 545 4370 portaretur.

352 4423 356 4427 ,
391 4419 556 4428 ..--.---—

400 4479 521 4544 1Cod.
551 4482 658 4542 acad.
683 4481 726 4542 A:
762 4481 968 4560 ,inferendia“.
1082 4476 1168 4562 2,in
1192 4513 1232 4524 -
1256 4477 1372 4539 officio“
1398 4472 1574 4539 deestibid.

359 4567 370 4603 ³
374 4568 503 4733 aLljasrud
531 4567 654 4647 ,bene“.
771 4565 781 4600 ⁴
805 4567 915 4629 ibid:
941 4567 1077 4644 ,statutis
1100 4562 1160 4628 et“.
1276 4563 1397 4628 ⁶00d.
1421 4562 1520 4625 acad.
1540 4558 1574 4620 l:

355 4701 371 4738 „
466 4701 474 4717 .
