3398 5354
1316 437 1376 499 159

130 635 332 704 maleficium
347 635 570 726 perpetraris,
593 653 658 703 non
673 635 830 715 audiatur,
855 637 916 703 nisi
930 637 963 702 in
978 637 1080 718 prime
1094 635 1161 704 sui¹
1176 637 1384 720 responsione

133 739 257 806 dixerit
287 758 322 806 se
353 741 471 806 dictum
502 737 693 806 maleficium
723 740 930 806 commisisse.
960 737 1024 806 Sed
1056 739 1083 806 si
1115 745 1284 823 appareret
1314 759 1386 807 eum

133 842 271 925 aliquod
302 843 515 910 commisisse⁸
545 843 599 910 uel
630 843 744 910 iecisse
774 843 815 910 de
845 843 905 927 his,
940 849 1071 926 propter
1104 861 1167 925 quq
1202 843 1387 926 proceditur

134 945 345 1013 criminaliter
376 951 488 1012 contra
517 965 599 1026 euru,
630 946 716 1029 quod
746 946 807 1013 hoc
835 945 912 1013 fecit
933 946 975 1012 ad
998 947 1048 1012 sui
1073 945 1299 1031 defensionem,
1330 947 1382 1014 uel

134 1049 257 1116 similia
278 1050 379 1116 uerba
401 1050 496 1116 dicat.

182 1153 227 1220 Et
256 1154 341 1220 idem
370 1153 404 1218 in
434 1151 580 1220 omnibus
611 1151 765 1220 similibus
795 1159 848 1220 est
877 1153 1086 1234 censendum3
1121 1171 1216 1236 quam
1252 1152 1380 1234 quidem

135 1259 376 1341 responsionem
400 1262 532 1340 propter
554 1256 698 1324 fauorem
722 1255 915 1324 defensionis
938 1273 1104 1324 censemus
1127 1261 1161 1323 et
1176 1255 1309 1323 dicimus
1324 1255 1381 1322 ad·

134 1361 353 1428 mittendam⁴.

197 1551 265 1620 oar.
289 1575 331 1617 nr.
354 1575 397 1618 nr
419 1569 605 1618 murreus
628 1573 792 1618 comesis
815 1572 920 1616 nxnnn
942 1571 1160 1618 mmorrunr
1182 1571 1325 1616 samur.

182 1689 265 1756 Item
288 1695 446 1757 statutum
469 1699 502 1758 et
524 1689 706 1756 ordinatum
729 1695 790 1770 est,
814 1689 899 1771 quod
923 1689 950 1754 si
969 1689 1083 1772 aliquis
1099 1689 1178 1756 ciuis
1194 1687 1381 1773 Spoletinus

137 1800 252 1861 contre
274 1795 413 1877 aliquem
442 1795 612 1878 specialem
634 1811 803 1875 personam
825 1793 1017 1860 commiserit
1041 1793 1169 1875 aliquod
1191 1791 1381 1859 maleficium

135 1903 230 1964 extra
251 1899 448 1966 territorium
471 1905 506 1965 et
528 1899 706 1964 districtum
730 1897 888 1962 ciuitatis⁶
911 1895 1050 1978 spoleti:
1073 1895 1157 1979 quod
1180 1901 1324 1978 potestas
1348 1903 1383 1964 et

137 2007 246 2070 rector
268 2003 353 2085 dicte
376 2003 515 2070 ciuitatis
538 2020 602 2068 non
625 2005 728 2084 possit
746 2001 787 2068 de
801 2001 887 2066 dicto
903 1999 1058 2066 maleficio
1072 2018 1131 2083 per
1144 2000 1380 2082 inquisitionem

135 2125 176 2173 ex
199 2126 258 2176 suo
281 2106 382 2174 offitio
404 2105 580 2190 procedere
603 2111 714 2171 contra
736 2123 817 2170 eum.

183 2209 248 2278 Sed
271 2212 298 2278 si
321 2211 385 2296 ille,
409 2212 499 2278 cuius
522 2210 702 2292 interesset,
735 2207 834 2276 uellet
856 2207 976 2274 dictum
998 2206 1237 2274 malefactorem
1261 2207 1382 2274 denun-

136 2315 232 2396 tiare,
255 2315 308 2382 uel
330 2333 482 2383 accusare
504 2314 538 2380 in
560 2314 648 2379 curie
678 2318 711 2380 et
741 2310 810 2380 toro
840 2311 979 2378 ciuitatis
1002 2309 1143 2394 Spalati:
1174 2315 1319 2393 potestas
1348 2315 1382 2376 et

134 2424 243 2485 rector
266 2419 351 2500 dicte
375 2419 513 2485 ciuitatis
536 2435 632 2499 super
654 2416 741 2482 dicte
763 2415 1002 2482 denuntiatione
1021 2415 1073 2481 uel
1089 2415 1292 2480 accusatione
1307 2431 1381 2498 pro·

133 2522 255 2589 cedant
276 2523 419 2589 iusticia⁸
434 2522 603 2588 mediante.

367 2751 435 2797 ΟΠ.
458 2751 514 2794 m.
537 2752 581 2794 DE
602 2743 829 2798 comminus
850 2748 981 2794 nusum
1002 2748 1147 2793 ΔΗῙΠᾸΒ.

179 2868 262 2933 ltern
284 2873 440 2934 statutum
463 2873 497 2934 et
518 2867 700 2933 ordinatum
722 2871 783 2946 est,
815 2865 900 2948 quod
931 2865 959 2932 si
989 2866 1061 2947 quis
1091 2865 1132 2932 de
1154 2865 1206 2933 die
1229 2865 1382 2932 iniuriose

135 2977 172 3040 et
192 2973 277 3038 malo
299 2971 394 3040 modo
409 2972 561 3039 occiderit
575 2971 691 3037 animal
709 2969 850 3050 alicuius,
874 2976 971 3053 prout
985 2976 1038 3035 est
1052 2987 1162 3052 equus,
1188 2987 1279 3053 equa,
1303 2987 1378 3034 ron·

137 3076 238 3157 cinus,
263 3076 430 3158 somerius,
459 3075 534 3142 b0s⁷
556 3075 610 3142 uel
633 3073 749 3141 uacba:
780 3073 932 3156 punietur
953 3074 987 3140 in
1016 3080 1144 3139 centum
1174 3073 1292 3152 soldis3
1322 3091 1410 3158 pro!

138 3181 266 3263 ouibus,
289 3181 465 3262 pecudibus
487 3186 520 3245 et
542 3179 697 3246 similibus
720 3178 870 3260 puniatur
891 3178 924 3242 in
946 3177 1012 3243 untl
1038 3177 1155 3258 soldis3
1179 3196 1237 3260 pro
1255 3195 1379 3254 ansere,

138 3289 245 3360 aneta,
267 3285 384 3368 galina,
408 3283 461 3351 uel
483 3283 636 3350 similibus
657 3285 809 3365 puniatur
830 3281 863 3346 in
886 3282 1025 3363 quinque
1048 3282 1147 3348 soldis
1166 3289 1201 3348 et
1215 3279 1382 3348 damnum⁸

139 3388 289 3455 emendet
309 3389 378 3454 sine
400 3389 508 3470 eliqua
531 3387 696 3454 tarditate.

184 3491 219 3558 Si
240 3510 319 3558 uero
342 3492 383 3560 de
404 3497 497 3559 nocte
519 3491 664 3574 predicta
685 3489 769 3554 mala
790 3489 1033 3570 perpetrauerit,
1057 3489 1161 3571 possit
1183 3487 1281 3555 etiam
1302 3491 1381 3553 tam·

141 3613 238 3679 quam
260 3597 301 3664 de
323 3595 409 3664 furto
431 3597 561 3679 procedi
583 3599 694 3660 contre
715 3610 797 3659 eum.

474 3824 542 3871 OAP·
566 3825 633 3867 nm.
656 3825 700 3866 DE
724 3822 834 3867 carme
856 3819 1056 3865 mmmmm.

183 3940 267 4006 Item
290 3946 445 4009 statutum
468 3949 502 4008 et
521 3941 702 4008 ordinatum
719 3943 778 4019 est,
802 3937 888 4020 quod
903 3937 1011 4003 nullus
1025 3935 1161 4020 publice,
1186 3936 1237 4003 uel
1253 3936 1382 4020 priuata

140 4045 174 4109 in
197 4045 327 4112 ciuitate
350 4045 473 4130 Spoleti
496 4045 549 4112 uel
572 4063 629 4112 suo
653 4044 799 4110 districtu
822 4041 939 4108 debeat
960 4040 1053 4122 lenus
1076 4058 1226 4107 exercere
1242 4045 1275 4106 et
1296 4040 1398 4129 quod

139 4149 263 4214 nullum
281 4155 413 4232 pactum
428 4148 641 4216 usuraticum⁹
662 4149 731 4214 siue
748 4147 884 4230 priuato,
904 4145 973 4212 siue
987 4143 1114 4226 publice
1129 4143 1248 4210 debeat
1262 4143 1383 4222 ualere,

184 4343 277 4422 ¹dp.
293 4344 416 4424 Ljnb.:
443 4341 704 4422 „perpetrauerit“.
787 4333 800 4372 ⁹
821 4337 928 4398 ibid:
952 4331 1058 4416 „sna“.
1131 4331 1277 4398 ⁸Verba:
1303 4334 1380 4412 „Sed

136 4435 228 4495 ei—
251 4431 451 4494 commisisse“
478 4431 584 4490 desunt
605 4427 696 4486 ibid.
782 4421 927 4484 ⁴ibid:
953 4421 1166 4498 „iaciendam“.
1254 4417 1383 4482 ⁶Deest

139 4520 236 4582 ibid.
317 4517 328 4554 ⁰
350 4517 460 4579 ibid:
484 4507 652 4591 „semper‘.
723 4509 841 4571 'Ood
864 4510 969 4570 acad.
992 4509 1034 4569 B:
1059 4511 1166 4588 „prout
1187 4523 1273 4584 equo,
1297 4523 1384 4585 equa,

139 4607 271 4682 runcino,
295 4603 430 4682 somerio,
454 4596 561 4664 bone“.
664 4595 677 4633 ⁸
698 4596 808 4660 ibid:
834 4590 1043 4673 „dampnnm‘.
1143 4589 1234 4670 'dp
1257 4591 1387 4670 Ljub.:

141 4692 361 4776 ‚munusue
