3376 5392
792 675 861 714 XhV.
885 676 1005 718 Duulslo
1028 676 1151 720 consuls

349 764 400 818 pro
418 747 541 818 lapicidis
560 749 746 807 laborantibus
764 754 792 808 iu
818 755 930 823 scopulo
954 754 987 808 de
1010 755 1154 810 quernich
1179 755 1212 810 ad
1236 756 1365 811 euitauda
1389 755 1495 825 minua,
1512 771 1575 826 quae

597 839 662 909 ipsis
681 839 834 894 inferuntur
852 857 869 896 a
887 841 1094 898 conductoribus
1113 843 1199 912 ipsius
1217 841 1329 913 scopuli.

392 979 577 1064 Mapnificns
607 991 635 1046 et
660 1003 825 1066 pecorosus
860 985 1001 1048 dominas
1031 984 1180 1067 Aloyst'ua
1210 981 1396 1063 Borbadico,
1429 983 1577 1048 Cerastae

349 1103 444 1148 omncs
467 1086 695 1170 dipnissst‘mns.

392 1205 508 1272 Audito
530 1211 711 1291 grauamine
733 1212 878 1292 magistri
901 1211 1043 1279 Bartholi
1067 1210 1190 1278 Carlich
1212 1212 1366 1294 lapicidae
1389 1231 1424 1278 se
1447 1229 1577 1295 conque

351 1312 452 1376 rentis
477 1314 601 1380 nomine
625 1333 681 1379 suo
713 1321 746 1380 et
775 1316 907 1381 aliorum
936 1317 1149 1398 lapicidarum,
1174 1317 1257 1397 quod
1287 1336 1345 1400 ρετ
1375 1317 1577 1383 conductores

351 1417 472 1498 scopuli
494 1417 661 1483 Inuernicb
683 1405 859 1485 inferuntur
881 1422 956 1502 ipsis
972 1423 1071 1487 multa
1088 1421 1201 1486 damna
1215 1421 1247 1486 iu
1261 1421 1363 1488 bortis
1379 1428 1411 1487 et
1427 1422 1576 1501 domibus

350 1521 499 1605 pergulis,
532 1521 669 1588 oleribus
700 1532 733 1588 et
761 1525 830 1606 alijs
861 1526 998 1604 utilibus
1031 1527 1216 1592 dimittendo
1246 1546 1303 1608 per
1334 1527 1576 1608 suprascriptum

350 1625 496 1692 animalia
518 1627 585 1694 sine
609 1629 760 1710 custodia,
785 1637 897 1711 petens
921 1649 978 1713 per
994 1649 1082 1696 suam
1098 1630 1360 1710 magnificentiam
1381 1651 1479 1714 super
1493 1651 1577 1713 prae

350 1729 452 1795 missis
484 1731 523 1796 de
554 1741 709 1813 oportuno
741 1735 880 1800 remedio
912 1735 1089 1818 prouideri3
1118 1735 1278 1817 praelatus
1307 1737 1452 1802 domiuus
1479 1753 1577 1801 comm

350 1853 408 1916 per
430 1839 616 1903 sententiam
640 1841 820 1906 ternrinauit
842 1847 874 1907 et
896 1841 1109 1920 sententiaeb,
1134 1842 1217 1922 quod
1237 1842 1496 1923 quandocumque
1511 1860 1577 1907 con

351 1939 457 2020 tigerit
480 1941 605 2023 aliquod
628 1944 774 2008 damnum
798 1944 866 2010 fieri
890 1945 980 2010 dictis
996 1945 1137 2026 lapicidis
1153 1945 1185 2008 in
1200 1945 1308 2022 hortis
1333 1946 1482 2028 pergulis,
1500 1946 1576 2010 clau·

352 2044 442 2122 suris,
467 2047 618 2122 domibus
644 2051 818 2126 arboribus,
842 2049 980 2115 oleribus
1012 2057 1044 2114 et
1072 2051 1237 2130 quibusuis
1267 2050 1337 2132 alijs
1366 2051 1497 2114 utilibus
1525 2069 1577 2131 per

352 2149 498 2216 animalia
520 2152 657 2218 cuiusuis
680 2161 713 2218 et
734 2157 875 2238 quaeum,
899 2162 964 2220 tam
988 2173 1109 2236 magna,
1134 2173 1227 2236 quam
1256 2156 1387 2234 minuta,
1412 2155 1496 2236 quod
1518 2155 1576 2232 illc,

352 2253 404 2334 qui
420 2256 604 2322 conduxerit
626 2260 788 2340 scopulum
811 2262 1014 2342 praedictum,
1039 2265 1185 2326 teneatur
1199 2261 1303 2326 statim
1320 2260 1447 2326 soluere
1471 2260 1576 2325 damna

351 2358 396 2423 sic
418 2358 506 2424 illata
529 2361 707 2428 extimanda
737 2384 794 2446 ρετ
824 2367 923 2431 bonos
953 2366 1046 2443 uiros,
1071 2365 1122 2430 nel
1152 2366 1228 2431 dare
1255 2363 1522 2430 damnificatorem
1547 2369 1576 2428 cl

352 2463 397 2528 sic
419 2468 624 2532 sententiauit
647 2489 772 2552 semper
795 2489 866 2536 esse
889 2471 1086 2536 seruandum.

395 2566 507 2633 Actum
530 2571 561 2634 in
584 2572 676 2638 domo
699 2575 833 2656 praefati
857 2576 973 2640 domini
997 2575 1127 2653 coniitia,
1153 2574 1369 2655 praesentibus
1389 2591 1451 2638 scr.
1473 2571 1576 2637 Alexio

353 2673 510 2754 quondam
532 2674 659 2760 Antouij
684 2683 718 2743 et
739 2680 861 2746 Jacobo
885 2679 1018 2763 Giuglia,
1044 2679 1094 2744 die
1117 2678 1197 2743 xxiv.
1221 2678 1326 2760 Martij
1343 2676 1576 2757 McccclmsiiJ'.

399 2777 589 2846 Temriuatio
612 2801 669 2864 pro
693 2785 833 2866 lapicidis
862 2787 949 2866 quasi
973 2774 1088 2850 in‘line
1111 2783 1181 2849 libri
1204 2783 1277 2849 dicti
1300 2781 1461 2865 regiminis
1489 2799 1578 2846 mauu

355 2899 415 2947 ser.
440 2882 596 2952 Francisci
620 2888 659 2952 de
683 2889 857 2956 Franciscis
880 2897 955 2954 tunc
977 2887 1231 2970 vicecancellarij.

783 3140 867 3180 xuvr.
891 3139 1011 3182 uuorsro
1036 3139 1158 3184 coruum

547 3218 579 3271 de
597 3219 785 3287 piscatoribus,
804 3219 891 3288 pretio
909 3219 1022 3288 piscium
1041 3225 1068 3272 et
1086 3217 1145 3273 loco
1163 3219 1251 3288 pisces
1270 3215 1411 3270 uendendi

396 3357 456 3422 Die
476 3361 563 3424 tertio
586 3363 697 3426 niarasis
721 3361 844 3446 Aprilis
866 3361 1108 3444 Mcccclrccoiij.

397 3480 582 3564 Magnificus
606 3491 639 3550 ct
661 3503 833 3566 generosus
857 3485 1001 3549 dominus
1033 3483 1179 3564 Aloysius
1209 3481 1395 3556 Barbadico,
1428 3479 1579 3546 Ourzulac

354 3604 457 3652 comes
481 3586 689 3668 dignissimus,
714 3589 828 3654 auditis
852 3588 1055 3668 quorinrouijs
1071 3585 1207 3668 plurium
1230 3585 1379 3651 nobilium
1405 3591 1439 3650 et
1460 3584 1580 3662 ciuium,

354 3711 389 3758 se
409 3691 614 3765 uehementer
625 3695 834 3774 grauantium,
848 3693 931 3773 quod
945 3712 1000 3773 per
1018 3694 1192 3774 piscatores
1207 3689 1362 3756 Ourzulae
1380 3695 1415 3754 et
1430 3689 1510 3755 alios
1521 3689 1580 3771 pis·

356 3815 408 3863 ces
420 3795 593 3863 uendentes
609 3799 789 3864 uenduntur
800 3800 902 3880 pisces
915 3797 1051 3863 chariori
1064 3797 1165 3878 pretio
1181 3813 1274 3878 quam
1290 3797 1450 3858 statutum
1465 3800 1515 3860 est
1529 3811 1581 3874 per

355 3901 502 3980 ordines;
525 3903 604 3968 adeo
617 3904 702 3983 quod
719 3903 859 3970 uenduut
879 3903 990 3969 libram
1006 3903 1174 3983 gherarum
1191 3901 1280 3982 quasi
1292 3899 1392 3965 soldis
1417 3905 1581 3980 quattuor;

354 4011 502 4089 petentes
525 4027 579 4090 per
602 4027 689 4074 suam
721 4009 984 4092 magnificentiam
1013 4008 1186 4085 terminari,
1216 4005 1299 4086 quod
1330 4005 1370 4070 de
1394 4011 1502 4070 cetero
1525 4021 1581 4068 non

353 4113 477 4192 possint
498 4113 593 4180 uendi
616 4115 719 4196 pisces
742 4115 875 4181 chariori
900 4107 1012 4196 pretio,
1035 4113 1095 4178 nisi
1118 4111 1290 4178 secundum
1313 4114 1437 4191 partem
1461 4114 1580 4190 captam

352 4216 384 4281 iu
405 4216 552 4301 Mcccelij.
576 4218 746 4286 indictione
767 4220 807 4301 vj.
832 4220 890 4286 sub
915 4220 965 4286 die
987 4218 1078 4299 xxvij.
1104 4215 1278 4300 Februarii,
1301 4219 1447 4294 tempore
1465 4211 1579 4293 magui-

354 4319 404 4388 fici
427 4322 543 4390 domini
572 4323 695 4392 Nicolai
726 4323 925 4408 Mauroceno,
955 4330 1030 4389 tuuc
1060 4322 1181 4389 comitis
1211 4319 1366 4386 Curzulac
1396 4315 1579 4400 dignissimi:

353 4447 415 4510 qua
436 4435 527 4512 parte
550 4435 583 4494 ct
611 4429 720 4496 ordine
750 4429 918 4512 diligenter
948 4429 1135 4494 examinatis
1165 4431 1199 4492 et
1235 4421 1443 4490 consideratis
1475 4421 1578 4486 merito

356 4533 601 4615 considerandis
632 4553 690 4615 ρετ
720 4535 910 4599 sententiam
941 4533 1144 4612 termiuauit,
1176 4529 1260 4612 quod
1290 4525 1403 4594 amodo
1433 4527 1465 4590 iu
1494 4531 1579 4591 suma

358 4657 450 4706 neruo
474 4639 599 4718 audeat,
623 4657 680 4704 nec
702 4644 885 4721 praesumat
907 4639 1047 4703 uendere
1071 4637 1172 4718 pisces
1195 4632 1307 4702 cariori
1330 4631 1444 4712 pretio,
1468 4629 1525 4694 uisi
1544 4634 1575 4691 ut

359 4741 389 4808 in
413 4749 504 4826 parte
527 4745 764 4828 praenominata
787 4744 982 4823 continetur3
1006 4742 1153 4808 uidelicet
1175 4741 1279 4822 pisces
1295 4735 1389 4804 unius
1404 4735 1575 4806 libraecum
