3388 5356
335 457 397 525 298

331 664 534 747 Sonoqotaaoi
555 677 678 749 possunt
700 675 869 735 renunciare
892 679 1007 736 terrena
1022 678 1176 736 comitatus
1192 681 1323 753 tempore
1338 677 1556 740 determinatoin

419 763 544 839 statut03
561 761 641 836 pices
658 761 812 822 extrahere
828 762 858 820 in
874 767 952 822 statu
967 767 996 822 et
1010 781 1069 823 uon
1084 763 1163 824 alibi.
1208 781 1237 838 p.
1254 765 1325 826 223.

330 863 452 907 sorores
475 847 646 906 maritantur
661 866 680 907 a
695 849 834 908 fratribus
849 853 962 908 mortuo
978 854 1072 924 patre.
1117 867 1147 924 p.
1167 852 1215 910 16.
1233 853 1284 910 36.

331 949 452 994 sorores
474 934 615 1010 recipiant
636 939 777 1010 prorata
799 936 961 1010 portionem
984 935 1155 995 hereditatis
1177 936 1284 1014 patris,
1309 937 1334 995 si
1356 936 1497 995 noluerint
1516 953 1558 995 cas

417 1021 524 1080 fratros
539 1022 687 1080 maritare.
732 1039 761 1096 p.
781 1024 830 1082 16.
849 1024 899 1081 36.

330 1105 450 1169 srituoe
472 1107 501 1166 in
517 1107 610 1166 vineis
626 1108 822 1168 destruantur.
868 1126 898 1183 p.
915 1110 965 1168 87.

329 1189 456 1256 stabilio
479 1195 557 1253 bona
572 1212 637 1252 cum
653 1194 754 1253 stridis
769 1195 969 1253 tantummodo
985 1194 1156 1256 vendantur.
1201 1213 1230 1271 p.
1249 1196 1300 1256 68.

219 1309 231 1332 ·
329 1275 455 1342 stabilio
479 1281 555 1340 bona
571 1298 628 1339 non
644 1281 845 1354 relinquantur
859 1281 1010 1357 ecclesiae.
1054 1298 1084 1356 p.
1102 1283 1153 1342 77.

328 1361 455 1429 stabilio
477 1367 554 1426 bona
569 1365 683 1444 possint
698 1368 822 1442 relinqui
837 1367 976 1428 ecclesiis.
1022 1384 1051 1441 p.
1071 1369 1142 1428 109.

329 1458 493 1534 stonpotas
514 1470 599 1511 nemo
614 1453 796 1528 ingrediatur
811 1454 849 1512 ad
864 1453 1046 1528 arripiendos
1061 1453 1166 1528 pisces.
1212 1470 1241 1528 p.
1262 1455 1335 1514 204.
1353 1455 1424 1512 216.

328 1544 514 1602 statoltorom
536 1539 775 1598 reformationem
797 1545 827 1599 et
849 1540 1089 1600 consuetudinum
1111 1537 1301 1601 confirmatio.
1347 1557 1378 1614 p.
1405 1541 1473 1599 140.
1498 1541 1562 1600 146.

416 1643 460 1701 sq.
480 1627 548 1686 160.
569 1629 639 1686 167.
659 1628 729 1686 185.
746 1643 790 1702 sq.

330 1710 531 1775 successionis
546 1713 618 1771 ordo
634 1713 662 1770 in
678 1714 755 1772 bona
771 1711 898 1772 defuncti
915 1713 976 1772 sine
991 1716 1173 1774 testamento.
1219 1729 1247 1787 p.
1267 1715 1316 1771 17.
1335 1715 1386 1773 37.
1403 1729 1448 1786 aq.
1466 1714 1512 1770 59.

329 1797 500 1862 cocomario
520 1799 588 1873 jure
610 1799 751 1873 procedat
765 1800 894 1874 regimen
916 1799 1058 1858 Ouraulae
1073 1799 1103 1858 in
1118 1800 1170 1859 lite
1185 1798 1318 1877 forensis,
1343 1815 1441 1858 coram
1459 1797 1564 1874 judicio

333 1893 338 1904 ¹
416 1885 559 1945 Ourzulae
574 1885 696 1960 agentis.
743 1903 772 1960 p.
792 1888 851 1945 116
868 1903 913 1960 sq.

329 1969 532 2051 sufflammati
553 1971 678 2028 triremis
698 1971 756 2029 sint
770 1971 892 2048 nobiles,
916 1972 1020 2047 reliqui
1043 1971 1184 2031 officiales
1199 1975 1229 2030 et
1244 1970 1377 2030 hominos
1399 1988 1435 2029 ex
1450 1971 1561 2045 populo.

935 2224 975 2292 Τ.

330 2401 528 2466 tabernarios
550 2423 607 2463 non
630 2409 729 2464 toneat
743 2405 895 2464 tabernam
918 2407 1051 2478 apertam
1073 2407 1141 2478 post
1157 2401 1282 2462 sonitum
1297 2417 1459 2477 campanae
1474 2417 1564 2460 secun·
1675 2457 1677 2484 Ι

329 2492 580 2659 11191111111111111111
594 2494 712 2652 {strando
728 2576 893 2635 excoriatur
907 2594 926 2634 a
942 2576 1103 2638 beccheniis
1118 2593 1202 2635 nemo
1214 2575 1331 2653 audeat,
1348 2574 1402 2634 scd
1416 2571 1536 2647 accipiat
1549 2590 1566 2632 a

416 2665 550 2724 manibus
565 2665 695 2739 ipsorum
711 2668 852 2738 quantum
868 2680 941 2738 opus
957 2662 1101 2723 habuerit.
1147 2679 1175 2736 p.
1194 2664 1265 2722 211.

329 2745 431 2828 tarifo
454 2751 647 2810 cancellariae
662 2749 856 2809 Ouravnlensis.
901 2767 931 2824 p.
951 2751 1022 2810 262.
1040 2766 1084 2823 sq.
1675 2801 1677 2816 ,

330 2835 488 2918 terminos,
513 2837 588 2896 unfra
611 2853 698 2911 quem
720 2835 792 2894 fiant
807 2835 1007 2894 accusationes
1022 2835 1188 2894 criminales
1206 2837 1237 2892 et
1258 2833 1368 2894 civiles.
1414 2850 1444 2907 p.
1463 2834 1510 2892 57.
1526 2848 1565 2906 sq.
1675 2823 1677 2912 ξ

330 2922 490 3002 terminus,
506 2925 583 2982 intra
599 2939 685 2997 quem
701 2922 809 2981 furtum
825 2922 1022 2980 accusandum
1037 2926 1091 2981 est.
1136 2937 1165 2994 p.
1183 2923 1212 2984 8.

329 3008 504 3087 terminum,
529 3011 633 3084 siquis
649 3009 774 3084 petierit,
799 3008 865 3066 dein
881 3011 976 3066 autom
1000 3026 1057 3066 non
1073 3007 1186 3066 venerit
1201 3006 1238 3065 ad
1261 3005 1412 3084 placitum,
1437 3005 1520 3064 cadat
1532 3005 1567 3063 ab

417 3097 494 3154 omni
506 3095 575 3171 jure
591 3113 653 3155 suo.
699 3113 727 3170 p.
746 3098 795 3154 21.
814 3097 863 3153 41.
880 3111 924 3168 sq.

331 3181 481 3243 cenninus
503 3181 690 3257 cooperiendi
702 3183 819 3240 domum
834 3180 863 3238 in
879 3180 1053 3239 casamentis
1069 3179 1266 3239 disordinatis.
1312 3195 1342 3252 p.
1361 3181 1413 3238 74.

331 3273 446 3330 terram
470 3269 594 3327 alienam
610 3285 696 3326 nemo
712 3268 798 3326 intret
814 3266 875 3325 sine
891 3267 1017 3327 licentia.
1062 3283 1091 3341 p.
1111 3269 1161 3325 21.
1179 3268 1230 3328 41.

331 3359 455 3415 terreno
477 3355 633 3413 comitatus
656 3358 779 3428 possunt
800 3353 963 3412 renunciari
987 3354 1025 3412 ad
1047 3371 1178 3411 normam
1200 3351 1301 3410 statuti
1324 3351 1353 3410 in
1377 3349 1472 3409 forma
1492 3365 1566 3426 prae
1675 3341 1677 3406 ἶ

331 3444 700 3602 111·1·θ18111ῃῐο)1111111111)1111ἶ11ἷ;
724 3544 778 3601 per
793 3543 992 3601 quoscumque
1013 3529 1156 3600 occupata
1178 3529 1363 3584 revertantur
1377 3523 1406 3584 in
1423 3519 1567 3582 communi·

334 3617 546 3762 1ενναῗῖ111ι11θ
561 3615 713 3759 1111211211111
728 3699 766 3758 ad
783 3699 983 3759 seminandum
997 3717 1054 3758 non
1070 3703 1194 3774 possunt
1207 3697 1345 3774 plantari.
1390 3714 1421 3772 p.
1440 3697 1508 3758 146.

330 3791 455 3848 terreno
477 3786 536 3845 alia
550 3804 605 3861 pro
621 3785 747 3861 pascuis,
771 3787 830 3845 alia
845 3804 899 3861 pro
914 3786 1016 3862 vineis,
1040 3785 1100 3844 alia
1114 3803 1168 3860 pro
1185 3784 1385 3861 seminatione,
1405 3799 1481 3857 quaa
1493 3781 1566 3857 plan·

416 3872 473 3931 tari
495 3890 552 3930 non
568 3876 690 3946 possunt
706 3874 760 3932 sub
774 3890 870 3947 poena
885 3873 1056 3932 ducatorum
1072 3873 1107 3930 Ι).
1126 3871 1233 3949 comiti,
1256 3871 1282 3930 si
1296 3870 1470 3930 concederet
1489 3868 1565 3928 licen·
1676 3919 1677 3922 ,

419 3959 499 4018 tiam.
545 3976 574 4034 p.
594 3959 665 4018 159.
682 3975 727 4032 sq.

333 4049 516 4108 testamenta
539 4045 685 4119 quomodo
700 4043 899 4105 conficiantur.
945 4064 974 4121 p.
994 4048 1043 4104 17.
1060 4047 1111 4106 38.

331 4135 543 4194 testamentum
565 4131 593 4189 in
610 4131 726 4206 scriptis
742 4132 888 4206 quomodo
904 4131 966 4191 ficri
981 4132 1083 4208 possit.
1129 4149 1157 4206 p.
1178 4131 1249 4189 108.

330 4222 542 4279 testamentum
564 4217 640 4276 inter
656 4217 752 4292 pluria
767 4219 892 4293 primum
908 4219 1015 4277 valeat.
1061 4235 1090 4293 p.
1110 4220 1159 4277 17.

329 4308 544 4365 testamentum
566 4304 640 4361 inter
655 4305 751 4378 pluria
767 4305 898 4363 ultimum
914 4306 1020 4364 valeat.
1066 4323 1095 4378 p.
1113 4307 1163 4363 38.

329 4393 509 4452 testamenta-
524 4394 655 4464 tempore
667 4390 853 4449 mortalitatis
868 4391 955 4464 facta,
973 4392 1139 4448 releventur
1150 4388 1310 4465 praeterita
1320 4389 1498 4448 mortalitate
1508 4397 1564 4442 cnm

413 4475 471 4534 illis
487 4475 619 4551 testibus,
636 4476 686 4551 qui
703 4493 767 4536 sese
783 4477 974 4552 reperuerint.
1021 4493 1050 4550 p.
1070 4478 1141 4536 126.

325 4559 438 4624 testari
460 4562 554 4638 possit
568 4562 691 4636 quisque
706 4563 773 4636 plus
796 4562 862 4622 filiis
880 4580 968 4638 quam
983 4560 1107 4637 filiabus,
1131 4580 1189 4620 non
1212 4564 1311 4620 11111111
1333 4578 1392 4620 uno
1408 4553 1563 4622 1111011111-

417 4649 474 4708 liae
489 4649 556 4723 plus
572 4666 660 4722 qrram
676 4648 744 4723 alijs
758 4648 825 4707 tiliis
841 4650 888 4708 vol
903 4647 1027 4709 filiabus.
1076 4665 1105 4722 p.
1123 4651 1173 4708 81.

332 4732 453 4797 testium
477 4734 599 4793 duorum
614 4733 682 4792 fidoi
697 4735 833 4794 credatur
847 4752 941 4810 usquc
956 4735 993 4794 ad
1009 4751 1172 4810 yperperos
1188 4735 1298 4794 decem.
1344 4751 1374 4810 p.
1395 4737 1444 4794 79.
