<?xml version="1.0" encoding="UTF-8"?>
<!DOCTYPE html PUBLIC "-//W3C//DTD XHTML 1.0 Transitional//EN"
    "http://www.w3.org/TR/xhtml1/DTD/xhtml1-transitional.dtd">
<html xmlns="http://www.w3.org/1999/xhtml" xml:lang="en" lang="en">
 <head>
  <title>
</title>
<meta http-equiv="Content-Type" content="text/html;charset=utf-8" />
  <meta name='ocr-system' content='tesseract 3.04.00' />
  <meta name='ocr-capabilities' content='ocr_page ocr_carea ocr_par ocr_line ocrx_word'/>
</head>
<body>
  <div class='ocr_page' id='page_1' title='image "./statutaetlegesc00yuggoog_0153.png"; bbox 0 0 3396 5402; ppageno 0'>
   <div class='ocr_carea' id='block_1_1' title="bbox 1273 457 1333 523">
    <p class='ocr_par' dir='ltr' id='par_1_1' title="bbox 1273 457 1333 523">
     <span class='ocr_line' id='line_1_1' title="bbox 1273 457 1333 523; baseline -0.033 0"><span class='ocrx_word' id='word_1_1' title='bbox 1273 457 1333 523; x_wconf 73' lang='lat'>127</span> 
     </span>
    </p>
   </div>
   <div class='ocr_carea' id='block_1_2' title="bbox 98 656 1340 2106">
    <p class='ocr_par' dir='ltr' id='par_1_2' title="bbox 98 656 1340 2106">
     <span class='ocr_line' id='line_1_2' title="bbox 98 656 1337 746; baseline 0.002 -19"><span class='ocrx_word' id='word_1_2' title='bbox 98 663 207 742; x_wconf 78' lang='lat' dir='ltr'>nabas,</span> <span class='ocrx_word' id='word_1_3' title='bbox 239 657 342 746; x_wconf 87' lang='lat' dir='ltr'>possit</span> <span class='ocrx_word' id='word_1_4' title='bbox 371 656 465 730; x_wconf 82' lang='lat' dir='ltr'>eximi</span> <span class='ocrx_word' id='word_1_5' title='bbox 494 667 528 729; x_wconf 87' lang='lat' dir='ltr'>et</span> <span class='ocrx_word' id='word_1_6' title='bbox 550 659 590 728; x_wconf 89' lang='lat' dir='ltr'>ad</span> <span class='ocrx_word' id='word_1_7' title='bbox 614 667 732 728; x_wconf 88' lang='lat' dir='ltr'>statum</span> <span class='ocrx_word' id='word_1_8' title='bbox 756 659 885 745; x_wconf 86' lang='lat' dir='ltr'>pristini</span> <span class='ocrx_word' id='word_1_9' title='bbox 908 659 1035 729; x_wconf 89' lang='lat' dir='ltr'>honoris</span> <span class='ocrx_word' id='word_1_10' title='bbox 1058 667 1092 728; x_wconf 88' lang='lat' dir='ltr'>et</span> <span class='ocrx_word' id='word_1_11' title='bbox 1112 661 1187 728; x_wconf 86' lang='lat' dir='ltr'>fidei</span> <span class='ocrx_word' id='word_1_12' title='bbox 1209 667 1243 730; x_wconf 88' lang='lat' dir='ltr'>et</span> <span class='ocrx_word' id='word_1_13' title='bbox 1264 683 1337 730; x_wconf 89' lang='lat' dir='ltr'>con·</span> 
     </span>
     <span class='ocr_line' id='line_1_3' title="bbox 98 765 1339 850; baseline 0.002 -18"><span class='ocrx_word' id='word_1_14' title='bbox 98 765 163 848; x_wconf 90' lang='lat' dir='ltr'>silij</span> <span class='ocrx_word' id='word_1_15' title='bbox 186 769 312 848; x_wconf 79' lang='lat' dir='ltr'><strong>assumi,</strong></span> <span class='ocrx_word' id='word_1_16' title='bbox 345 766 372 834; x_wconf 90' lang='lat' dir='ltr'>si</span> <span class='ocrx_word' id='word_1_17' title='bbox 402 766 593 850; x_wconf 90' lang='lat' dir='ltr'>persoluerit</span> <span class='ocrx_word' id='word_1_18' title='bbox 614 766 779 833; x_wconf 89' lang='lat' dir='ltr'>Communi</span> <span class='ocrx_word' id='word_1_19' title='bbox 799 785 972 850; x_wconf 86' lang='lat' dir='ltr'>yperperos</span> <span class='ocrx_word' id='word_1_20' title='bbox 995 765 1121 846; x_wconf 86' lang='lat' dir='ltr'>decem;</span> <span class='ocrx_word' id='word_1_21' title='bbox 1153 771 1187 834; x_wconf 89' lang='lat' dir='ltr'>et</span> <span class='ocrx_word' id='word_1_22' title='bbox 1207 768 1270 850; x_wconf 87' lang='lat' dir='ltr'>qui,</span> <span class='ocrx_word' id='word_1_23' title='bbox 1294 768 1339 834; x_wconf 81' lang='lat' dir='ltr'>cti</span> 
     </span>
     <span class='ocr_line' id='line_1_4' title="bbox 98 870 1339 957; baseline 0 -19"><span class='ocrx_word' id='word_1_24' title='bbox 98 873 294 952; x_wconf 87' lang='lat' dir='ltr'>permissum</span> <span class='ocrx_word' id='word_1_25' title='bbox 317 877 375 957; x_wconf 92' lang='lat' dir='ltr'>est,</span> <span class='ocrx_word' id='word_1_26' title='bbox 408 871 630 954; x_wconf 85' lang='lat' dir='ltr'>persoluerint‚</span> <span class='ocrx_word' id='word_1_27' title='bbox 653 873 722 954; x_wconf 88' lang='lat' dir='ltr'>ipso</span> <span class='ocrx_word' id='word_1_28' title='bbox 745 870 829 936; x_wconf 85' lang='lat' dir='ltr'>iacto</span> <span class='ocrx_word' id='word_1_29' title='bbox 853 873 918 937; x_wconf 87' lang='lat' dir='ltr'>siut</span> <span class='ocrx_word' id='word_1_30' title='bbox 940 871 1030 938; x_wconf 92' lang='lat' dir='ltr'>liberi</span> <span class='ocrx_word' id='word_1_31' title='bbox 1051 877 1084 938; x_wconf 92' lang='lat' dir='ltr'>et</span> <span class='ocrx_word' id='word_1_32' title='bbox 1105 871 1261 938; x_wconf 89' lang='lat' dir='ltr'>absoluti:</span> <span class='ocrx_word' id='word_1_33' title='bbox 1284 889 1339 938; x_wconf 87' lang='lat' dir='ltr'>vo·</span> 
     </span>
     <span class='ocr_line' id='line_1_5' title="bbox 102 973 1339 1059; baseline 0.001 -19"><span class='ocrx_word' id='word_1_34' title='bbox 102 973 218 1052; x_wconf 88' lang='lat' dir='ltr'>lentes,</span> <span class='ocrx_word' id='word_1_35' title='bbox 243 977 296 1059; x_wconf 90' lang='lat' dir='ltr'>qni</span> <span class='ocrx_word' id='word_1_36' title='bbox 320 976 442 1043; x_wconf 91' lang='lat' dir='ltr'>nubiles</span> <span class='ocrx_word' id='word_1_37' title='bbox 465 983 565 1056; x_wconf 84' lang='lat' dir='ltr'>eraut,</span> <span class='ocrx_word' id='word_1_38' title='bbox 589 974 684 1042; x_wconf 89' lang='lat' dir='ltr'>iidem</span> <span class='ocrx_word' id='word_1_39' title='bbox 707 976 825 1042; x_wconf 92' lang='lat' dir='ltr'>babere</span> <span class='ocrx_word' id='word_1_40' title='bbox 848 983 882 1043; x_wconf 90' lang='lat' dir='ltr'>et</span> <span class='ocrx_word' id='word_1_41' title='bbox 896 978 928 1040; x_wconf 91' lang='lat' dir='ltr'>in</span> <span class='ocrx_word' id='word_1_42' title='bbox 944 975 1107 1042; x_wconf 88' lang='lat' dir='ltr'>eonsilium</span> <span class='ocrx_word' id='word_1_43' title='bbox 1123 975 1253 1042; x_wconf 88' lang='lat' dir='ltr'>intrare.</span> <span class='ocrx_word' id='word_1_44' title='bbox 1278 974 1339 1054; x_wconf 84' lang='lat' dir='ltr'>Qui</span> 
     </span>
     <span class='ocr_line' id='line_1_6' title="bbox 100 1079 1339 1164; baseline 0.002 -20"><span class='ocrx_word' id='word_1_45' title='bbox 100 1099 179 1147; x_wconf 86' lang='lat' dir='ltr'>vero</span> <span class='ocrx_word' id='word_1_46' title='bbox 202 1081 375 1164; x_wconf 76' lang='lat' dir='ltr'>populares</span> <span class='ocrx_word' id='word_1_47' title='bbox 397 1087 481 1160; x_wconf 82' lang='lat' dir='ltr'>sunt,</span> <span class='ocrx_word' id='word_1_48' title='bbox 504 1079 597 1148; x_wconf 87' lang='lat' dir='ltr'>fidem</span> <span class='ocrx_word' id='word_1_49' title='bbox 621 1085 655 1147; x_wconf 90' lang='lat' dir='ltr'>et</span> <span class='ocrx_word' id='word_1_50' title='bbox 676 1081 829 1146; x_wconf 81' lang='lat' dir='ltr'>honorem</span> <span class='ocrx_word' id='word_1_51' title='bbox 853 1081 899 1146; x_wconf 86' lang='lat' dir='ltr'>vti</span> <span class='ocrx_word' id='word_1_52' title='bbox 922 1080 1022 1163; x_wconf 85' lang='lat' dir='ltr'>primo</span> <span class='ocrx_word' id='word_1_53' title='bbox 1045 1079 1185 1148; x_wconf 80' lang='lat' dir='ltr'>habeant</span> <span class='ocrx_word' id='word_1_54' title='bbox 1206 1087 1240 1148; x_wconf 90' lang='lat' dir='ltr'>et</span> <span class='ocrx_word' id='word_1_55' title='bbox 1261 1082 1339 1147; x_wconf 87' lang='lat' dir='ltr'>reci-</span> 
     </span>
     <span class='ocr_line' id='line_1_7' title="bbox 100 1185 1339 1270; baseline 0.001 -21"><span class='ocrx_word' id='word_1_56' title='bbox 100 1192 228 1268; x_wconf 79' lang='lat' dir='ltr'>perent,</span> <span class='ocrx_word' id='word_1_57' title='bbox 251 1185 312 1254; x_wconf 89' lang='lat' dir='ltr'>boc</span> <span class='ocrx_word' id='word_1_58' title='bbox 333 1185 444 1252; x_wconf 88' lang='lat' dir='ltr'>additu</span> <span class='ocrx_word' id='word_1_59' title='bbox 466 1187 507 1252; x_wconf 94' lang='lat' dir='ltr'>de</span> <span class='ocrx_word' id='word_1_60' title='bbox 530 1203 685 1252; x_wconf 89' lang='lat' dir='ltr'>consensu</span> <span class='ocrx_word' id='word_1_61' title='bbox 707 1191 740 1252; x_wconf 88' lang='lat' dir='ltr'>et</span> <span class='ocrx_word' id='word_1_62' title='bbox 756 1186 920 1252; x_wconf 88' lang='lat' dir='ltr'>voluntate</span> <span class='ocrx_word' id='word_1_63' title='bbox 936 1185 1168 1268; x_wconf 85' lang='lat' dir='ltr'>praedictorum</span> <span class='ocrx_word' id='word_1_64' title='bbox 1184 1185 1339 1270; x_wconf 79' lang='lat' dir='ltr'>omnium3</span> 
     </span>
     <span class='ocr_line' id='line_1_8' title="bbox 101 1289 1339 1372; baseline -0.002 -16"><span class='ocrx_word' id='word_1_65' title='bbox 101 1295 241 1372; x_wconf 85' lang='lat' dir='ltr'>excepto</span> <span class='ocrx_word' id='word_1_66' title='bbox 264 1308 324 1356; x_wconf 90' lang='lat' dir='ltr'>ser.</span> <span class='ocrx_word' id='word_1_67' title='bbox 341 1289 462 1372; x_wconf 87' lang='lat' dir='ltr'>Vidosij</span> <span class='ocrx_word' id='word_1_68' title='bbox 484 1291 577 1356; x_wconf 89' lang='lat' dir='ltr'>Pauli</span> <span class='ocrx_word' id='word_1_69' title='bbox 595 1295 629 1357; x_wconf 86' lang='lat' dir='ltr'>et</span> <span class='ocrx_word' id='word_1_70' title='bbox 652 1309 711 1357; x_wconf 89' lang='lat' dir='ltr'>ser.</span> <span class='ocrx_word' id='word_1_71' title='bbox 737 1289 887 1372; x_wconf 76' lang='lat' dir='ltr'>Stephani</span> <span class='ocrx_word' id='word_1_72' title='bbox 910 1289 1008 1371; x_wconf 86' lang='lat' dir='ltr'>Junij‚</span> <span class='ocrx_word' id='word_1_73' title='bbox 1038 1290 1246 1356; x_wconf 78' lang='lat' dir='ltr'>existentibus</span> <span class='ocrx_word' id='word_1_74' title='bbox 1268 1307 1339 1356; x_wconf 89' lang='lat' dir='ltr'>con·</span> 
     </span>
     <span class='ocr_line' id='line_1_9' title="bbox 103 1393 1338 1477; baseline 0 -18"><span class='ocrx_word' id='word_1_75' title='bbox 103 1395 225 1460; x_wconf 86' lang='lat' dir='ltr'>trariee</span> <span class='ocrx_word' id='word_1_76' title='bbox 248 1395 413 1476; x_wconf 89' lang='lat' dir='ltr'>opinionis.</span> <span class='ocrx_word' id='word_1_77' title='bbox 437 1393 529 1472; x_wconf 82' lang='lat' dir='ltr'>Quod</span> <span class='ocrx_word' id='word_1_78' title='bbox 552 1396 578 1460; x_wconf 89' lang='lat' dir='ltr'>si</span> <span class='ocrx_word' id='word_1_79' title='bbox 601 1394 698 1476; x_wconf 78' lang='lat' dir='ltr'>aliqui</span> <span class='ocrx_word' id='word_1_80' title='bbox 721 1413 759 1460; x_wconf 88' lang='lat' dir='ltr'>ex</span> <span class='ocrx_word' id='word_1_81' title='bbox 782 1393 952 1477; x_wconf 88' lang='lat' dir='ltr'>praedictis</span> <span class='ocrx_word' id='word_1_82' title='bbox 972 1395 1108 1476; x_wconf 87' lang='lat' dir='ltr'>repertis</span> <span class='ocrx_word' id='word_1_83' title='bbox 1123 1395 1338 1461; x_wconf 83' lang='lat' dir='ltr'>condemnatis</span> 
     </span>
     <span class='ocr_line' id='line_1_10' title="bbox 104 1499 1340 1582; baseline 0 -18"><span class='ocrx_word' id='word_1_84' title='bbox 104 1503 275 1581; x_wconf 73' lang='lat' dir='ltr'>acceptare</span> <span class='ocrx_word' id='word_1_85' title='bbox 298 1499 458 1564; x_wconf 91' lang='lat' dir='ltr'>noluerint</span> <span class='ocrx_word' id='word_1_86' title='bbox 479 1517 577 1581; x_wconf 90' lang='lat' dir='ltr'>supra</span> <span class='ocrx_word' id='word_1_87' title='bbox 599 1499 716 1566; x_wconf 86' lang='lat' dir='ltr'>dictam</span> <span class='ocrx_word' id='word_1_88' title='bbox 739 1499 873 1582; x_wconf 81' lang='lat' dir='ltr'>gratiam</span> <span class='ocrx_word' id='word_1_89' title='bbox 896 1505 931 1565; x_wconf 91' lang='lat' dir='ltr'>et</span> <span class='ocrx_word' id='word_1_90' title='bbox 952 1499 1172 1564; x_wconf 89' lang='lat' dir='ltr'>recusauerint</span> <span class='ocrx_word' id='word_1_91' title='bbox 1194 1505 1340 1581; x_wconf 81' lang='lat' dir='ltr'>utsupra</span> 
     </span>
     <span class='ocr_line' id='line_1_11' title="bbox 100 1601 1339 1687; baseline -0.001 -18"><span class='ocrx_word' id='word_1_92' title='bbox 100 1603 242 1681; x_wconf 78' lang='lat' dir='ltr'>soluere,</span> <span class='ocrx_word' id='word_1_93' title='bbox 268 1608 302 1670; x_wconf 89' lang='lat' dir='ltr'>et</span> <span class='ocrx_word' id='word_1_94' title='bbox 317 1602 437 1686; x_wconf 88' lang='lat' dir='ltr'>reperti</span> <span class='ocrx_word' id='word_1_95' title='bbox 451 1601 569 1670; x_wconf 87' lang='lat' dir='ltr'>luerint</span> <span class='ocrx_word' id='word_1_96' title='bbox 584 1603 697 1670; x_wconf 83' lang='lat' dir='ltr'>exinde</span> <span class='ocrx_word' id='word_1_97' title='bbox 712 1603 744 1668; x_wconf 91' lang='lat' dir='ltr'>in</span> <span class='ocrx_word' id='word_1_98' title='bbox 759 1601 854 1682; x_wconf 84' lang='lat' dir='ltr'>furto,</span> <span class='ocrx_word' id='word_1_99' title='bbox 872 1603 1011 1670; x_wconf 87' lang='lat' dir='ltr'>debeant</span> <span class='ocrx_word' id='word_1_100' title='bbox 1025 1601 1153 1670; x_wconf 79' lang='lat' dir='ltr'>frustari</span> <span class='ocrx_word' id='word_1_101' title='bbox 1169 1609 1202 1668; x_wconf 90' lang='lat' dir='ltr'>et</span> <span class='ocrx_word' id='word_1_102' title='bbox 1216 1603 1339 1687; x_wconf 89' lang='lat' dir='ltr'>bullari,</span> 
     </span>
     <span class='ocr_line' id='line_1_12' title="bbox 100 1707 1339 1791; baseline 0.001 -18"><span class='ocrx_word' id='word_1_103' title='bbox 100 1713 135 1784; x_wconf 82' lang='lat' dir='ltr'>vt</span> <span class='ocrx_word' id='word_1_104' title='bbox 156 1708 322 1789; x_wconf 75' lang='lat' dir='ltr'>patimur</span> <span class='ocrx_word' id='word_1_105' title='bbox 342 1725 476 1791; x_wconf 87' lang='lat' dir='ltr'>poenam</span> <span class='ocrx_word' id='word_1_106' title='bbox 500 1725 610 1774; x_wconf 89' lang='lat' dir='ltr'>eorum</span> <span class='ocrx_word' id='word_1_107' title='bbox 632 1708 734 1774; x_wconf 86' lang='lat' dir='ltr'>malae</span> <span class='ocrx_word' id='word_1_108' title='bbox 750 1707 929 1775; x_wconf 87' lang='lat' dir='ltr'>uoluntatis.</span> <span class='ocrx_word' id='word_1_109' title='bbox 953 1707 1014 1774; x_wconf 87' lang='lat' dir='ltr'>Die</span> <span class='ocrx_word' id='word_1_110' title='bbox 1030 1707 1183 1790; x_wconf 81' lang='lat' dir='ltr'>vigesima</span> <span class='ocrx_word' id='word_1_111' title='bbox 1199 1707 1339 1774; x_wconf 88' lang='lat' dir='ltr'>secunda</span> 
     </span>
     <span class='ocr_line' id='line_1_13' title="bbox 101 1812 1339 1896; baseline 0 -18"><span class='ocrx_word' id='word_1_112' title='bbox 101 1813 222 1878; x_wconf 86' lang='lat' dir='ltr'>mensis</span> <span class='ocrx_word' id='word_1_113' title='bbox 253 1812 386 1895; x_wconf 86' lang='lat' dir='ltr'>predicti</span> <span class='ocrx_word' id='word_1_114' title='bbox 417 1830 477 1879; x_wconf 88' lang='lat' dir='ltr'>ser.</span> <span class='ocrx_word' id='word_1_115' title='bbox 501 1812 657 1880; x_wconf 88' lang='lat' dir='ltr'>Antonius</span> <span class='ocrx_word' id='word_1_116' title='bbox 679 1812 785 1880; x_wconf 89' lang='lat' dir='ltr'>Marse</span> <span class='ocrx_word' id='word_1_117' title='bbox 814 1818 927 1894; x_wconf 89' lang='lat' dir='ltr'>sponte</span> <span class='ocrx_word' id='word_1_118' title='bbox 958 1813 1118 1878; x_wconf 86' lang='lat' dir='ltr'>consensit</span> <span class='ocrx_word' id='word_1_119' title='bbox 1148 1812 1339 1896; x_wconf 90' lang='lat' dir='ltr'>supradictis</span> 
     </span>
     <span class='ocr_line' id='line_1_14' title="bbox 102 1915 1338 2000; baseline 0 -18"><span class='ocrx_word' id='word_1_120' title='bbox 102 1916 340 2000; x_wconf 89' lang='lat' dir='ltr'>prouisionibus</span> <span class='ocrx_word' id='word_1_121' title='bbox 363 1921 398 1982; x_wconf 91' lang='lat' dir='ltr'>et</span> <span class='ocrx_word' id='word_1_122' title='bbox 419 1917 611 1999; x_wconf 88' lang='lat' dir='ltr'>approbauit</span> <span class='ocrx_word' id='word_1_123' title='bbox 632 1918 716 1984; x_wconf 89' lang='lat' dir='ltr'>iuste</span> <span class='ocrx_word' id='word_1_124' title='bbox 738 1916 807 1984; x_wconf 87' lang='lat' dir='ltr'>iore</span> <span class='ocrx_word' id='word_1_125' title='bbox 830 1915 948 1996; x_wconf 83' lang='lat' dir='ltr'>lactas3</span> <span class='ocrx_word' id='word_1_126' title='bbox 972 1935 1032 1982; x_wconf 88' lang='lat' dir='ltr'>ser.</span> <span class='ocrx_word' id='word_1_127' title='bbox 1057 1915 1172 1984; x_wconf 87' lang='lat' dir='ltr'>Stanco</span> <span class='ocrx_word' id='word_1_128' title='bbox 1196 1916 1338 1983; x_wconf 87' lang='lat' dir='ltr'>Hebradi</span> 
     </span>
     <span class='ocr_line' id='line_1_15' title="bbox 104 2004 985 2106; baseline 0 -18"><span class='ocrx_word' id='word_1_129' title='bbox 104 2021 262 2088; x_wconf 80' lang='lat' dir='ltr'>existente</span> <span class='ocrx_word' id='word_1_130' title='bbox 283 2027 359 2088; x_wconf 91' lang='lat' dir='ltr'>tnnc</span> <span class='ocrx_word' id='word_1_131' title='bbox 381 2023 558 2089; x_wconf 88' lang='lat' dir='ltr'>contrariae</span> <span class='ocrx_word' id='word_1_132' title='bbox 581 2023 746 2106; x_wconf 85' lang='lat' dir='ltr'>opinionis.</span> <span class='ocrx_word' id='word_1_133' title='bbox 979 2004 985 2018; x_wconf 75' lang='lat'>&#39;</span> 
     </span>
    </p>
   </div>
   <div class='ocr_carea' id='block_1_3' title="bbox 103 2270 1336 2317">
    <p class='ocr_par' dir='ltr' id='par_1_3' title="bbox 103 2270 1336 2317">
     <span class='ocr_line' id='line_1_16' title="bbox 103 2270 1336 2317; baseline 0 -2"><span class='ocrx_word' id='word_1_134' title='bbox 103 2271 170 2315; x_wconf 76' lang='lat' dir='ltr'>CAP-</span> <span class='ocrx_word' id='word_1_135' title='bbox 194 2271 299 2316; x_wconf 69' lang='lat' dir='ltr'>oxon.</span> <span class='ocrx_word' id='word_1_136' title='bbox 330 2270 415 2316; x_wconf 71' lang='lat' dir='ltr'>BONA</span> <span class='ocrx_word' id='word_1_137' title='bbox 442 2271 698 2315; x_wconf 69' lang='lat' dir='ltr'>massmannum</span> <span class='ocrx_word' id='word_1_138' title='bbox 726 2270 921 2315; x_wconf 69' lang='lat' dir='ltr'>susumus</span> <span class='ocrx_word' id='word_1_139' title='bbox 950 2270 1187 2316; x_wconf 63' lang='lat' dir='ltr'>amaveramus</span> <span class='ocrx_word' id='word_1_140' title='bbox 1209 2273 1336 2317; x_wconf 71' lang='lat' dir='ltr'>somus.</span> 
     </span>
    </p>
   </div>
   <div class='ocr_carea' id='block_1_4' title="bbox 104 2395 1341 3428">
    <p class='ocr_par' dir='ltr' id='par_1_4' title="bbox 104 2395 1341 3428">
     <span class='ocr_line' id='line_1_17' title="bbox 145 2395 1333 2488; baseline 0.002 -17"><span class='ocrx_word' id='word_1_141' title='bbox 145 2405 229 2471; x_wconf 86' lang='lat' dir='ltr'>Item</span> <span class='ocrx_word' id='word_1_142' title='bbox 260 2406 438 2472; x_wconf 90' lang='lat' dir='ltr'>ordinatum</span> <span class='ocrx_word' id='word_1_143' title='bbox 467 2411 500 2472; x_wconf 90' lang='lat' dir='ltr'>et</span> <span class='ocrx_word' id='word_1_144' title='bbox 528 2395 686 2472; x_wconf 82' lang='lat' dir='ltr'>firmatum</span> <span class='ocrx_word' id='word_1_145' title='bbox 716 2403 776 2472; x_wconf 89' lang='lat' dir='ltr'>luit</span> <span class='ocrx_word' id='word_1_146' title='bbox 805 2424 863 2488; x_wconf 90' lang='lat' dir='ltr'>per</span> <span class='ocrx_word' id='word_1_147' title='bbox 893 2423 1002 2472; x_wconf 90' lang='lat' dir='ltr'>omnes</span> <span class='ocrx_word' id='word_1_148' title='bbox 1033 2407 1265 2488; x_wconf 89' lang='lat' dir='ltr'>suprascriptos</span> <span class='ocrx_word' id='word_1_149' title='bbox 1293 2407 1333 2472; x_wconf 88' lang='lat' dir='ltr'>ad</span> 
     </span>
     <span class='ocr_line' id='line_1_18' title="bbox 104 2507 1340 2595; baseline 0.001 -19"><span class='ocrx_word' id='word_1_150' title='bbox 104 2509 296 2578; x_wconf 87' lang='lat' dir='ltr'>beneficium</span> <span class='ocrx_word' id='word_1_151' title='bbox 319 2509 511 2595; x_wconf 85' lang='lat' dir='ltr'>Communis,</span> <span class='ocrx_word' id='word_1_152' title='bbox 542 2510 626 2592; x_wconf 91' lang='lat' dir='ltr'>quod</span> <span class='ocrx_word' id='word_1_153' title='bbox 657 2527 767 2576; x_wconf 90' lang='lat' dir='ltr'>omnes</span> <span class='ocrx_word' id='word_1_154' title='bbox 796 2517 829 2578; x_wconf 89' lang='lat' dir='ltr'>et</span> <span class='ocrx_word' id='word_1_155' title='bbox 857 2509 971 2594; x_wconf 82' lang='lat' dir='ltr'>singuli</span> <span class='ocrx_word' id='word_1_156' title='bbox 993 2507 1135 2577; x_wconf 86' lang='lat' dir='ltr'>forenses</span> <span class='ocrx_word' id='word_1_157' title='bbox 1158 2509 1340 2577; x_wconf 85' lang='lat' dir='ltr'>habitantes</span> 
     </span>
     <span class='ocr_line' id='line_1_19' title="bbox 107 2614 1339 2701; baseline 0.002 -21"><span class='ocrx_word' id='word_1_158' title='bbox 107 2621 197 2681; x_wconf 85' lang='lat' dir='ltr'>extra</span> <span class='ocrx_word' id='word_1_159' title='bbox 220 2615 356 2680; x_wconf 88' lang='lat' dir='ltr'>insulam</span> <span class='ocrx_word' id='word_1_160' title='bbox 380 2615 580 2698; x_wconf 88' lang='lat' dir='ltr'>possidentes</span> <span class='ocrx_word' id='word_1_161' title='bbox 601 2633 698 2698; x_wconf 90' lang='lat' dir='ltr'>super</span> <span class='ocrx_word' id='word_1_162' title='bbox 721 2615 804 2682; x_wconf 86' lang='lat' dir='ltr'>dicta</span> <span class='ocrx_word' id='word_1_163' title='bbox 826 2615 929 2680; x_wconf 85' lang='lat' dir='ltr'>insula</span> <span class='ocrx_word' id='word_1_164' title='bbox 950 2614 1081 2698; x_wconf 88' lang='lat' dir='ltr'>quaenis</span> <span class='ocrx_word' id='word_1_165' title='bbox 1102 2614 1186 2680; x_wconf 91' lang='lat' dir='ltr'>bona</span> <span class='ocrx_word' id='word_1_166' title='bbox 1204 2615 1339 2701; x_wconf 86' lang='lat' dir='ltr'>stabilia,</span> 
     </span>
     <span class='ocr_line' id='line_1_20' title="bbox 108 2719 1341 2802; baseline 0.001 -17"><span class='ocrx_word' id='word_1_167' title='bbox 108 2719 401 2802; x_wconf 81' lang='lat' dir='ltr'>quomodocumque</span> <span class='ocrx_word' id='word_1_168' title='bbox 432 2720 596 2802; x_wconf 90' lang='lat' dir='ltr'>acquisita,</span> <span class='ocrx_word' id='word_1_169' title='bbox 628 2719 805 2802; x_wconf 89' lang='lat' dir='ltr'>dequibus</span> <span class='ocrx_word' id='word_1_170' title='bbox 829 2719 902 2785; x_wconf 93' lang='lat' dir='ltr'>olim</span> <span class='ocrx_word' id='word_1_171' title='bbox 925 2719 1169 2801; x_wconf 89' lang='lat' dir='ltr'>persoluebatnr</span> <span class='ocrx_word' id='word_1_172' title='bbox 1191 2719 1341 2786; x_wconf 88' lang='lat' dir='ltr'>salarium</span> 
     </span>
     <span class='ocr_line' id='line_1_21' title="bbox 105 2823 1341 2906; baseline 0.002 -16"><span class='ocrx_word' id='word_1_173' title='bbox 105 2831 138 2890; x_wconf 91' lang='lat' dir='ltr'>et</span> <span class='ocrx_word' id='word_1_174' title='bbox 159 2824 202 2890; x_wconf 91' lang='lat' dir='ltr'>de</span> <span class='ocrx_word' id='word_1_175' title='bbox 226 2825 342 2906; x_wconf 91' lang='lat' dir='ltr'>quibus</span> <span class='ocrx_word' id='word_1_176' title='bbox 365 2824 458 2891; x_wconf 89' lang='lat' dir='ltr'>bonis</span> <span class='ocrx_word' id='word_1_177' title='bbox 479 2832 622 2906; x_wconf 88' lang='lat' dir='ltr'>tempore</span> <span class='ocrx_word' id='word_1_178' title='bbox 645 2823 799 2890; x_wconf 85' lang='lat' dir='ltr'>laetarum</span> <span class='ocrx_word' id='word_1_179' title='bbox 824 2825 1036 2906; x_wconf 88' lang='lat' dir='ltr'>prouisionnm</span> <span class='ocrx_word' id='word_1_180' title='bbox 1053 2825 1132 2890; x_wconf 90' lang='lat' dir='ltr'>citra</span> <span class='ocrx_word' id='word_1_181' title='bbox 1146 2843 1210 2892; x_wconf 89' lang='lat' dir='ltr'>non</span> <span class='ocrx_word' id='word_1_182' title='bbox 1225 2824 1341 2893; x_wconf 81' lang='lat' dir='ltr'>babue</span> 
     </span>
     <span class='ocr_line' id='line_1_22' title="bbox 107 2925 1341 3013; baseline 0.002 -19"><span class='ocrx_word' id='word_1_183' title='bbox 107 2935 179 2994; x_wconf 90' lang='lat' dir='ltr'>runt</span> <span class='ocrx_word' id='word_1_184' title='bbox 201 2929 333 3012; x_wconf 81' lang='lat' dir='ltr'>aliquod</span> <span class='ocrx_word' id='word_1_185' title='bbox 355 2947 537 3013; x_wconf 58' lang='lat' dir='ltr'>pedamen,</span> <span class='ocrx_word' id='word_1_186' title='bbox 562 2947 621 2994; x_wconf 87' lang='lat' dir='ltr'>nec</span> <span class='ocrx_word' id='word_1_187' title='bbox 642 2925 801 2995; x_wconf 83' lang='lat' dir='ltr'>affuerunt</span> <span class='ocrx_word' id='word_1_188' title='bbox 824 2929 865 2994; x_wconf 90' lang='lat' dir='ltr'>ad</span> <span class='ocrx_word' id='word_1_189' title='bbox 889 2928 995 3009; x_wconf 90' lang='lat' dir='ltr'>aliqua</span> <span class='ocrx_word' id='word_1_190' title='bbox 1012 2929 1145 3011; x_wconf 82' lang='lat' dir='ltr'>exequie</span> <span class='ocrx_word' id='word_1_191' title='bbox 1161 2927 1341 2996; x_wconf 91' lang='lat' dir='ltr'>Communis</span> 
     </span>
     <span class='ocr_line' id='line_1_23' title="bbox 106 3031 1341 3114; baseline 0.001 -15"><span class='ocrx_word' id='word_1_192' title='bbox 106 3032 271 3114; x_wconf 74' lang='lat' dir='ltr'>Carsulae,</span> <span class='ocrx_word' id='word_1_193' title='bbox 306 3033 350 3099; x_wconf 79' lang='lat' dir='ltr'>uti</span> <span class='ocrx_word' id='word_1_194' title='bbox 372 3031 515 3100; x_wconf 86' lang='lat' dir='ltr'>iecerunt</span> <span class='ocrx_word' id='word_1_195' title='bbox 536 3033 724 3112; x_wconf 81' lang='lat' dir='ltr'>habitantes,</span> <span class='ocrx_word' id='word_1_196' title='bbox 756 3034 796 3100; x_wconf 91' lang='lat' dir='ltr'>de</span> <span class='ocrx_word' id='word_1_197' title='bbox 829 3041 934 3100; x_wconf 84' lang='lat' dir='ltr'>cetero</span> <span class='ocrx_word' id='word_1_198' title='bbox 957 3039 1127 3100; x_wconf 83' lang='lat' dir='ltr'>teneantur</span> <span class='ocrx_word' id='word_1_199' title='bbox 1148 3039 1181 3100; x_wconf 88' lang='lat' dir='ltr'>et</span> <span class='ocrx_word' id='word_1_200' title='bbox 1203 3033 1341 3100; x_wconf 88' lang='lat' dir='ltr'>debeant</span> 
     </span>
     <span class='ocr_line' id='line_1_24' title="bbox 107 3137 1339 3221; baseline 0.001 -18"><span class='ocrx_word' id='word_1_201' title='bbox 107 3139 238 3206; x_wconf 87' lang='lat' dir='ltr'>reficere</span> <span class='ocrx_word' id='word_1_202' title='bbox 260 3140 292 3204; x_wconf 90' lang='lat' dir='ltr'>iu</span> <span class='ocrx_word' id='word_1_203' title='bbox 315 3137 490 3205; x_wconf 87' lang='lat' dir='ltr'>Commune</span> <span class='ocrx_word' id='word_1_204' title='bbox 513 3143 614 3206; x_wconf 89' lang='lat' dir='ltr'>totum</span> <span class='ocrx_word' id='word_1_205' title='bbox 638 3145 672 3205; x_wconf 89' lang='lat' dir='ltr'>et</span> <span class='ocrx_word' id='word_1_206' title='bbox 694 3138 842 3220; x_wconf 89' lang='lat' dir='ltr'>quicquid</span> <span class='ocrx_word' id='word_1_207' title='bbox 865 3157 926 3204; x_wconf 92' lang='lat' dir='ltr'>non</span> <span class='ocrx_word' id='word_1_208' title='bbox 948 3137 1160 3221; x_wconf 84' lang='lat' dir='ltr'>persoluerint</span> <span class='ocrx_word' id='word_1_209' title='bbox 1175 3139 1214 3205; x_wconf 88' lang='lat' dir='ltr'>de</span> <span class='ocrx_word' id='word_1_210' title='bbox 1231 3158 1339 3206; x_wconf 89' lang='lat' dir='ltr'>eorum</span> 
     </span>
     <span class='ocr_line' id='line_1_25' title="bbox 107 3243 1339 3326; baseline 0 -17"><span class='ocrx_word' id='word_1_211' title='bbox 107 3250 256 3311; x_wconf 88' lang='lat' dir='ltr'>consueto</span> <span class='ocrx_word' id='word_1_212' title='bbox 279 3243 394 3310; x_wconf 87' lang='lat' dir='ltr'>salario</span> <span class='ocrx_word' id='word_1_213' title='bbox 417 3263 436 3308; x_wconf 91' lang='lat' dir='ltr'>a</span> <span class='ocrx_word' id='word_1_214' title='bbox 459 3243 510 3310; x_wconf 91' lang='lat' dir='ltr'>die</span> <span class='ocrx_word' id='word_1_215' title='bbox 534 3245 688 3310; x_wconf 87' lang='lat' dir='ltr'>dictarum</span> <span class='ocrx_word' id='word_1_216' title='bbox 712 3243 927 3324; x_wconf 83' lang='lat' dir='ltr'>prouisiouum</span> <span class='ocrx_word' id='word_1_217' title='bbox 951 3243 1039 3326; x_wconf 86' lang='lat' dir='ltr'>citra,</span> <span class='ocrx_word' id='word_1_218' title='bbox 1070 3243 1224 3325; x_wconf 84' lang='lat' dir='ltr'>usquein</span> <span class='ocrx_word' id='word_1_219' title='bbox 1248 3263 1339 3325; x_wconf 89' lang='lat' dir='ltr'>prae·</span> 
     </span>
     <span class='ocr_line' id='line_1_26' title="bbox 107 3347 1340 3428; baseline 0 -14"><span class='ocrx_word' id='word_1_220' title='bbox 107 3355 229 3415; x_wconf 90' lang='lat' dir='ltr'>sentem</span> <span class='ocrx_word' id='word_1_221' title='bbox 261 3348 361 3428; x_wconf 91' lang='lat' dir='ltr'>diem;</span> <span class='ocrx_word' id='word_1_222' title='bbox 391 3347 546 3415; x_wconf 90' lang='lat' dir='ltr'>soluendo</span> <span class='ocrx_word' id='word_1_223' title='bbox 573 3347 804 3428; x_wconf 85' lang='lat' dir='ltr'>subsequenter</span> <span class='ocrx_word' id='word_1_224' title='bbox 833 3347 980 3414; x_wconf 90' lang='lat' dir='ltr'>continuo</span> <span class='ocrx_word' id='word_1_225' title='bbox 1003 3349 1044 3413; x_wconf 92' lang='lat' dir='ltr'>de</span> <span class='ocrx_word' id='word_1_226' title='bbox 1067 3367 1149 3414; x_wconf 92' lang='lat' dir='ltr'>anno</span> <span class='ocrx_word' id='word_1_227' title='bbox 1171 3350 1203 3412; x_wconf 89' lang='lat' dir='ltr'>io</span> <span class='ocrx_word' id='word_1_228' title='bbox 1225 3367 1340 3414; x_wconf 91' lang='lat' dir='ltr'>annum</span> 
     </span>
    </p>
   </div>
   <div class='ocr_carea' id='block_1_5' title="bbox 108 3451 1396 3536">
    <p class='ocr_par' dir='ltr' id='par_1_5' title="bbox 108 3451 1396 3536">
     <span class='ocr_line' id='line_1_27' title="bbox 108 3451 1396 3536; baseline -0.002 -16"><span class='ocrx_word' id='word_1_229' title='bbox 108 3453 190 3520; x_wconf 89' lang='lat' dir='ltr'>dicto</span> <span class='ocrx_word' id='word_1_230' title='bbox 213 3451 379 3520; x_wconf 88' lang='lat' dir='ltr'>Communi</span> <span class='ocrx_word' id='word_1_231' title='bbox 409 3453 511 3536; x_wconf 85' lang='lat' dir='ltr'>ipsam</span> <span class='ocrx_word' id='word_1_232' title='bbox 542 3458 724 3520; x_wconf 87' lang='lat' dir='ltr'>cousuetam</span> <span class='ocrx_word' id='word_1_233' title='bbox 755 3451 953 3531; x_wconf 76' lang='lat' dir='ltr'>solutionem,</span> <span class='ocrx_word' id='word_1_234' title='bbox 985 3453 1038 3534; x_wconf 93' lang='lat' dir='ltr'>qui</span> <span class='ocrx_word' id='word_1_235' title='bbox 1065 3451 1183 3535; x_wconf 88' lang='lat' dir='ltr'>denarij</span> <span class='ocrx_word' id='word_1_236' title='bbox 1208 3453 1341 3536; x_wconf 84' lang='lat' dir='ltr'>expendi</span> <span class='ocrx_word' id='word_1_237' title='bbox 1390 3495 1396 3508; x_wconf 86' lang='lat'><strong>·</strong></span> 
     </span>
    </p>
   </div>
   <div class='ocr_carea' id='block_1_6' title="bbox 15 3557 1341 3956">
    <p class='ocr_par' dir='ltr' id='par_1_6' title="bbox 108 3557 906 3642">
     <span class='ocr_line' id='line_1_28' title="bbox 108 3557 906 3642; baseline -0.006 -17"><span class='ocrx_word' id='word_1_238' title='bbox 108 3559 247 3627; x_wconf 88' lang='lat' dir='ltr'>debeant</span> <span class='ocrx_word' id='word_1_239' title='bbox 267 3560 300 3624; x_wconf 91' lang='lat' dir='ltr'>in</span> <span class='ocrx_word' id='word_1_240' title='bbox 321 3559 552 3642; x_wconf 85' lang='lat' dir='ltr'>reparationem</span> <span class='ocrx_word' id='word_1_241' title='bbox 575 3575 735 3624; x_wconf 91' lang='lat' dir='ltr'>murorum</span> <span class='ocrx_word' id='word_1_242' title='bbox 760 3557 906 3622; x_wconf 88' lang='lat' dir='ltr'>ciuitatis.</span> 
     </span>
    </p>

    <p class='ocr_par' dir='ltr' id='par_1_7' title="bbox 15 3661 1341 3956">
     <span class='ocr_line' id='line_1_29' title="bbox 148 3661 1340 3746; baseline -0.001 -16"><span class='ocrx_word' id='word_1_243' title='bbox 148 3664 232 3731; x_wconf 89' lang='lat' dir='ltr'>Item</span> <span class='ocrx_word' id='word_1_244' title='bbox 263 3681 321 3746; x_wconf 89' lang='lat' dir='ltr'>per</span> <span class='ocrx_word' id='word_1_245' title='bbox 351 3682 461 3730; x_wconf 89' lang='lat' dir='ltr'>omnes</span> <span class='ocrx_word' id='word_1_246' title='bbox 493 3665 725 3746; x_wconf 89' lang='lat' dir='ltr'>suprascriptos</span> <span class='ocrx_word' id='word_1_247' title='bbox 749 3661 878 3746; x_wconf 89' lang='lat' dir='ltr'>nobiles,</span> <span class='ocrx_word' id='word_1_248' title='bbox 910 3663 1035 3732; x_wconf 90' lang='lat' dir='ltr'>domiuo</span> <span class='ocrx_word' id='word_1_249' title='bbox 1058 3662 1172 3728; x_wconf 85' lang='lat' dir='ltr'>comite</span> <span class='ocrx_word' id='word_1_250' title='bbox 1193 3681 1255 3729; x_wconf 89' lang='lat' dir='ltr'>nnn</span> <span class='ocrx_word' id='word_1_251' title='bbox 1278 3663 1340 3730; x_wconf 85' lang='lat' dir='ltr'>exi-</span> 
     </span>
     <span class='ocr_line' id='line_1_30' title="bbox 109 3765 1341 3850; baseline -0.001 -16"><span class='ocrx_word' id='word_1_252' title='bbox 109 3773 211 3837; x_wconf 84' lang='lat' dir='ltr'>stente</span> <span class='ocrx_word' id='word_1_253' title='bbox 233 3768 326 3835; x_wconf 89' lang='lat' dir='ltr'>huius</span> <span class='ocrx_word' id='word_1_254' title='bbox 349 3769 515 3850; x_wconf 84' lang='lat' dir='ltr'>opinionis,</span> <span class='ocrx_word' id='word_1_255' title='bbox 538 3767 740 3833; x_wconf 87' lang='lat' dir='ltr'>terminatum</span> <span class='ocrx_word' id='word_1_256' title='bbox 755 3766 825 3846; x_wconf 81' lang='lat' dir='ltr'>luit,</span> <span class='ocrx_word' id='word_1_257' title='bbox 843 3767 926 3847; x_wconf 91' lang='lat' dir='ltr'>quod</span> <span class='ocrx_word' id='word_1_258' title='bbox 943 3765 1011 3832; x_wconf 87' lang='lat' dir='ltr'>heri</span> <span class='ocrx_word' id='word_1_259' title='bbox 1027 3783 1090 3831; x_wconf 90' lang='lat' dir='ltr'>non</span> <span class='ocrx_word' id='word_1_260' title='bbox 1106 3765 1221 3834; x_wconf 91' lang='lat' dir='ltr'>debeat</span> <span class='ocrx_word' id='word_1_261' title='bbox 1236 3766 1341 3849; x_wconf 89' lang='lat' dir='ltr'>aliqua</span> 
     </span>
     <span class='ocr_line' id='line_1_31' title="bbox 15 3865 1281 3956; baseline -0.001 -18"><span class='ocrx_word' id='word_1_262' title='bbox 15 3865 16 3868; x_wconf 65' lang='grc'>’</span> <span class='ocrx_word' id='word_1_263' title='bbox 110 3874 246 3956; x_wconf 91' lang='lat' dir='ltr'>prouisio</span> <span class='ocrx_word' id='word_1_264' title='bbox 270 3891 366 3956; x_wconf 90' lang='lat' dir='ltr'>super</span> <span class='ocrx_word' id='word_1_265' title='bbox 388 3872 472 3940; x_wconf 87' lang='lat' dir='ltr'>lacto</span> <span class='ocrx_word' id='word_1_266' title='bbox 496 3874 671 3956; x_wconf 84' lang='lat' dir='ltr'>custodum,</span> <span class='ocrx_word' id='word_1_267' title='bbox 694 3871 750 3940; x_wconf 89' lang='lat' dir='ltr'>sed</span> <span class='ocrx_word' id='word_1_268' title='bbox 774 3877 968 3950; x_wconf 81' lang='lat' dir='ltr'>remaneant,</span> <span class='ocrx_word' id='word_1_269' title='bbox 992 3871 1035 3936; x_wconf 86' lang='lat' dir='ltr'>vti</span> <span class='ocrx_word' id='word_1_270' title='bbox 1058 3871 1158 3954; x_wconf 92' lang='lat' dir='ltr'>primo</span> <span class='ocrx_word' id='word_1_271' title='bbox 1181 3877 1281 3938; x_wconf 90' lang='lat' dir='ltr'>erant.</span> 
     </span>
    </p>
   </div>
   <div class='ocr_carea' id='block_1_7' title="bbox 111 4099 1340 4170">
    <p class='ocr_par' dir='ltr' id='par_1_8' title="bbox 111 4099 1340 4170">
     <span class='ocr_line' id='line_1_32' title="bbox 111 4099 1340 4170; baseline -0.002 -2"><span class='ocrx_word' id='word_1_272' title='bbox 111 4123 175 4168; x_wconf 66' lang='grc' dir='ltr'>ΟΠ·</span> <span class='ocrx_word' id='word_1_273' title='bbox 199 4123 289 4170; x_wconf 75' lang='lat' dir='ltr'>CXCV.</span> <span class='ocrx_word' id='word_1_274' title='bbox 313 4123 354 4166; x_wconf 71' lang='lat' dir='ltr'>DE</span> <span class='ocrx_word' id='word_1_275' title='bbox 368 4123 474 4168; x_wconf 72' lang='lat' dir='ltr'>DANDO</span> <span class='ocrx_word' id='word_1_276' title='bbox 490 4121 641 4168; x_wconf 72' lang='lat' dir='ltr'>BASTASIA</span> <span class='ocrx_word' id='word_1_277' title='bbox 655 4123 694 4164; x_wconf 75' lang='grc' dir='ltr'>ΕΤ</span> <span class='ocrx_word' id='word_1_278' title='bbox 710 4121 898 4168; x_wconf 67' lang='lat' dir='ltr'>mansues</span> <span class='ocrx_word' id='word_1_279' title='bbox 914 4122 1044 4166; x_wconf 61' lang='lat' dir='ltr'>ultanum</span> <span class='ocrx_word' id='word_1_280' title='bbox 1060 4099 1340 4166; x_wconf 58' lang='lat' dir='ltr'>oosnnumnmmst</span> 
     </span>
    </p>
   </div>
   <div class='ocr_carea' id='block_1_8' title="bbox 113 4238 1344 4639">
    <p class='ocr_par' dir='ltr' id='par_1_9' title="bbox 113 4238 1344 4639">
     <span class='ocr_line' id='line_1_33' title="bbox 149 4238 1341 4325; baseline -0.003 -17"><span class='ocrx_word' id='word_1_281' title='bbox 149 4241 231 4310; x_wconf 86' lang='lat' dir='ltr'>Item</span> <span class='ocrx_word' id='word_1_282' title='bbox 249 4241 412 4325; x_wconf 87' lang='lat' dir='ltr'>prouisum</span> <span class='ocrx_word' id='word_1_283' title='bbox 433 4239 495 4308; x_wconf 86' lang='lat' dir='ltr'>luit</span> <span class='ocrx_word' id='word_1_284' title='bbox 516 4247 549 4308; x_wconf 91' lang='lat' dir='ltr'>et</span> <span class='ocrx_word' id='word_1_285' title='bbox 571 4240 750 4308; x_wconf 89' lang='lat' dir='ltr'>ordinatum</span> <span class='ocrx_word' id='word_1_286' title='bbox 772 4257 831 4323; x_wconf 87' lang='lat' dir='ltr'>per</span> <span class='ocrx_word' id='word_1_287' title='bbox 852 4257 972 4318; x_wconf 81' lang='lat' dir='ltr'>omnes,</span> <span class='ocrx_word' id='word_1_288' title='bbox 996 4239 1080 4322; x_wconf 93' lang='lat' dir='ltr'>quod</span> <span class='ocrx_word' id='word_1_289' title='bbox 1103 4238 1248 4305; x_wconf 82' lang='lat' dir='ltr'>omnibus</span> <span class='ocrx_word' id='word_1_290' title='bbox 1268 4257 1341 4306; x_wconf 89' lang='lat' dir='ltr'>con·</span> 
     </span>
     <span class='ocr_line' id='line_1_34' title="bbox 113 4341 1344 4427; baseline -0.002 -15"><span class='ocrx_word' id='word_1_291' title='bbox 113 4341 301 4414; x_wconf 87' lang='lat' dir='ltr'>docentibus</span> <span class='ocrx_word' id='word_1_292' title='bbox 329 4345 457 4414; x_wconf 87' lang='lat' dir='ltr'>bladum</span> <span class='ocrx_word' id='word_1_293' title='bbox 486 4347 519 4412; x_wconf 91' lang='lat' dir='ltr'>in</span> <span class='ocrx_word' id='word_1_294' title='bbox 542 4344 679 4413; x_wconf 85' lang='lat' dir='ltr'>Curaula</span> <span class='ocrx_word' id='word_1_295' title='bbox 712 4347 825 4412; x_wconf 88' lang='lat' dir='ltr'>dentur</span> <span class='ocrx_word' id='word_1_296' title='bbox 847 4346 986 4412; x_wconf 84' lang='lat' dir='ltr'>bastasia</span> <span class='ocrx_word' id='word_1_297' title='bbox 1008 4353 1041 4410; x_wconf 88' lang='lat' dir='ltr'>et</span> <span class='ocrx_word' id='word_1_298' title='bbox 1064 4345 1227 4427; x_wconf 80' lang='lat' dir='ltr'>nragazeni</span> <span class='ocrx_word' id='word_1_299' title='bbox 1252 4343 1344 4410; x_wconf 90' lang='lat' dir='ltr'>Com-</span> 
     </span>
     <span class='ocr_line' id='line_1_35' title="bbox 114 4449 1344 4532; baseline -0.002 -16"><span class='ocrx_word' id='word_1_300' title='bbox 114 4452 222 4532; x_wconf 87' lang='lat' dir='ltr'>munis,</span> <span class='ocrx_word' id='word_1_301' title='bbox 246 4469 335 4518; x_wconf 85' lang='lat' dir='ltr'>more</span> <span class='ocrx_word' id='word_1_302' title='bbox 358 4451 460 4518; x_wconf 89' lang='lat' dir='ltr'>solito.</span> <span class='ocrx_word' id='word_1_303' title='bbox 483 4451 527 4518; x_wconf 86' lang='lat' dir='ltr'>Et</span> <span class='ocrx_word' id='word_1_304' title='bbox 550 4453 576 4517; x_wconf 90' lang='lat' dir='ltr'>si</span> <span class='ocrx_word' id='word_1_305' title='bbox 603 4470 665 4517; x_wconf 90' lang='lat' dir='ltr'>unu</span> <span class='ocrx_word' id='word_1_306' title='bbox 688 4457 782 4516; x_wconf 87' lang='lat' dir='ltr'>eruut</span> <span class='ocrx_word' id='word_1_307' title='bbox 804 4450 952 4517; x_wconf 76' lang='lat' dir='ltr'>custodes</span> <span class='ocrx_word' id='word_1_308' title='bbox 969 4449 1129 4530; x_wconf 90' lang='lat' dir='ltr'>adipsum</span> <span class='ocrx_word' id='word_1_309' title='bbox 1145 4449 1344 4530; x_wconf 88' lang='lat' dir='ltr'>portandum,</span> 
     </span>
     <span class='ocr_line' id='line_1_36' title="bbox 115 4553 1343 4639; baseline -0.001 -19"><span class='ocrx_word' id='word_1_310' title='bbox 115 4557 196 4638; x_wconf 89' lang='lat' dir='ltr'>quod</span> <span class='ocrx_word' id='word_1_311' title='bbox 217 4557 419 4639; x_wconf 88' lang='lat' dir='ltr'>reperiantur</span> <span class='ocrx_word' id='word_1_312' title='bbox 441 4557 582 4624; x_wconf 89' lang='lat' dir='ltr'>bastasia</span> <span class='ocrx_word' id='word_1_313' title='bbox 602 4575 661 4639; x_wconf 90' lang='lat' dir='ltr'>pro</span> <span class='ocrx_word' id='word_1_314' title='bbox 684 4557 790 4638; x_wconf 91' lang='lat' dir='ltr'>precio</span> <span class='ocrx_word' id='word_1_315' title='bbox 814 4555 978 4635; x_wconf 89' lang='lat' dir='ltr'>mercedis,</span> <span class='ocrx_word' id='word_1_316' title='bbox 1002 4553 1115 4635; x_wconf 91' lang='lat' dir='ltr'>quibus</span> <span class='ocrx_word' id='word_1_317' title='bbox 1130 4553 1343 4634; x_wconf 83' lang='lat' dir='ltr'>portatoribus</span> 
     </span>
    </p>
   </div>
   <div class='ocr_carea' id='block_1_9' title="bbox 164 4745 1175 4828">
    <p class='ocr_par' dir='ltr' id='par_1_10' title="bbox 164 4745 1175 4828">
     <span class='ocr_line' id='line_1_37' title="bbox 164 4745 1175 4828; baseline -0.005 -14"><span class='ocrx_word' id='word_1_318' title='bbox 164 4749 235 4815; x_wconf 87' lang='lat' dir='ltr'>¹Cl.</span> <span class='ocrx_word' id='word_1_319' title='bbox 250 4753 337 4814; x_wconf 86' lang='lat' dir='ltr'>etiam</span> <span class='ocrx_word' id='word_1_320' title='bbox 352 4767 439 4828; x_wconf 87' lang='lat' dir='ltr'>supra</span> <span class='ocrx_word' id='word_1_321' title='bbox 460 4768 562 4826; x_wconf 89' lang='lat' dir='ltr'>capp.</span> <span class='ocrx_word' id='word_1_322' title='bbox 583 4749 711 4822; x_wconf 76' lang='lat' dir='ltr'>Luxu,</span> <span class='ocrx_word' id='word_1_323' title='bbox 727 4749 836 4810; x_wconf 82' lang='lat' dir='ltr'>LXXX.</span> <span class='ocrx_word' id='word_1_324' title='bbox 861 4750 900 4808; x_wconf 90' lang='lat' dir='ltr'>et</span> <span class='ocrx_word' id='word_1_325' title='bbox 921 4747 991 4810; x_wconf 85' lang='lat' dir='ltr'>clv.</span> <span class='ocrx_word' id='word_1_326' title='bbox 1015 4745 1175 4809; x_wconf 78' lang='lat' dir='ltr'>statutt</span> 
     </span>
    </p>
   </div>
   <div class='ocr_carea' id='block_1_10' title="bbox 0 0 1718 5402">
    <p class='ocr_par' dir='ltr' id='par_1_11' title="bbox 0 0 1718 5402">
     <span class='ocr_line' id='line_1_38' title="bbox 0 0 1718 5402; baseline 0 0"><span class='ocrx_word' id='word_1_327' title='bbox 0 0 1718 5402; x_wconf 95' lang='lat' dir='ltr'> </span> 
     </span>
    </p>
   </div>
  </div>
 </body>
</html>
