3434 5368
547 1529 690 1601 LIBER
715 1527 884 1601 LEGUM
911 1525 973 1598 Ac
997 1523 1313 1599 STATUTORUM

399 1679 870 1785 CIUITATIS
916 1679 1023 1782 ΕΤ
1068 1676 1463 1782 INSULAE

681 1835 1170 1939 CURZULAE.
1284 1851 1292 1868 '

659 2147 700 2212 In
723 2145 784 2211 Dei
805 2149 903 2213 eterni
924 2149 1053 2212 nomine.
1081 2138 1190 2212 Annon.

308 2285 395 2368 „Hoc
417 2295 490 2351 otoni
511 2295 639 2362 statuto,
664 2295 692 2352 ot
718 2288 936 2351 ordinamenta
971 2288 1150 2367 communie,
1175 2285 1383 2351 echonomum
1409 2285 1552 2350 ciuitatis

306 2397 334 2454 et
358 2390 456 2456 insule
481 2389 621 2473 (dorcade,
643 2390 741 2478 fecto,
758 2391 851 2474 edita,
875 2392 1051 2476 coraposito,
1076 2398 1103 2456 ot
1126 2389 1336 2455 accomodata
1353 2409 1414 2472 per
1435 2389 1553 2466 mimos,

307 2493 418 2574 venien,
437 2501 470 2557 et
489 2494 633 2578 qneernlo
655 2495 817 2560 nomiliam
845 2495 980 2559 duodeno
1002 2485 1156 2572 deitatis,
1191 2501 1219 2558 ct
1241 2493 1357 2574 innodo,
1387 2491 1422 2556 in
1445 2475 1551 2556 Mille-

307 2597 393 2678 cimo,
410 2593 627 2663 Ducentesimo
648 2597 883 2678 Quartodecimo
900 2598 1031 2682 (anno)
1048 2596 1222 2662 indictione
1237 2595 1381 2678 sennua,
1399 2601 1427 2660 et
1442 2593 1554 2659 diebus

557 2723 565 2734 ’
616 2701 706 2784 infra
728 2703 844 2768 dictum
867 2723 983 2768 annum
1004 2700 1237 2767 correctiones

736 2912 804 2956 OAP.
827 2914 849 2954 1.
874 2914 916 2956 DE
938 2913 1113 2957 nomomlo.

352 3025 521 3108 Inprimis
555 3031 709 3092 statutum
733 3037 766 3094 ct
789 3028 969 3094 ordinatum
991 3035 1055 3111 est,
1090 3027 1190 3109 quod¹
1225 3027 1405 3107 quicunque
1438 3024 1553 3090 fecerit

309 3127 521 3208 homicidium,
545 3131 606 3197 nisi
628 3149 663 3198 se
687 3131 904 3210 defendendo,
940 3151 1002 3220 que
1024 3130 1165 3198 defensio
1189 3132 1293 3212 possit
1313 3131 1454 3212 legitime
1476 3147 1550 3210 pro·

308 3231 387 3312 bari,
411 3233 507 3299 mori³
530 3235 661 3313 debeet3
685 3236 711 3301 si
733 3235 901 3316 probatum
925 3234 1021 3301 fuerit
1044 3234 1157 3300 saltem
1181 3252 1240 3314 per
1263 3233 1343 3298 duos
1365 3237 1466 3299 testes
1480 3231 1550 3296 ido·

308 3351 395 3418 neos,
419 3341 476 3401 out
498 3344 665 3404 accusatus
688 3337 851 3404 confessus
873 3338 979 3418 fuerit„
1014 3337 1066 3404 uel
1088 3356 1146 3418 per
1168 3336 1325 3418 publicum
1347 3335 1464 3401 fanium
1487 3336 1551 3400 erit

303 3437 526 3518 menifestum
562 3441 721 3526 uidelicet,
746 3442 830 3524 quod
853 3443 879 3508 si
902 3441 1000 3506 fuerit
1022 3441 1146 3518 nobilis,
1170 3441 1387 3521 decepitetur;
1422 3438 1449 3504 si
1470 3456 1549 3504 uero

306 3542 468 3624 popularis
492 3544 716 3626 suspendetur,
749 3546 859 3610 taliter
881 3545 967 3625 quod
990 3543 1154 3609 moriatur.
1187 3543 1248 3620 Qui
1271 3542 1429 3608 homicida
1451 3542 1477 3606 si
1500 3541 1550 3605 iu·

305 3645 396 3727 gerit,
421 3647 536 3727 perdet
558 3647 688 3713 terciam
711 3655 834 3730 partem
858 3649 995 3715 omnium
1017 3649 1171 3714 bonorum
1194 3665 1332 3723 suorum,
1363 3663 1425 3727 que
1448 3646 1549 3710 tercie

303 3766 379 3829 pars
412 3747 573 3814 diuidetur
608 3769 665 3832 per
697 3751 837 3816 medinm
871 3751 955 3816 inter
991 3768 1155 3816 commune
1190 3748 1326 3831 Curqule
1356 3755 1390 3814 et
1411 3748 1546 3814 heredes

305 3849 401 3930 illiue,
425 3849 478 3932 qui
501 3850 599 3918 fuerit
620 3852 818 3920 interfectus.
849 3853 940 3919 Etsi
965 3855 1018 3934 qui
1041 3853 1146 3918 uocati
1168 3852 1285 3917 fuerint
1312 3853 1344 3917 in
1368 3857 1467 3918 cosme
1490 3869 1549 3934 per

308 3971 473 4020 commune
495 3973 592 4038 super
614 3955 690 4040 hoc,
726 3963 759 4023 et
782 3958 890 4023 uenire
914 3956 1158 4039 recusauerint‚³
1191 3956 1244 4022 uel
1267 3955 1294 4020 si
1317 3956 1480 4034 uenerint,
1515 3962 1549 4021 et

307 4075 370 4123 non
393 4055 536 4126 dicerent
558 4059 726 4126 ueritatem
750 4079 809 4143 per
830 4061 1051 4138 iuramentum,
1076 4059 1204 4125 soluent
1219 4060 1374 4126 communi
1390 4076 1548 4140 ypeu'pere

307 4159 553 4244 quinquenium
577 4169 611 4229 et
634 4165 660 4229 si
684 4163 851 4250 (aliquis
881 4162 1032 4248 eorum)
1057 4183 1119 4230 non
1135 4163 1283 4230 hebuerit
1305 4161 1387 4226 vnde
1410 4161 1546 4241 soluere,

308 4265 337 4329 ei
354 4283 465 4329 monus
489 4264 619 4331 dexteru
645 4274 845 4349 amputetur3
869 4274 902 4333 et
924 4269 950 4332 ei
974 4267 1102 4350 fugerit,
1127 4267 1170 4332 sit
1191 4266 1223 4330 in
1246 4265 1351 4330 bonno
1367 4262 1547 4347 perpetuali

305 4366 459 4449 perdendi
483 4367 584 4450 ipsam
608 4389 743 4451 menum,
768 4389 930 4454 quousque
953 4370 1146 4453 persoluerit
1167 4370 1272 4452 ipsum
1294 4369 1443 4435 bennum.

349 4561 359 4597 ¹
378 4564 464 4640 Cau:
484 4563 625 4648 „quio“.

349 4648 463 4726 ”depe
484 4649 656 4726 „simori“
678 4653 754 4710 cios
1326 4723 1329 4728 Ι

351 4734 596 4798 ⁸Emcndevimuc
612 4738 648 4798 od
665 4737 757 4798 inetur
772 4737 815 4798 ed.
836 4735 906 4798 Ven.
923 4733 1009 4816 Oen:
1033 4731 1364 4822 „rocueuucrunt“.
