3398 5354
291 378 295 387 ’
374 418 437 481 222

374 637 453 686 2222
476 623 586 700 pastor
608 615 838 698 fraudulenter,
868 615 921 681 uel
953 615 1076 697 eliquo¹
1099 615 1207 695 iniquo
1236 615 1371 696 iugenio,
1403 615 1471 680 siue
1491 633 1528 679 ex
1546 631 1612 680 sm

374 720 589 804 negligentia²
611 720 663 785 uel
686 719 770 784 mela
792 719 937 784 custodie
960 717 1080 800 aliquid
1103 717 1288 800 perdiderit,
1320 717 1462 782 totaliter
1483 716 1523 781 de
1538 717 1613 797 ipso

375 823 507 891 damno⁸
529 823 656 888 domino
680 821 837 904 pecudum
860 821 1055 903 respondere
1079 827 1111 886 22
1134 819 1227 900 plene
1249 819 1432 886 satisfacere
1455 825 1611 884 teneatur.

709 1067 777 1113 (M.
800 1069 852 1110 xm.
878 1068 921 1110 DE
943 1067 1072 1112 noum
1094 1067 1282 1111 sesamum.

419 1186 503 1252 Item
534 1188 688 1250 statutum
723 1187 757 1250 22
788 1183 968 1248 ordinatum
997 1187 1057 1257 est,
1088 1183 1173 1265 quod
1202 1183 1230 1249 22
1259 1182 1331 1265 quis
1362 1183 1460 1250 uellet
1489 1189 1617 1265 portare

377 1289 497 1356 bestias
527 1293 671 1354 mortuas
693 1286 746 1353 uel
776 1286 868 1352 uiuae
897 1286 1065 1366 beocherie
1095 1290 1185 1352 22222
1213 1285 1377 1352 ciuitatem
1400 1285 1532 1368 spumei,
1559 1287 1616 1352 221

378 1393 448 1458 2222
472 1392 638 1458 districtus
655 1408 713 1472 per
726 1407 828 1474 mare,
852 1390 968 1456 debeat
990 1389 1114 1456 soluere
1137 1389 1304 1470 douenam,
1328 1409 1392 1474 que
1415 1391 1561 1458 deueniat
1578 1392 1616 1456 22

377 1513 541 1562 commune
565 1501 685 1560 22222
709 1493 901 1575 douanarijs.
939 1493 983 1558 Et
1006 1491 1048 1558 ad
1070 1493 1131 1572 hec
1154 1493 1344 1560 inueniende
1366 1499 1400 1560 et
1417 1494 1617 1576 2222222222ι

379 1599 554 1681 222222221
569 1615 626 1680 222
643 1614 808 1664 commune
823 1596 886 1662 duo
902 1594 1016 1662 fideles
1038 1595 1189 1676 homines,
1213 1598 1267 1678 qui
1287 1595 1426 1664 fideliter
1447 1605 1619 1680 222222222

378 1703 495 1768 dictum
518 1701 684 1784 negocium
707 1717 765 1782 pro
789 1717 965 1782 commuue,
988 1699 1139 1767 uidelicet
1160 1717 1218 1781 pro
1240 1701 1325 1767 boue
1347 1703 1490 1784 quinque
1512 1701 1617 1767 soldos

378 1805 482 1870 minus
513 1805 651 1886 denarijs
686 1809 833 1886 quatuor,
864 1820 921 1883 pro
952 1821 1050 1885 porco
1080 1809 1145 1868 tres
1169 1803 1277 1869 soldos
1300 1810 1332 1871 et
1357 1804 1530 1886 dimidium,
1560 1823 1618 1886 pro

378 1913 537 1992 montone,
561 1925 658 1990 cepra
680 1912 714 1974 22
735 1906 854 1974 beccho
877 1906 1117 1988 quatuordecim
1138 1908 1295 1974 denarios

823 2153 891 2199 on.
914 2154 978 2198 m.
1001 2155 1045 2197 DE
1065 2155 1183 2199 eoum.

428 2271 509 2339 Item
532 2275 687 2337 statutum
704 2274 737 2337 et
752 2269 930 2336 ordinatum
945 2273 1003 2349 est
1028 2270 1113 2351 quod
1136 2269 1268 2352 quilibet
1290 2275 1410 2353 postor,
1433 2271 1488 2351 qui
1502 2271 1624 2353 recepit

381 2375 505 2457 aliquas
528 2374 648 2441 bestias
670 2373 712 2440 ad
735 2373 990 2458 custodiendum,
1022 2379 1172 2440 teneatur
1199 2373 1325 2441 domine
1350 2374 1492 2440 debitam
1514 2373 1622 2440 12222

384 2479 539 2546 rationem
563 2477 604 2546 de
626 2477 771 2544 omuibus
801 2478 960 2559 perceptis
983 2482 1017 2544 et
1038 2477 1154 2543 habitis
1178 2483 1211 2544 et
1233 2477 1373 2560 deipsis
1404 2478 1526 2560 bestiJ's,
1557 2483 1624 2543 tam

382 2581 511 2662 letibus,
535 2580 621 2663 1222,
644 2599 736 2647 caseo
759 2585 793 2646 22
815 2581 961 2648 omnibus
983 2581 1055 2664 alijs
1077 2580 1231 2648 fructibus
1254 2587 1287 2648 22
1309 2581 1489 2648 redditibus
1511 2599 1626 2650 22222·

382 2684 465 2765 dem,
488 2685 516 2751 si
539 2703 559 2751 a
582 2684 709 2750 domino
731 2683 828 2751 fuerit
850 2684 1031 2766 requisitus.

641 2932 710 2976 222.
733 2931 810 2973 xum.
842 2929 884 2973 22
906 2930 1099 2975 musaeus
1120 2932 1161 2976 22
1183 2909 1363 2974 sincerat

427 3049 509 3116 12222
533 3052 689 3114 statutum
711 3051 746 3113 et
769 3046 949 3113 ordinatum
972 3052 1031 3126 est,
1063 3047 1149 3129 quod
1171 3053 1342 3130 postquam
1364 3047 1559 3114 marinarios
1582 3045 1628 3114 12

384 3153 463 3221 oerit
486 3151 689 3220 concordium
707 3167 778 3215 2222
801 3155 937 3233 2222222
961 3150 1058 3216 lembi
1081 3151 1123 3216 de
1145 3151 1249 3218 eundo
1272 3169 1343 3216 cum
1366 3151 1438 3234 ipso
1459 3153 1496 3216 io
1517 3151 1628 3233 aliquo

384 3256 500 3338 uiegio,
530 3255 616 3336 quod
646 3255 733 3320 nullo
764 3253 858 3320 modo
889 3253 1078 3320 marinarios
1100 3255 1169 3319 sine
1191 3253 1321 3320 licentia
1351 3255 1477 3336 patroni
1509 3255 1632 3320 audeat

385 3359 433 3425 ire
456 3363 547 3424 extra
569 3357 744 3442 ciuitatem,
776 3357 828 3423 uel
850 3361 978 3436 terram,
1010 3358 1043 3422 22
1065 3374 1128 3439 qua
1150 3357 1241 3423 nauis
1263 3356 1369 3437 fuerit,
1399 3357 1454 3424 221
1476 3356 1631 3442 lembum,

383 3463 431 3529 222
458 3462 544 3544 quod
574 3462 616 3527 ad
647 3461 834 3542 peticionem
868 3461 994 3543 patroni
1029 3459 1099 3527 2222
1130 3460 1261 3526 2222227
1292 3467 1326 3528 22
1354 3446 1534 3528 dificultate¹
1564 3463 1635 3544 ipse

386 3565 575 3632 marinarios
596 3564 700 3646 possit
721 3583 794 3632 esse
815 3565 856 3631 ad
871 3564 1011 3631 lembum
1033 3565 1118 3631 omni
1139 3569 1283 3647 tempore
1305 3571 1462 3648 oportuno
1478 3566 1521 3631 22
1537 3584 1634 3633 exer·

386 3667 521 3736 cendum
544 3666 684 3733 officium
707 3668 889 3748 marinarie.
924 3665 986 3745 Qui
1008 3685 1084 3734 uero
1108 3674 1218 3734 222222
1248 3666 1370 3750 fecerit,
1401 3688 1459 3751 pro
1483 3669 1634 3750 qualibet

389 3771 441 3839 die
463 3772 652 3837 marinarios
675 3771 780 3838 soluat
801 3777 937 3854 patrono
959 3769 1073 3855 uiginti
1096 3772 1213 3838 soldos.
1238 3771 1303 3839 Sed
1324 3773 1351 3838 si
1367 3772 1508 3840 lembum
1529 3770 1637 3839 222222

384 3875 418 3942 22
441 3874 570 3957 2212222,
593 3873 750 3958 uolumus,
781 3875 867 3956 quod
889 3875 1078 3943 marinarios
1108 3876 1195 3942 nullo
1219 3877 1313 3943 modo
1335 3876 1443 3944 ualeat
1464 3876 1636 3943 dimittere

386 3981 492 4062 ipsum
518 3977 658 4044 lembum
681 3979 750 4045 siue
776 3978 906 4046 licentia
927 3980 1060 4071 petroni
1086 3980 1138 4046 uel
1164 3980 1315 4062 nauclerij
1342 3980 1438 4048 lembi
1460 3981 1520 4048 sub
1545 3981 1637 4047 dicta
1698 4019 1699 4052 2

385 4099 479 4166 pena.

433 4273 445 4308 ¹
467 4276 561 4335 Deest
581 4275 612 4334 22
634 4275 712 4336 222.
736 4276 843 4338 acad.
866 4277 938 4338 Bet
951 4294 1000 4352 ap.
1023 4276 1133 4354 Ljub.
1203 4273 1289 4354 'Ap
1313 4276 1440 4354 ejula
1466 4295 1523 4354 „ex
1540 4294 1637 4339 causa
1697 4243 1698 4258 ἵ

385 4359 594 4441 neglig'entip“.
677 4358 790 4423 ³cod.
813 4363 919 4424 acad.
942 4363 985 4423 B:
1012 4357 1188 4446 „dampno‘.
1271 4360 1362 4440 ‘Ap
1385 4363 1513 4440 Ljub.:
1538 4365 1636 4442 „roei-

386 4447 536 4526 piantur“.
606 4443 847 4510 ⁶Deestibid.
919 4447 1258 4528 ⁶ibid.:„neuium“.
1329 4447 1561 4528 ⁷Of.adn.3)
