3396 5402
469 761 534 804 cnr.
558 763 628 806 xor.
652 763 693 806 on
715 763 931 808 nxnaaorronn
953 741 1119 807 rtarrnnnr.¹

220 860 300 926 ltem
323 862 501 941 statuimus,
525 863 610 944 quod
634 865 660 930 si
683 865 752 944 quis
770 863 906 930 forensis
929 863 1100 930 extraxerit
1122 869 1212 930 extra
1235 861 1411 929 districtum

180 962 315 1046 Curqule
347 971 396 1031 tot
428 967 552 1049 lapides
583 973 676 1050 aptos
710 967 751 1033 ad
785 966 1009 1046 fabricandum,
1045 967 1084 1032 de
1117 968 1230 1048 quibus
1264 974 1413 1033 oneretur

178 1071 349 1153 nauigium,
373 1072 458 1152 qnod
481 1073 583 1154 possit
604 1077 731 1154 portare
755 1091 834 1137 onus
856 1073 1032 1138 modiorum
1055 1077 1179 1137 centnm
1203 1071 1289 1150 salis,
1305 1071 1411 1139 soluat

180 1175 336 1240 communi
358 1176 506 1242 ducatum
528 1195 622 1242 vnum
643 1177 720 1242 auri.
746 1177 829 1243 Etsi
846 1175 942 1243 tuerit
964 1177 1003 1242 ab
1026 1195 1087 1243 vno
1103 1177 1284 1242 centenario
1301 1194 1406 1258 snpra,

180 1279 286 1346 soluat
307 1298 365 1363 per
387 1285 488 1346 ratam
512 1301 568 1362 pro
592 1281 733 1362 quolibet
762 1280 942 1346 centenario
973 1280 1089 1345 dictum
1121 1280 1268 1346 ducatum
1296 1299 1408 1361 rnum3

180 1389 214 1450 et
237 1385 398 1463 siminus
423 1385 567 1452 similiter
589 1405 646 1466 per
668 1391 789 1464 ratam3
813 1391 846 1452 et
867 1385 971 1450 nullus
1002 1385 1120 1451 audeat
1150 1385 1315 1452 extrahere
1343 1391 1409 1451 tam

179 1489 269 1574 ciuis,
293 1507 386 1571 quarn
410 1489 544 1556 lorensis
568 1491 627 1556 nisi
658 1491 759 1573 primo
790 1489 931 1556 notificet
953 1490 1095 1572 regimini
1126 1495 1159 1556 et
1188 1489 1284 1555 faciat
1313 1491 1407 1557 scribi

179 1595 211 1658 in
228 1593 415 1660 cancellaria
437 1613 518 1676 pena
543 1613 767 1676 yperperorum
784 1593 1035 1676 uigintiquinque
1062 1600 1196 1677 patrono
1218 1595 1356 1678 lapidum
1380 1600 1413 1660 et

179 1697 431 1780 uigintiquinqne
451 1705 583 1782 patrono
607 1700 732 1781 nauigij,
755 1717 816 1780 que
838 1718 920 1781 pena
943 1699 1090 1766 deueniat
1112 1701 1144 1763 in
1167 1717 1346 1778 commune3
1378 1704 1411 1766 et

178 1803 314 1884 quilibet
336 1804 438 1885 possit
459 1821 608 1869 accusare
631 1809 664 1870 et
685 1804 800 1870 habeat
822 1804 952 1869 terciam
975 1807 1096 1885 partem
1121 1804 1224 1869 banni.

177 2000 247 2044 GAP.
270 2001 354 2044 xcvi.
371 2001 454 2052 Quor)
470 2001 575 2044 NUlslsA
590 2001 761 2043 SENTENTIA
780 2002 881 2046 POSSIT
898 2001 995 2044 auum
1018 2002 1088 2042 PER
1110 2003 1125 2044 S
1134 2002 1154 2044 U
1164 2001 1180 2044 0
1189 2001 1206 2044 0
1214 2003 1276 2046 RES
1286 2003 1303 2044 0
1312 2005 1333 2044 ll.
1340 2003 1360 2044 ll
1368 1980 1411 2047 δια

224 2099 305 2167 Item
328 2100 505 2176 statuimus,
538 2102 622 2182 quod
652 2119 713 2165 vna
743 2118 865 2182 queque
894 2101 1054 2166 sentencia
1084 2105 1148 2166 tarn
1176 2101 1285 2186 ciuilis,
1315 2119 1409 2184 quam

176 2205 359 2284 criminalis,
376 2204 461 2271 facta
475 2224 533 2287 per
549 2205 686 2286 aliquem
702 2207 856 2283 comitem,
875 2206 1034 2284 uicarium,
1059 2209 1213 2272 rectorem
1235 2213 1268 2271 et
1289 2205 1408 2272 iudices

176 2315 356 2392 presentes,
373 2328 429 2376 seu
444 2310 575 2388 futnros,
601 2328 657 2392 per
674 2329 783 2376 eorum
800 2328 999 2375 successores
1015 2309 1142 2374 minime
1158 2307 1284 2392 infringi
1299 2311 1409 2391 possit,

176 2432 237 2480 nec
259 2414 370 2495 rumpi.
403 2413 446 2478 Et
475 2414 534 2478 hoc
562 2413 757 2494 intelligatur
788 2421 853 2478 lam
885 2415 924 2480 de
954 2413 1062 2488 tactio,
1096 2431 1187 2494 qnam
1220 2413 1260 2479 de
1289 2412 1410 2482 fiendis·

176 2517 297 2584 Verum
331 2517 562 2599 unnsquisque³
590 2519 643 2599 qni
669 2520 804 2583 sentiret
833 2537 867 2583 so
896 2523 1073 2600 grauatum,
1103 2518 1203 2599 possit
1230 2518 1282 2583 nel
1316 2518 1410 2586 liceat

175 2620 353 2704 appellare,
376 2628 470 2703 prout
492 2623 524 2687 in
548 2623 685 2703 capitulo
710 2625 748 2688 tle
772 2623 1035 2704 appellationibus
1058 2623 1264 2687 continetur.⁴

128 2782 134 2794 Ι
201 2817 269 2861 ΟΔΡ.
293 2819 390 2861 xovn.
413 2819 454 2859 DE
476 2818 649 2861 arabartum
671 2821 805 2862 tunicula
827 2820 1022 2861 barranum
1045 2821 1116 2861 PER
1138 2797 1389 2864 constarunt.⁵

221 2916 304 2982 Item
339 2918 518 3003 statamus,
553 2919 636 2999 quod
669 2919 807 3000 regimen
839 2937 899 2983 vna
927 2893 1004 2982 cum'
1028 2917 1099 3000 alijs
1132 2919 1325 3002 consiliarijs,
1357 2919 1410 3001 qui

177 3027 273 3087 emnt
295 3020 328 3086 in
350 3021 489 3102 ciuitate,
513 3022 651 3088 habeant
672 3025 872 3092 autoritatem
896 3025 1038 3090 mittendi
1059 3043 1117 3106 per
1132 3023 1296 3089 consilium
1312 3041 1409 3106 quan·

177 3127 365 3208 ducumque,
389 3132 423 3192 et
443 3127 539 3193 toties
554 3127 677 3209 quoties
701 3128 838 3194 uiderint
863 3129 930 3195 iore
953 3135 1141 3212 oportunum
1158 3134 1191 3193 et
1206 3133 1281 3193 tnnc
1303 3146 1410 3195 omnes

177 3232 349 3313 consiliarij
374 3231 512 3296 omnium
536 3225 685 3297 uillarum
706 3233 842 3299 debeant
865 3235 972 3300 uenire
996 3233 1036 3298 ad
1052 3233 1231 3312 marsilinm3
1251 3239 1283 3297 et
1298 3233 1325 3298 si
1340 3233 1410 3313 quis

179 3355 244 3402 non
267 3337 402 3414 uenerit,
427 3337 531 3402 soluat
554 3337 637 3400 illam
670 3355 793 3419 penam,
823 3359 883 3421 qne
912 3339 1057 3420 imposita
1086 3338 1146 3402 erit
1173 3355 1230 3418 per
1257 3337 1410 3420 regimem

177 3441 267 3508 saluo
292 3460 416 3522 semper
437 3441 520 3506 iusto
555 3442 788 3526 impedimento,
820 3445 859 3508 de
883 3461 944 3524 quo
967 3443 1190 3524 impedimento
1213 3442 1308 3507 faciat
1338 3441 1410 3509 talis

177 3545 349 3629 impeditus
372 3545 588 3611 certitudinem
606 3547 747 3628 regimini
765 3567 822 3629 per
838 3567 881 3628 se,
906 3547 957 3612 uel
973 3567 1029 3630 per
1046 3547 1141 3613 aliurn
1158 3546 1239 3612 infra
1254 3547 1321 3614 dies
1338 3552 1409 3612 octo

184 3649 343 3731 proximos
377 3654 451 3732 post
485 3649 601 3715 dictum
632 3651 810 3732 consilium3
842 3653 933 3718 aliter
963 3652 1031 3718 eius
1061 3670 1176 3717 excusa
1198 3669 1261 3718 non
1295 3652 1409 3730 ualeat,

178 3754 270 3820 saluo
292 3753 397 3833 etiam
420 3755 540 3836 siquis
563 3755 694 3822 baberet
716 3758 849 3838 gratiam
873 3758 1050 3839 specialem.

256 3934 323 3977 aar.
346 3933 455 3976 novur.
479 3935 520 3975 oa
542 3934 732 3978 normannos
756 3935 932 3998 narratore,
956 3937 1054 3988 quon
1077 3936 1152 3978 noa
1175 3935 1335 3978 nossrrr

354 4021 504 4062 rnnnnn
526 4021 629 4064 nomn
651 4023 841 4080 Pennana,
863 4025 996 4075 anona
1018 3999 1237 4065 marnam

222 4119 303 4185 Item
326 4119 502 4206 statuimua‚
526 4122 609 4202 quod
642 4123 668 4186 si
691 4123 796 4204 aliqua
817 4123 890 4202 filia,
927 4123 979 4188 uel
1000 4141 1089 4190 soror
1111 4121 1240 4187 alicuius
1263 4120 1411 4187 maritata

178 4225 277 4290 luerit
297 4243 354 4306 per
376 4225 507 4306 patrem,
532 4231 673 4307 matrem,
699 4233 755 4292 aut
776 4227 900 4306 iratres,
923 4233 1047 4294 mortuo
1071 4233 1160 4309 patre
1173 4231 1207 4292 et
1221 4231 1329 4306 matre,
1347 4243 1410 4292 non

227 4381 313 4446 ¹lld.
330 4385 410 4445 Van.
428 4386 522 4448 aaut:
542 4388 589 4468 „et
603 4388 648 4446 sni
663 4387 811 4462 pedagio“.

224 4467 337 4532 'Deest
354 4474 383 4531 in
399 4473 478 4533 (lod.
495 4473 578 4548 Cap.

228 4556 324 4620 ³00n
353 4562 436 4635 (lap.
457 4562 653 4635 „unicuique“.

226 4643 298 4706 ⁴01⁸.
315 4663 401 4722 snpra
417 4665 489 4722 cap.
506 4647 592 4708 XXV.
605 4648 759 4730 statuti,
772 4667 823 4709 nec
839 4665 892 4710 non
909 4667 983 4724 cap.
1001 4649 1046 4709 cl.
1059 4647 1233 4710 etoxxm.
1247 4643 1407 4708 Reform.

227 4729 339 4793 ⁵Daest
353 4735 383 4793 in
398 4733 477 4796 aot.
495 4736 575 4810 cap.

224 4816 239 4854 ⁸
253 4819 364 4882 Verba:
383 4823 476 4904 „qnod
492 4855 534 4865 -
550 4820 693 4882 materne
713 4824 815 4883 desunt
830 4824 859 4883 in
875 4825 954 4886 (lod.
972 4824 1057 4900 Gap.

1239 4921 1257 4956 ff
