3376 5392
748 731 792 772 rx.
819 731 952 772 urrunsa
973 731 1104 774 nuonurs
1127 718 1185 786 vd,

452 808 480 863 iu
499 825 554 878 qua
571 807 604 863 de
623 807 695 864 datio
714 827 763 880 pro
782 811 842 864 rino
861 811 988 866 Venetiae
1011 809 1090 865 ducto
1109 810 1141 866 de
1159 811 1264 866 ratione
1282 811 1325 867 sui
1343 811 1479 867 introitus

397 965 583 1034 Franciscus
607 967 747 1054 Foscorc',
771 969 832 1034 Dei
851 972 957 1054 pratia
980 970 1045 1034 dara
1073 969 1271 1036 Venetiorum
1293 979 1346 1036 etc.

394 1108 561 1176 Nobilibus
584 1116 618 1175 et
640 1111 834 1193 sapientibus
856 1112 931 1176 viris
947 1112 1117 1194 Paugratlo
1133 1111 1269 1194 Georgia
1292 1113 1332 1177 de
1354 1130 1413 1178 suo
1433 1111 1581 1178 mandato

352 1215 457 1281 comiti
480 1214 633 1282 Curzulee
663 1223 696 1282 et
726 1216 962 1283 successoribus
986 1217 1051 1282 suis
1074 1215 1221 1284 fidelibus
1244 1217 1367 1283 dilectis
1391 1217 1584 1283 salutemet

353 1319 527 1386 dilectionis
550 1319 705 1387 affectum,

396 1422 483 1490 Sicut
504 1407 631 1510 petitur,
663 1426 793 1492 fecimus
824 1429 1060 1494 concessionem
1088 1428 1151 1492 illis
1173 1427 1291 1492 nostris
1314 1425 1473 1510 fidelibus,
1497 1426 1584 1508 quod

352 1529 467 1608 vinum,
499 1531 583 1612 quod
606 1531 645 1598 de
669 1533 733 1598 suis
756 1533 932 1599 redditibus
955 1533 1142 1617 percipiunt,
1173 1533 1297 1616 possint
1320 1531 1498 1597 conducere
1521 1529 1583 1596 Ve-

351 1634 461 1716 netiae,
493 1636 646 1703 soluendo
677 1639 825 1704 ducatum
854 1657 950 1703 unum
973 1657 1041 1703 curn
1066 1637 1193 1704 dimidio
1216 1639 1247 1702 in
1269 1637 1413 1719 Venetijs
1438 1655 1496 1718 pro
1519 1655 1583 1700 am·

350 1739 450 1821 phora
472 1740 511 1806 de
528 1741 612 1807 datio
630 1742 706 1821 sibi3
730 1749 896 1824 praetextu
913 1745 1001 1818 cuius
1021 1743 1233 1810 concessionis
1247 1741 1337 1807 multi
1353 1747 1464 1806 emunt
1479 1740 1585 1805 ahena

351 1845 423 1909 vina
452 1853 484 1912 et
514 1845 569 1912 ille
598 1847 777 1912 conducunt
799 1847 948 1914 Venetiae
979 1853 1012 1913 et
1035 1847 1164 1913 soluunt
1187 1847 1289 1914 solum
1313 1847 1463 1912 ducatum
1485 1863 1583 1909 unum

351 1969 421 2014 cum
451 1951 578 2018 dimidio
609 1952 648 2018 de
678 1952 764 2018 datio
795 1971 852 2034 pro
883 1953 1043 2035 amphora,
1075 1953 1158 2034 quod
1182 1957 1232 2017 est
1254 1957 1529 2017 contrementem
1552 1955 1584 2016 et

350 2055 556 2122 intentionem
588 2063 746 2137 nostram3
779 2058 851 2138 quia
881 2060 907 2122 si
938 2059 1015 2141 ipsis
1045 2057 1191 2123 fidelibus
1221 2056 1338 2122 nostris
1362 2075 1431 2122 eam
1456 2072 1583 2121 conces·

351 2159 471 2226 sionem
494 2160 622 2227 fecimus
645 2163 745 2227 solum
768 2163 807 2228 de
831 2163 909 2228 vinis
933 2163 1110 2228 reddituum
1136 2180 1263 2228 suorum
1286 2167 1318 2226 et
1340 2179 1403 2226 non
1428 2161 1468 2226 de
1491 2161 1582 2238 vinis,

350 2281 430 2344 quae
453 2271 577 2331 emunt:
601 2267 684 2332 uude
707 2268 942 2334 considerantes
965 2269 997 2332 id
1020 2269 1058 2332 ad
1083 2267 1230 2332 damnum
1251 2267 1328 2331 datii
1351 2265 1454 2333 nostri
1477 2265 1581 2330 Vene-

349 2371 463 2435 tiarum
487 2371 654 2452 plurimum
670 2373 829 2451 accedere,
847 2375 993 2455 quoniam
1009 2373 1063 2450 illi,
1081 2373 1133 2454 qui
1150 2372 1267 2438 debent
1283 2371 1408 2438 soluere
1423 2371 1582 2454 integrum

352 2475 471 2540 datium
501 2477 558 2542 sub
590 2477 770 2543 huiusmodi
802 2483 966 2560 praetextu
998 2497 1017 2543 a
1045 2477 1217 2544 medietate
1247 2476 1323 2541 datii
1353 2476 1582 2551 ahsoluuutur3

352 2579 494 2646 volumus
517 2586 550 2646 et
572 2580 715 2647 fidelitati
744 2590 869 2648 uestrae
896 2583 1004 2648 stricte
1035 2583 1197 2648 scribimus
1221 2587 1255 2647 et
1275 2581 1474 2658 mandamus,
1506 2597 1582 2661 qua·

351 2689 443 2750 tenus
463 2703 533 2750 esse
557 2685 698 2752 debeatis
722 2705 791 2751 cum
814 2687 875 2752 illis
898 2687 1043 2754 fidelibus
1068 2689 1183 2755 nostris
1207 2684 1453 2752 deindeeisdem
1477 2683 1580 2750 decla-

352 2789 448 2854 rando
465 2789 690 2872 deceptionem,
714 2811 795 2873 quae
810 2791 846 2858 fit
860 2793 892 2858 in
906 2793 966 2858 hoc
983 2799 1014 2859 et
1029 2794 1187 2870 damnum,
1215 2791 1297 2874 quod
1313 2791 1456 2872 sequitur
1473 2796 1580 2854 nomro

351 2895 506 2960 communi
523 2901 555 2960 et
570 2897 654 2978 quod
670 2897 710 2962 ad
725 2897 784 2962 hoc
796 2899 991 2979 prouideent,
1009 2917 1048 2963 ue
1061 2898 1153 2964 detur
1165 2897 1253 2962 nobis
1265 2895 1397 2961 materia
1408 2893 1581 2960 reuocandi

351 3001 484 3084 gratiam
506 3000 551 3066 eis
573 3000 697 3066 factam.
728 3003 771 3066 Et
793 3003 948 3082 uolumus,
973 3004 1233 3085 quandocumque
1256 3001 1295 3066 de
1318 3003 1425 3065 cetero
1449 2999 1528 3063 vius
1542 2999 1580 3064 de

350 3105 427 3170 locis
450 3106 609 3188 regiminis
625 3108 721 3173 vestri
738 3109 941 3174 extrahentur
957 3127 1013 3190 pro
1030 3106 1233 3173 conducendo
1249 3106 1411 3182 venetias
1435 3104 1578 3170 debeatis

351 3208 419 3274 fieri
441 3207 547 3276 lacere
570 3211 807 3276 extrahentibus
823 3214 1065 3290 contralitteras,
1089 3211 1254 3292 inquibus
1277 3209 1394 3291 scripta
1417 3208 1459 3274 sit
1482 3227 1579 3290 quau·

349 3315 424 3378 titas
448 3313 587 3381 eiusdem
609 3317 672 3381 vini
695 3321 728 3382 et
749 3336 862 3384 nomen
886 3318 972 3383 cuius
994 3323 1053 3395 est,
1070 3323 1103 3382 et
1125 3316 1151 3382 si
1168 3315 1228 3381 erit
1243 3315 1283 3380 de
1298 3312 1477 3379 redditibus
1502 3311 1575 3393 suis,

351 3419 400 3486 vel
424 3438 502 3498 non;
527 3438 607 3501 quae
630 3423 862 3488 coutralitterue
886 3422 1060 3504 dirigantur
1083 3427 1116 3486 et
1132 3424 1375 3502 praesententur
1390 3415 1578 3482 officialibus

352 3524 428 3608 datij
453 3525 515 3590 vini
530 3526 562 3590 in
585 3525 734 3611 Venetiis,
759 3534 795 3591 ut
810 3527 927 3592 iaciant
941 3527 1021 3592 solui
1038 3524 1198 3590 dimidium
1214 3525 1332 3590 datium
1349 3528 1404 3588 aut
1418 3523 1575 3601 integrum

352 3631 433 3696 siout
455 3631 637 3710 debebitur;
661 3631 744 3696 circa
766 3650 859 3713 quam
883 3650 948 3696 rem
973 3629 1067 3694 talem
1086 3629 1211 3693 modum
1235 3627 1411 3694 adhibeatis
1436 3633 1470 3692 et
1485 3645 1573 3710 regu-

351 3735 431 3814 lam,
462 3743 498 3801 ut
530 3736 568 3801 de
601 3741 705 3801 cetero
736 3736 776 3802 ab
806 3735 982 3801 huiusmodi
1013 3733 1250 3800 extrahentibus
1280 3733 1351 3798 vina
1380 3730 1485 3814 decipi
1518 3749 1577 3796 nou

351 3859 528 3924 possumus,
556 3842 635 3906 sicut
664 3841 816 3906 hactenus
846 3839 1003 3920 feceruut,
1035 3857 1157 3920 exque
1188 3839 1335 3904 damnum
1364 3835 1575 3902 inestimabile

350 3947 546 4030 pertulimus.

392 4053 509 4118 Datum
531 4052 692 4118 innostro
715 4051 818 4116 ducali
840 4051 957 4134 palatio
980 4050 1031 4116 die
1054 4048 1137 4131 xxiij.
1170 4047 1285 4114 mensis
1304 4045 1448 4129 Augusti,
1479 4045 1575 4111 indic-

350 4158 435 4224 tione
457 4157 495 4222 ix.
519 4156 702 4223 Mccccxxxi.

443 4291 445 4299 ’
553 4295 580 4362 A
602 4301 740 4379 tergo:

392 4419 556 4487 Nobilibus
581 4426 613 4485 et
635 4420 829 4503 sapientibus
852 4420 927 4485 viris
950 4419 1122 4503 Pergratlo
1146 4416 1284 4498 Georgia
1300 4415 1406 4481 comiti
1423 4413 1574 4482 Cureulae

352 4529 385 4590 et
407 4525 643 4592 successoribus
668 4524 741 4590 suis.
