3396 5402
1352 467 1393 530 65

146 669 300 734 teneatur
322 667 634 753 reddamintegram
657 671 816 736 racionem
832 669 959 736 donnino
976 670 1196 756 sinepatrono
1211 669 1394 736 animalium

147 787 275 852 semper
296 772 329 836 in
351 756 575 842 fesmanote
597 771 698 838 Maria
721 773 761 838 de
783 790 893 839 mense
923 771 1059 856 Augusti
1082 777 1116 839 et
1138 771 1242 838 adhue
1274 775 1394 858 (post)

149 873 271 943 dietum
293 873 408 940 festum
431 877 544 942 diebus
568 883 640 942 octo
663 877 811 942 continno
842 881 953 958 pastor
975 881 1123 944 teneatur
1145 877 1289 959 diligenti
1316 895 1395 942 onra

146 972 299 1043 ammolia
321 977 370 1045 sul
392 979 519 1061 patroni
543 997 673 1061 pascere
697 985 730 1044 et
752 980 919 1046 custodire.
952 979 995 1044 Ill
1018 981 1045 1045 si
1068 979 1109 1044 de
1130 977 1185 1044 illo
1209 995 1292 1045 anno
1315 977 1393 1046 deli·

147 1087 238 1146 eeret
260 1087 394 1163 patrono
418 1080 546 1164 aliquod
570 1083 698 1158 animal,
729 1083 879 1149 credatur
902 1084 942 1148 de
965 1083 1025 1148 hoo
1048 1087 1246 1149 sacramento
1269 1085 1396 1166 patroni

147 1189 296 1250 eontra
317 1185 540 1267 pastorem¹
564 1185 633 1253 sine
655 1185 720 1252 alia
742 1186 934 1268 probaoione
958 1191 991 1251 et
1013 1205 1071 1268 pro
1095 1185 1238 1268 quolibet
1254 1185 1393 1266 animali,

148 1287 236 1368 qnod
259 1287 384 1355 definiet
404 1293 542 1370 patrono
573 1289 755 1354 animalium
778 1289 886 1380 statim
916 1295 1027 1372 pastor
1056 1289 1138 1376 (ten
1151 1289 1289 1375 eatur)
1319 1288 1396 1356 dare

147 1397 184 1458 et
206 1393 368 1474 assignare
391 1399 525 1476 patrono
549 1393 612 1458 dno
630 1393 779 1458 animalia
794 1393 834 1458 de
850 1393 1028 1472 iuuenibus,
1052 1393 1104 1459 nel
1120 1393 1246 1460 soluere
1265 1409 1395 1475 grossos

150 1499 225 1562 oete
247 1515 305 1579 pro
327 1497 469 1579 quolibet
499 1497 627 1562 animali
658 1496 842 1576 deficiente,
877 1503 911 1562 et
933 1501 1044 1563 eontra
1065 1497 1125 1563 hoo
1147 1495 1253 1561 nullus
1284 1499 1394 1577 pastor

148 1600 332 1666 animalium
362 1605 473 1666 eontra
502 1605 686 1682 patronum,
718 1601 770 1666 uel
793 1600 862 1665 eins
890 1605 1122 1667 sacramentnm
1154 1599 1256 1680 possit
1290 1599 1397 1664 disere

150 1701 282 1785 aliquid,
307 1719 366 1769 neo
388 1703 517 1786 aliquod
541 1707 705 1786 statutum,
741 1703 795 1770 uel
818 1701 1097 1782 reformatorem,
1122 1707 1177 1768 aut
1199 1701 1321 1784 legem,
1344 1701 1397 1766 nel

149 1807 293 1889 aliquam
317 1807 577 1874 consuetudinem
600 1805 750 1889 allegare,
775 1825 915 1890 presens,
947 1805 999 1872 uel
1022 1805 1181 1881 loturam,
1216 1809 1249 1870 et
1271 1806 1298 1870 si
1321 1803 1397 1884 quid

150 1909 310 1994 allegaret
331 1911 363 1977 in
386 1911 582 1978 contrarium
604 1907 708 1988 huius,
732 1929 771 1975 ex
794 1929 877 1974 nuno
899 1911 931 1973 in
954 1913 1049 1976 antea
1072 1909 1191 1973 nullius
1214 1909 1256 1974 sit
1278 1907 1396 1973 ualoris

152 2015 208 2082 uel
229 2015 408 2083 momentil
442 2017 595 2084 Preterea
617 2015 773 2094 nolentes,
805 2014 891 2095 qnod
924 2012 1039 2079 amodo
1062 2014 1094 2077 in
1116 2017 1212 2077 antea
1234 2011 1317 2076 eirea
1339 2009 1398 2076 hee

149 2119 187 2214 in
209 2121 353 2187 omnibus
376 2120 524 2187 credatur
546 2118 683 2197 domino,
705 2118 757 2184 uel
779 2123 916 2200 patrono
940 2115 1121 2180 animalium
1137 2114 1296 2180 mediante
1311 2113 1397 2178 inra-

150 2229 260 2290 mento
288 2218 347 2290 srloi
378 2223 493 2290 delato.
528 2221 663 2302 lnenper
691 2221 738 2286 sie
771 2219 938 2286 statuitum
969 2225 1018 2284 est
1041 2218 1081 2284 de
1104 2221 1229 2296 cetero,
1261 2214 1397 2296 quodsi

153 2331 266 2410 pastor
289 2327 372 2393 foret
394 2326 553 2408 obligatus
583 2331 717 2408 petrono
741 2325 772 2388 in
795 2324 902 2404 aliquo
925 2339 1124 2402 quocumque
1155 2318 1280 2396 debito,
1312 2317 1398 2399 qnod

152 2429 257 2496 donee
288 2429 385 2496 fuerit
406 2429 439 2494 in
462 2429 554 2494 simol
584 2445 655 2492 eom
678 2435 812 2510 patrono
835 2427 867 2490 in
891 2427 1045 2492 societate
1076 2421 1277 2499 animalium,
1312 2420 1399 2486 nullo

154 2535 252 2600 modo
274 2541 428 2618 patronus
459 2531 562 2615 possit
584 2533 689 2613 ipsnnr
713 2537 876 2611 pastorem
900 2529 940 2593 ad
963 2527 1151 2593 soluendum
1174 2525 1234 2590 sibl
1256 2523 1398 2590 debitum

152 2637 401 2722 constringere.³
434 2635 531 2720 item,
567 2635 651 2716 qnod
685 2633 786 2698 omnis
819 2631 1006 2698 testifiooeio
1037 2631 1078 2696 nd
1100 2629 1204 2694 minus
1237 2645 1295 2709 per
1319 2627 1399 2692 duos

152 2739 288 2808 idoneos
311 2745 415 2807 testes
437 2745 549 2806 eontra
571 2743 729 2820 pastorem
752 2755 809 2802 seu
833 2741 982 2817 pastores
1005 2735 1046 2799 de
1068 2739 1266 2799 sacramento
1286 2729 1400 2811 aliquo,

154 2847 191 2912 ln
213 2863 276 2928 quo
293 2847 380 2911 esset
395 2842 555 2925 obligatus
572 2845 715 2923 patrono,
740 2840 782 2904 sit
798 2839 904 2904 ualida
924 2855 1059 2919 semper,
1085 2855 1143 2903 nee
1157 2835 1260 2917 possit
1274 2849 1401 2916 quoquo

155 2947 252 3016 modo
274 2947 403 3031 infringi
426 2963 483 3028 per
507 2949 661 3012 statutum
685 2941 822 3022 aliquod,
854 2941 905 3008 nel
928 2939 1186 3007 reformationem
1209 2937 1347 3018 aliquam
1369 2939 1403 3002 et

157 3052 342 3136 specialiter·
365 3070 424 3134 per
445 3049 533 3116 illam
551 3045 812 3114 reformaoionem
837 3047 877 3111 de
900 3045 1046 3126 testibus,
1070 3043 1102 3108 in
1125 3061 1188 3124 quo
1212 3039 1401 3118 continetur,

156 3157 247 3240 quod
269 3161 371 3222 testes
394 3155 504 3220 ualere
525 3171 587 3220 non
604 3151 728 3235 possint
744 3149 826 3214 vltra
841 3150 881 3214 de
897 3149 1063 3230 yperperis
1080 3147 1199 3224 decem,
1223 3144 1282 3209 hec
1298 3141 1403 3223 capiet

158 3263 247 3327 r'r'ires
276 3259 497 3327 tantummodo
519 3258 551 3322 io
574 3259 684 3321 mutuo
716 3273 868 3320 concesso
892 3253 963 3336 alljs
986 3250 1131 3334 personis
1153 3255 1187 3316 et
1210 3265 1272 3312 non
1295 3249 1402 3327 pasto-

156 3365 275 3431 ribus*

204 3465 284 3535 Item
307 3469 335 3532 si
358 3471 471 3549 pastor
493 3463 545 3530 nel
568 3467 716 3546 pastores
751 3467 826 3543 post
860 3461 960 3526 dictos
983 3463 1054 3524 ooto
1078 3457 1146 3523 dies
1180 3455 1253 3522 festi
1285 3451 1402 3518 Sancte

156 3569 262 3639 Merie
278 3589 342 3637 non
356 3569 491 3637 heberet
507 3567 589 3632 vnde
606 3566 731 3633 soluere
749 3565 892 3630 debitum
907 3569 1052 3644 patrono,
1075 3561 1107 3624 in
1123 3577 1186 3640 quo
1202 3555 1261 3623 sibl
1276 3559 1404 3622 tenetur

162 3676 199 3743 et
221 3681 374 3758 patronus
396 3669 496 3739 uellet
518 3675 553 3736 vt
574 3675 721 3752 pesoeret
743 3675 776 3734 et
797 3671 922 3734 teneret
943 3667 975 3730 in
998 3663 1139 3728 futurum
1163 3679 1222 3726 sne
1244 3657 1404 3742 animalia,

157 3783 274 3864 paster
295 3777 375 3844 illnd
397 3791 547 3843 recusare
569 3791 632 3839 non
646 3773 758 3855 possit.
782 3771 864 3836 Item
888 3769 928 3835 de
951 3767 1035 3834 omni
1059 3766 1195 3846 reeione,
1219 3768 1275 3829 ant
1298 3761 1405 3854 debito

158 3901 372 3968 quocumque,
395 3879 479 3962 quod
504 3883 622 3958 etque
645 3880 733 3942 esset
754 3875 838 3940 inter
861 3879 1030 3954 patronum
1054 3876 1088 3935 et
1109 3873 1288 3952 pastorem,
1322 3865 1405 3947 regi·

156 4007 251 4068 men,
287 3985 372 4067 quod
394 4001 453 4066 pro
475 3987 620 4064 tempore
642 3981 721 4058 erit,
744 3983 893 4045 teneatur
915 3977 1032 4054 statim,
1064 3975 1123 4040 snb
1146 3970 1315 4038 iuramenti
1337 3969 1405 4035 uin·

157 4092 243 4173 eale,
267 4090 301 4154 in
322 4105 403 4171 para
426 4085 630 4164 consciencie,
653 4087 703 4150 ius
724 4083 927 4148 summarium
952 4081 1012 4162 ipsi
1035 4084 1179 4161 patrono,
1203 4074 1256 4140 nel
1279 4073 1405 4138 domino

211 4283 326 4346 ¹Doost
341 4285 370 4343 in
386 4283 466 4362 (lod.
484 4281 565 4355 dap.

208 4369 222 4406 ¹
237 4373 282 4432 Ne
298 4371 448 4446 patronum
462 4367 577 4440 quidem
593 4381 657 4425 eum
673 4367 784 4438 pastore
806 4369 905 4424 eontra
920 4359 1071 4436 praecepte
1090 4357 1177 4432 hujus
1196 4351 1405 4414 reformationis

158 4459 270 4539 paoisoi
287 4473 377 4534 posse,
393 4467 428 4514 ex
444 4453 650 4529 reformatione,
667 4467 745 4526 cap.
762 4447 868 4514 LVIlI.
884 4447 1040 4507 Reform.
1059 4443 1148 4504 citata
1162 4440 1345 4515 intelligitur.

210 4543 282 4605 ³01.
300 4561 376 4618 oap.
393 4539 494 4602 XCVI.
511 4539 670 4598 Reform.

209 4631 222 4666 ⁴
241 4629 416 4690 Reformetlo
433 4628 493 4701 illo,
510 4641 623 4685 oausam
639 4624 784 4697 pastorum
800 4638 864 4680 oum
879 4619 1007 4694 patronis
1022 4633 1119 4677 eornm
1133 4615 1238 4675 diserte
1250 4609 1406 4686 excipiens,

159 4737 240 4796 esp.
257 4715 345 4777 XXV.
364 4713 522 4774 Reform.
539 4711 655 4770 otietur.

1230 4803 1249 4862 5
