3396 5402
282 473 324 532 70

458 695 527 738 ΟΔΡ.
550 695 635 738 enin.
660 695 743 746 Quom
766 693 867 736 obtuta
889 693 1082 737 summamus
1104 693 1169 736 CUM
1191 693 1344 736 PONDEBE.

323 796 417 862 Item.
439 793 519 860 Cum
542 793 602 860 hoc
624 794 685 872 sit,
717 793 802 873 quod
826 792 931 859 omnia
953 791 1133 858 uendentur
1154 792 1187 856 iu
1210 792 1341 857 ciuitate
1363 796 1397 857 et
1419 791 1524 856 insula

280 899 401 980 absque
416 898 559 980 pondere
575 897 680 978 aliquo
697 896 880 980 communis,
897 895 929 960 in
945 896 1115 976 dampnum
1132 900 1166 961 et
1177 895 1387 976 preiudicium
1402 898 1522 976 empto-

280 1021 352 1069 rum
374 992 450 1083 quia
472 1001 639 1066 multocies
667 1001 862 1083 ponderatur
879 1017 949 1064 cum
973 999 1101 1065 stateris
1124 1018 1187 1064 non
1207 999 1302 1064 iustis
1324 1004 1358 1063 et
1379 997 1525 1064 similiter

281 1106 378 1172 blada
411 1106 579 1170 mittantur
601 1102 642 1169 ad
663 1102 880 1169 molendinum
902 1103 1024 1183 absque
1046 1103 1203 1184 pondere,
1238 1101 1270 1165 in
1293 1101 1464 1182 dampnum
1487 1118 1525 1166 ae

280 1207 489 1292 preiudicium
512 1206 725 1284 mittencium;
759 1224 857 1287 super
879 1205 993 1286 quibus
1016 1221 1150 1270 necesse
1173 1209 1225 1270 est
1246 1205 1426 1287 prouidere,
1458 1208 1524 1268 tam

280 1329 340 1395 pro
361 1308 515 1378 beneficio
537 1311 676 1390 ipsamm
706 1327 931 1391 personarum,
963 1327 1056 1389 qnam
1078 1327 1136 1389 pro
1160 1309 1360 1374 detraccione
1382 1311 1416 1374 et
1439 1305 1525 1372 soln-

282 1416 372 1482 cione
405 1411 520 1496 prefati
554 1413 680 1494 salarij‚
715 1432 773 1496 pro
797 1417 887 1476 tento
911 1409 969 1476 fiat
992 1412 1117 1492 pondus
1151 1431 1210 1494 per
1233 1417 1332 1478 totam
1356 1408 1526 1492 Cureulam

283 1537 355 1586 cum
370 1518 513 1601 pondere
529 1521 718 1582 stateramm
735 1517 900 1597 iustarum,
925 1515 1123 1598 usitatarum,
1140 1535 1211 1581 cum
1227 1535 1289 1597 quo
1307 1515 1526 1598 ponderentur

282 1623 397 1700 omnia,
421 1639 482 1702 que
505 1620 546 1686 de
568 1627 675 1686 cetero
699 1620 895 1696 condentur,
928 1619 1081 1684 soluendo
1105 1622 1260 1685 communi
1283 1619 1407 1686 eoldum
1430 1636 1526 1683 unum

283 1744 341 1810 pro
373 1725 555 1791 centenario
589 1723 738 1805 ponderis
761 1741 819 1804 pro
843 1723 1016 1789 medietate
1039 1725 1226 1805 apartibus
1256 1723 1469 1790 reddentibus
1492 1727 1527 1788 et

283 1828 470 1902 ementibus,
493 1827 633 1908 exeeptis
656 1827 836 1892 homiuibus
859 1828 1021 1909 galearum
1045 1827 1273 1892 dominacionis
1295 1833 1404 1894 nostre
1421 1825 1526 1892 Vene-

285 1933 414 2011 darnm,
438 1949 496 2012 pro
519 1931 634 2012 quibus
657 1930 786 1994 soluant
807 1930 994 1996 uendentes.
1019 1930 1139 1996 Verum
1162 1931 1189 1995 si
1213 1937 1300 1996 esset
1322 1929 1447 2014 aliquia,
1471 1929 1527 2010 qui

282 2035 419 2101 baberet
440 2034 501 2099 nisi
523 2033 624 2099 solum
647 2052 742 2098 unum
766 2034 887 2108 vdrum,
918 2035 970 2100 uel
992 2034 1093 2102 barile
1116 2034 1330 2116 cuiuscunque
1351 2031 1527 2098 mercando

284 2145 318 2204 et
340 2137 522 2204 uendiderit
539 2138 656 2218 ipsum;
679 2155 835 2218 quamque
851 2156 914 2203 non
930 2143 1038 2203 essent
1053 2139 1203 2219 ponderis
1219 2138 1372 2203 librarum
1388 2141 1524 2215 eentum,

283 2247 391 2308 tamen
413 2241 518 2308 soluat
540 2258 598 2322 pro
622 2240 692 2321 ipso
715 2241 892 2321 predictum
915 2240 1057 2320 soldurn;
1088 2247 1121 2306 et
1143 2241 1289 2306 similiter
1310 2241 1526 2323 ponderentur

282 2345 380 2411 blada
395 2345 615 2426 suprascripta
630 2344 755 2423 quando
769 2345 938 2410 mittuntur
954 2345 995 2409 ad
1011 2343 1199 2421 molendina,
1224 2344 1377 2410 soluendo
1400 2343 1526 2410 soldum

284 2465 380 2513 vnum
403 2465 461 2528 pro
485 2463 559 2512 saco
582 2465 640 2528 per
662 2452 787 2528 partem
809 2446 1007 2526 mittentem3
1031 2453 1064 2513 et
1080 2453 1225 2513 teneatur
1242 2447 1431 2529 superstites
1446 2464 1526 2527 pon·

284 2551 369 2618 deris
391 2549 433 2616 ad
455 2549 697 2630 requisicionem
718 2549 914 2616 drittencium
937 2551 1116 2631 ponderare
1138 2551 1225 2632 ipsos
1248 2568 1350 2624 saeos,
1374 2550 1402 2614 si
1419 2549 1526 2616 volue-

242 2647 249 2658 ’
282 2654 349 2720 rint
370 2657 435 2718 tam
458 2652 573 2730 eundo,
598 2671 692 2733 quam
714 2653 895 2738 redeund03
919 2657 952 2718 et
968 2654 1042 2718 siin
1065 2654 1170 2719 reditu
1193 2653 1346 2720 deiecerit
1368 2653 1409 2717 de
1432 2651 1527 2717 dictis

284 2755 401 2836 saccis,
436 2755 519 2820 vltra
552 2755 651 2822 libras
685 2761 752 2821 tres
774 2773 832 2837 pro
856 2757 953 2822 sterio
988 2775 1136 2838 quoquo,
1171 2755 1276 2823 iacere
1310 2756 1398 2824 retici
1419 2757 1526 2822 subito

283 2859 428 2942 patronis
462 2858 627 2924 bladorum
650 2857 729 2924 illud
752 2859 854 2926 minus
877 2879 935 2942 per
958 2867 1109 2943 patronos
1143 2861 1326 2939 barcarum,
1361 2859 1526 2942 usquead

284 2981 439 3031 summam
462 2961 613 3028 librarum
636 2962 849 3043 predictamm
872 2983 930 3046 pro
952 2964 1069 3042 stari03
1092 2964 1252 3045 possendo
1275 2981 1395 3045 ponere
1411 2981 1526 3044 penam

285 3073 318 3133 et
339 3083 439 3148 penas
463 3085 521 3147 pro
543 3066 628 3131 dicta
651 3065 828 3133 refeccione
851 3067 892 3134 ad
915 3086 1008 3134 suum
1023 3067 1183 3149 placitum.
1209 3067 1326 3133 Verum
1342 3068 1367 3133 si
1384 3067 1425 3134 de
1441 3067 1526 3134 dicto

283 3171 379 3236 blado
403 3169 512 3235 datum
535 3168 650 3236 fuisset
663 3170 696 3234 in
713 3169 853 3236 solutum
868 3173 1011 3252 patronis
1027 3171 1277 3238 molendinorum
1293 3170 1525 3254 promotiome,

284 3279 376 3340 tanto
399 3271 472 3354 plus
494 3271 672 3338 deialeetur
694 3273 734 3339 de
757 3273 850 3340 dictis
873 3275 967 3353 sacis,
990 3273 1073 3340 vltra
1093 3275 1255 3356 predictas
1270 3273 1369 3340 libras
1385 3283 1452 3342 tres
1467 3293 1526 3356 pro

285 3375 399 3456 sterio.¹
427 3374 471 3440 Et
505 3375 533 3441 si
567 3376 682 3458 aliquis
717 3376 924 3443 contrafaciet
946 3378 977 3442 in
1002 3377 1108 3459 aliquo
1143 3378 1373 3459 predictorum,
1407 3385 1442 3444 vt
1475 3383 1528 3445 est

285 3478 414 3558 dictum,
438 3479 534 3544 cadat
555 3481 587 3544 in
610 3497 724 3563 penam
748 3480 836 3562 dupli
859 3481 1031 3546 eorundem
1052 3482 1223 3548 deciorum.
1246 3482 1291 3547 Et
1305 3483 1346 3548 de
1362 3483 1528 3564 premissis

285 3583 542 3666 emptoribus
573 3583 727 3650 dictomm
759 3585 920 3652 daciomm
947 3583 1005 3650 fiat
1033 3585 1083 3651 ius
1106 3586 1326 3666 summarium,
1358 3604 1420 3668 que
1442 3604 1529 3668 pena

286 3687 464 3770 diuidatur,
498 3693 532 3752 vt
554 3692 605 3752 est
627 3687 745 3753 dictum
768 3688 800 3752 in
822 3687 883 3754 aiio
907 3689 1072 3771 capitulo'
1108 3689 1199 3767 Quod
1223 3689 1346 3756 dacium
1369 3689 1528 3756 dictarum

285 3809 391 3858 rerum
413 3790 688 3871 ponderandarum
723 3792 882 3859 uendatur
904 3793 945 3858 ad
968 3791 1130 3874 publicum
1153 3793 1314 3859 incautum
1337 3799 1370 3860 et
1392 3791 1528 3874 pecunia

285 3895 356 3976 ipsa
390 3895 433 3959 sit
454 3902 488 3958 et
519 3893 568 3961 ire
602 3893 720 3960 debeat
747 3896 780 3962 in
801 3894 926 3979 pretato
960 3896 1084 3962 salario
1112 3895 1230 3962 domini
1263 3896 1386 3962 comitis
1409 3901 1442 3962 et
1461 3913 1527 3962 non

285 3997 388 4077 aliter,
412 4003 447 4062 vt
468 4003 519 4062 est
541 3995 669 4063 dictum.

328 4099 465 4184 Captum
489 4119 546 4182 per
569 4119 689 4180 omnes,
714 4099 932 4168 deficientibus
955 4101 1089 4168 duobus.

371 4278 437 4322 σιν.
462 4279 542 4322 onrv.
572 4279 618 4320 nn
641 4279 948 4323 nxaooromnus
979 4279 1145 4324 oournna
1167 4281 1214 4324 nr
1235 4259 1441 4326 runrourr.²
1475 4297 1476 4302 κ

330 4377 412 4443 Item
428 4377 534 4442 etiam.
559 4375 639 4441 tium
654 4378 753 4443 multe
769 4381 803 4442 et
818 4377 946 4444 diuersa
961 4378 1144 4459 questiones
1160 4383 1328 4444 nodantur
1342 4379 1374 4444 in
1390 4379 1530 4462 Ourpula

285 4480 428 4546 indebite
451 4486 485 4544 et
507 4481 623 4547 iniuste
652 4499 711 4562 per
738 4480 882 4547 homines
916 4487 1064 4564 potentes
1098 4483 1200 4565 magis
1227 4499 1286 4563 pro
1315 4483 1530 4550 extorsionem

335 4619 497 4696 ²ct.oap.
515 4622 772 4681 detestaturi.

335 4703 347 4742 ¹
363 4709 498 4769 Titulum.
516 4725 687 4782 quamquam
701 4709 780 4770 deest
794 4709 824 4770 in
840 4711 919 4773 Ood.
937 4709 1015 4785 Gap.
1032 4712 1061 4770 et
1075 4711 1126 4771 Ed
1142 4708 1226 4773 Van.
1243 4710 1438 4786 apposuimus.
