3434 5368
1270 429 1350 498 XIII

107 629 232 714 giudloi
254 637 289 699 et
308 632 384 699 altri
405 633 492 717 oapi,
522 633 580 700 obe
610 653 745 702 sarenno
774 636 849 704 stati
871 637 903 702 in
926 638 1045 704 1111111
1067 636 1120 706 nel
1141 638 1245 722 spatio
1270 638 1345 708 delli

3 759 6 822 ,
108 736 292 820 sopradetti
313 738 391 806 mesi
414 743 472 818 tre,
495 757 584 806 esser
607 741 731 806 astretti
755 739 797 807 da
818 741 961 808 oadauno
984 761 1004 808 a
1032 741 1081 810 lar
1111 747 1251 826 stempas
1273 761 1346 812 esso

3 831 8 928 J
107 845 237 908 statuto
260 862 280 908 1
301 843 371 912 loro
394 861 489 926 spese
509 843 646 926 proprie,
669 864 688 912 e
710 843 735 911 s'
748 845 919 914 intendano
941 845 1025 930 priui
1045 846 1120 914 delli
1142 847 1209 915 uoti
1224 849 1350 917 attiuie

3 941 5 1034 ξ
103 946 232 1028 passini
254 947 307 1013 nel
328 947 398 1016 loro
421 948 598 1030 conseglio,
629 948 853 1019 intendendosi
881 949 969 1020 nulle
992 957 1024 1018 et
1047 950 1187 1018 inualido
1212 955 1297 1020 tutte
1319 953 1352 1020 le

3 1073 5 1152 3
102 1049 343 1135 deliberationi,
367 1053 425 1120 ohe
449 1053 475 1120 si
498 1052 656 1122 lacessere
677 1071 736 1121 oon
758 1055 939 1122 interuentu
962 1053 993 1123 d’
1004 1054 1115 1124 111111
1139 1055 1215 1123 delli
1238 1074 1348 1140 sopra·

3 1241 5 1250 ,
102 1153 201 1236 detti,
234 1155 293 1223 ohe
321 1155 442 1226 lossero
472 1157 587 1225 inoorsi
618 1156 692 1225 nell’
705 1158 944 1228 lnnobedienza.
980 1157 1221 1228 Commettendo
1252 1179 1272 1228 a
1301 1161 1351 1228 sbi

102 1257 130 1326 s'
144 1266 277 1344 aspetta
299 1261 322 1326 il
347 1263 484 1347 registro
507 1283 525 1330 e
547 1263 760 1346 publicatione
791 1261 876 1332 delle
905 1265 1061 1347 presenti,
1091 1281 1181 1333 oome
1209 1281 1288 1348 pure
1318 1265 1350 1332 la

2 1403 3 1438 ;
101 1363 326 1434 notificatione
348 1365 402 1433 alli
424 1365 542 1449 giudioi
564 1372 599 1434 ot
619 1367 693 1436 altri
716 1369 786 1452 oapi
808 1367 892 1437 della
914 1365 1081 1454 magnifiee
1102 1369 1273 1437 oomunita.
1309 1368 1350 1436 In

101 1485 244 1551 qnorum
266 1468 361 1538 fidem
383 1475 444 1538 eto.
646 1546 651 1558 ,

2 1659 3 1664 ¹
146 1573 191 1640 Di
212 1573 295 1642 Zara
315 1575 338 1642 li
361 1581 412 1646 28.
435 1576 576 1644 Febraro
602 1581 693 1644 1642.
718 1577 808 1645 More
831 1577 964 1646 Veneto.

2 1667 3 1678 ’
150 1679 246 1747 (111;
267 1681 454 1749 Battista
477 1681 658 1750 Grimani
681 1682 935 1768 proneditor
955 1684 1137 1766 general.

154 1784 191 1850 In
214 1785 306 1854 lnoco
329 1786 381 1854 del

155 1887 268 1974 Sigillo
291 1891 324 1960 di
346 1889 378 1958 S.

152 1993 272 2064 Marco.

795 2099 933 2170 llnrtino
957 2099 1105 2184 Trapileo
1128 2099 1218 2170 ooad.
1241 2103 1302 2170 eto.

321 2208 412 2270 1643.
439 2209 488 2271 13.
512 2202 630 2272 Maro.

315 2305 511 2376 Publieata“
536 2345 578 2356 —

150 2411 198 2480 Re
219 2430 298 2479 vera
318 2431 391 2480 mox
414 2413 529 2482 deinde
551 2413 584 2480 in
606 2413 708 2481 lucem
730 2413 848 2498 prodiit
870 2413 952 2482 liber
974 2414 1006 2480 in
1029 2419 1064 2480 4⁰
1078 2414 1137 2482 sub
1160 2411 1347 2480 11111111ιί-

1 2565 2 2580 ,
103 2517 670 2601 berlegumeostatutorum
693 2515 1348 2587 11111111111111111101111111.

104 2617 205 2689 Iussu
238 2619 396 2690 illustriss.
431 2623 715 2705 excellentissimiq.
749 2623 789 2688 D.
817 2623 864 2689 Io.
894 2621 1058 2705 Baptistae
1092 2621 1242 2700 (11111111
1273 2639 1346 2704 pno-

1 2793 2 2812 ,
105 2726 180 2792 ned.
204 2727 364 2811 generalis
393 2725 531 2795 Dalmat
561 2733 595 2794 et
623 2725 735 2794 Alban.
767 2727 851 2812 typis
882 2727 996 2795 editus.
1026 2727 1171 2795 Dnoente
1200 2726 1347 2795 sereniss.

105 2831 148 2898 D.
177 2831 350 2898 Francisoo
380 2832 504 2899 Eriooio
535 2832 740 2898 venetiarum
774 2832 938 2916 principe.¹
958 2831 1064 2916 Atque
1091 2831 1177 2916 vigili
1207 2831 1348 2900 instante

0 3003 1 3006 ,
107 2937 260 3004 comitatu
270 2935 477 3004 illustrissimi
488 2938 527 3003 D.
540 2937 685 3004 Foden’ei
699 2937 828 3005 Melino.
844 2937 1034 3005 venetiis
1049 2935 1347 3004 Mbcnxxxffl.

107 3041 157 3108 Ex
171 3041 383 3126 typographia
395 3042 499 3109 duooli
511 3041 695 3110 Pinellmna.
709 3041 913 3126 Superiorum
930 3043 1085 3126 permissu
1101 3047 1135 3109 et
1149 3042 1347 3126 priuilegio‘'.

1 3145 2 3148 ’
154 3147 296 3214 Editioni
319 3147 392 3213 buis
413 3148 593 3231 praemissa
621 3153 671 3215 est
700 3167 837 3231 sequens
869 3147 1040 3230 praelatio:
1076 3148 1136 3228 „In
1159 3147 1347 3214 editione

107 3252 366 3319 Statutorum
387 3252 601 3336 praelatio.
625 3252 694 3318 Hoc
708 3254 757 3318 ius
774 3253 866 3319 ciuile
889 3252 1052 3336 proprium
1074 3273 1095 3318 1
1116 3251 1228 3336 pristis
1248 3251 1343 3334 legis·

1 3415 2 3459 1
104 3357 263 3424 latoribus
285 3356 455 3435 eonditum,
479 3376 537 3439 pro
560 3358 768 3439 congruentia
791 3361 970 3440 temporum
987 3356 1203 3436 reformatum,
1227 3355 1344 3438 placito

1 3464 2 3548 l
108 3461 261 3545 principis
284 3461 404 3544 pluries
427 3461 609 3540 animatum,
633 3461 673 3528 ab
696 3460 875 3540 erroribus,
901 3461 986 3528 haud
1014 3461 1135 3528 variata
1157 3459 1346 3540 substantia,

1 3587 2 3596 ¹
106 3585 166 3649 pro
189 3585 284 3649 posse
308 3571 487 3650 purgatum,
512 3565 670 3632 nonnullis
682 3565 814 3632 rubricis
830 3566 873 3632 ad
888 3565 1053 3632 clariorem
1076 3584 1202 3634 sensum
1217 3563 1347 3632 reddae

1 3670 2 3674 ’
105 3671 159 3754 tis,
184 3671 369 3752 textubusq.
393 3669 562 3752 adaptatis,
575 3671 801 3752 obsequentiae
818 3669 935 3751 debito,
960 3670 1101 3754 praelum
1116 3670 1206 3752 petit.
1230 3667 1348 3737 Motori

1 3857 2 3876 ,
105 3775 350 3858 vigilantissimo
382 3775 587 3858 municipium
615 3775 811 3843 monimento
841 3776 983 3856 asciscit,
1018 3773 1141 3859 frugem
1172 3774 1249 3854 sibi,
1281 3778 1346 3855 atq.

1 3940 2 3948 ,
106 3879 372 3948 existimationem
394 3880 527 3962 quaerit.
557 3879 830 3948 Gloriosissimam
853 3879 1080 3964 rempubboam
1106 3877 1346 3946 dominatricem

106 3986 244 4060 denoto,
273 3984 466 4068 bumilimoq.
498 3985 602 4052 animo
632 3987 834 4069 prosequitur
864 3991 898 4052 et
925 3983 1146 4068 aprimordiis
1174 3982 1344 4051 deditionis

1 4108 2 4162 l
104 4091 211 4176 magia
235 4089 269 4155 in
292 4089 359 4158 dies
382 4088 445 4158 lide
471 4089 599 4158 feruens
628 4091 828 4173 incorrupta,
859 4089 1084 4156 aeternitatem
1113 4087 1160 4154 illi
1188 4092 1348 4172 probatur,

109 4195 243 4263 sibimet
263 4199 387 4262 naomm
410 4195 443 4260 in
465 4213 504 4261 ea
525 4195 660 4278 gratiam
681 4195 786 4280 iugem
809 4199 949 4277 exoptat,
973 4211 1011 4260 ao
1033 4193 1255 4260 vberrImam“.

1 4349 2 4356 1
154 4297 393 4366 Praelationem
415 4299 570 4382 imagines
593 4299 737 4366 divorum
767 4304 973 4382 patronorum
1003 4297 1140 4364 eivitaIIs
1170 4301 1204 4364 et
1225 4295 1350 4364 insulae

1 4413 2 4423 ’
107 4403 269 4472 (lunulae
293 4401 349 4470 SS.
370 4401 470 4470 Marsi
492 4409 525 4470 et
553 4403 768 4470 Bartholamei
798 4409 975 4485 sequuntur
1002 4407 1099 4486 atque
1130 4400 1194 4468 divi
1226 4399 1351 4485 patroni

109 4511 212 4577 totius
234 4508 416 4576 Dalmatiae
438 4505 470 4574 S.
500 4507 684 4590 Hierolemi,
715 4508 774 4574 sub
803 4507 920 4592 quibus
949 4507 1074 4592 insigne
1101 4505 1227 4590 generis
1253 4503 1352 4572 Duols

109 4611 307 4696 reipublitrao
328 4609 473 4680 Venetae
495 4617 600 4680 exstat
621 4611 799 4695 depiotom;
822 4629 843 4678 a
864 4611 996 4678 dextera
1017 4609 1086 4678 eius
1107 4609 1232 4693 insigne
1254 4626 1350 4692 gene·

110 4719 160 4785 ris
181 4716 394 4800 proveditorIs
415 4717 572 4801 generalis
593 4714 772 4784 Dalmatiae
794 4721 828 4782 et
849 4713 1012 4796 Albaniae,
1035 4732 1055 4780 a
1077 4715 1206 4780 sinistra
1227 4711 1350 4780 eomitis
