3398 5354
1292 357 1352 422 187

197 585 267 629 (lAP-
291 584 400 628 cxvm.
423 584 466 627 nn
486 583 608 628 BHWS
630 583 694 626 lton
715 581 889 628 concam
910 581 954 626 u>
976 581 1116 628 ΠΕΠῙΔΙ
1139 581 1276 635 immid.

157 701 245 768 Item
268 703 422 766 statutum
446 705 479 766 ct
502 699 679 766 ordinatum
703 704 762 778 est,
787 699 872 780 quod
893 697 999 765 nullus
1022 698 1062 764 de
1082 698 1211 765 ciuitate
1228 698 1356 782 Spalati

110 803 241 870 audeat
262 803 314 871 uel
337 809 501 886 presumat
523 809 650 885 portare
673 810 706 868 et
727 803 848 886 portari
870 801 975 870 facere
1006 803 1045 869 de
1076 801 1207 868 ciuitate
1231 801 1355 886 Spalati

111 909 167 974 nel
198 925 262 976 ¹suo
293 908 440 974 districtu
471 925 581 974 carnes
614 908 715 986 uiuas,
750 907 871 974 scilicet
901 908 1011 986 boues,
1045 909 1192 992 uacchas,
1227 925 1352 990 porcos,

113 1019 279 1080 castratos
301 1013 352 1079 uel
375 1017 540 1080 montones
563 1012 605 1078 ad
626 1013 762 1078 insulam
784 1013 927 1095 Huarre¹
949 1031 969 1080 a
991 1012 1074 1081 festo
1097 1013 1234 1080 omnium
1263 1031 1353 1078 sanc-

111 1125 225 1184 torum
255 1136 355 1201 usque
384 1118 426 1184 od
456 1115 722 1200 carnisprirnumt
753 1117 797 1185 Et
825 1119 879 1200 qui
902 1116 1133 1198 contrafecerit,
1164 1119 1196 1182 in
1226 1117 1352 1201 uiginti·

113 1223 261 1306 quinque
283 1224 372 1289 libris
394 1223 463 1289 uice
485 1223 626 1304 qnalibet
648 1221 899 1306 condemnetur³,
922 1223 1011 1290 cuius
1034 1223 1186 1290 medietas
1208 1223 1250 1289 sit
1268 1239 1351 1289 com-

113 1329 225 1394 munis
247 1333 280 1394 et
302 1327 363 1393 alia
384 1327 588 1394 accusatoris.

160 1541 231 1585 GU·
256 1541 339 1585 cm.
364 1541 446 1592 QUOD
461 1541 583 1584 NUhlrUS
598 1541 785 1585 AGOOHODH
806 1540 909 1584 BfflOfl
931 1541 994 1584 Ulssr
1011 1540 1125 1584 ΒΔΒΉΔ
1141 1541 1310 1586 GOHUNIS.

158 1657 244 1724 Item
267 1663 420 1724 statuum
443 1665 475 1724 et
498 1657 676 1724 ordinatum
699 1661 758 1737 est,
783 1657 868 1740 quod
890 1657 996 1724 nullus
1013 1655 1129 1725 debeat
1144 1657 1350 1726 accomodare

114 1761 215 1828 alicui
237 1779 375 1845 persone
399 1763 439 1828 de
461 1762 556 1829 remis
578 1762 631 1827 uel
654 1761 694 1828 de
724 1762 831 1844 sartijs
862 1761 1034 1828 communis
1058 1759 1187 1845 Spalati,
1221 1761 1273 1828 uel
1296 1761 1353 1826 eli·

115 1869 206 1948 qnod
228 1867 366 1933 lembum
390 1867 463 1932 dicti
487 1867 670 1945 communis,
694 1866 747 1932 uel
769 1867 892 1947 aliquas
915 1885 967 1932 res
989 1865 1185 1948 pertinentes
1207 1865 1249 1931 ad
1269 1865 1354 1932 dicta

115 1971 244 2047 lemba;
275 1971 328 2052 qui
350 1990 427 2037 uero
451 1977 561 2037 contra
590 1969 710 2055 iecerit,
730 1958 807 2036 vtam
831 1971 909 2036 dans
933 1989 991 2036 scu
1013 1969 1229 2052 accomodans,
1260 1985 1353 2050 quam

117 2075 277 2158 recipiens
299 2075 331 2140 in
354 2075 565 2157 quadraginta
581 2074 686 2142 soldos
702 2073 955 2142 condemnetur⁴.
978 2074 1022 2141 Et
1043 2073 1071 2140 si
1090 2073 1175 2156 quod
1190 2073 1354 2138 damnum⁶

117 2197 286 2246 commune
310 2177 432 2262 Spoleti
448 2185 618 2261 propterea
633 2179 818 2258 incurreret,
841 2179 946 2260 ipsum
962 2177 1126 2243 damnum⁶
1141 2177 1256 2244 debeat
1271 2183 1355 2244 tota·

116 2283 195 2350 liter
223 2283 403 2350 emendare.
435 2281 469 2349 Si
493 2302 570 2349 uero
598 2301 637 2349 ea
667 2282 823 2349 uiolenter
853 2281 1020 2364 acceperit,
1051 2281 1201 2364 puniatur
1223 2281 1354 2349 arbitrio

114 2387 300 2469 potestatis,
326 2387 469 2470 inspecta
490 2387 669 2454 conditione
693 2404 828 2468 persone
851 2385 1060 2468 etqualitate
1083 2386 1211 2468 negotij.

134 2645 139 2652 ·
225 2617 292 2662 ΟΔΡ.
317 2619 388 2663 OXX·
412 2619 454 2662 DE
476 2618 747 2672 anconammonn,
772 2619 833 2674 Qun
855 2619 907 2662 m
929 2619 964 2662 nt
986 2617 1088 2662 camo
1111 2617 1251 2662 ΕΡΑΙιΑἮ.

163 2727 247 2794 Item
270 2733 425 2795 statutum
448 2733 482 2795 et
504 2728 684 2796 ordinatum
706 2735 764 2809 est,
788 2729 873 2812 quod
895 2728 1084 2812 ubicumque
1098 2730 1132 2794 iu
1147 2745 1257 2809 campo
1273 2727 1353 2809 Spe·

118 2833 221 2900 latino
253 2830 347 2898 fieret
377 2831 485 2914 alique
514 2834 719 2916 proclamatio
749 2833 964 2902 derobationis
995 2834 1048 2901 uel
1069 2832 1238 2900 uiolentia'
1259 2830 1354 2898 uicini

120 2938 254 3004 alterius
268 2943 422 3023 contrate,
443 2939 528 3021 quod
543 2939 598 3018 illi,
614 2939 669 3022 qui
684 2939 843 3006 audierint
857 2939 945 3004 illam
960 2937 1252 3021 proclamationem,
1268 2941 1355 3004 tene·

121 3048 217 3108 antur
227 3041 260 3108 in
272 3043 445 3110 conuocati
456 3045 503 3110 irc
515 3048 549 3110 et
560 3062 743 3112 succurrere
755 3045 796 3111 ad
807 3042 1020 3111 defensionem
1031 3043 1123 3123 illius,
1136 3041 1190 3126 qui
1201 3041 1358 3123 reciperet

120 3147 219 3213 talem
242 3147 390 3214 iniuriam
412 3149 465 3214 uel
488 3149 672 3216 uiolentiam
695 3155 729 3216 et
751 3149 792 3216 ad
817 3169 889 3216 eum
911 3148 1123 3216 adiuuandum
1139 3153 1172 3214 et
1187 3145 1357 3214 defenden-

127 3251 204 3320 dum
219 3251 306 3320 bona
321 3251 394 3331 lide,
411 3252 480 3319 sine
496 3251 618 3320 iraude.
645 3253 686 3320 Et
700 3253 754 3336 qui
769 3273 831 3321 non
847 3253 943 3320 inerit
957 3258 991 3320 et
1005 3251 1196 3320 succurrerit
1210 3251 1243 3316 in
1259 3250 1358 3317 conti-

121 3357 220 3437 nenti,
244 3362 282 3422 ut
304 3357 423 3424 dictum
446 3362 505 3438 est,
529 3365 631 3426 totum
654 3359 820 3425 damnum⁸
842 3359 990 3426 resartict
1009 3363 1042 3424 et
1057 3355 1206 3424 emendet
1226 3355 1281 3436 illi,
1305 3355 1359 3436 qui

91 3451 238 3544 'passus
261 3467 312 3529 est
333 3461 513 3530 huiusmodi
535 3464 727 3544 uiolentiam,
751 3465 777 3530 si
799 3465 860 3530 hoc
882 3463 1008 3547 probari
1039 3462 1167 3546 poterit,
1201 3467 1235 3528 et
1255 3459 1360 3527 soluat

124 3569 283 3632 communi
306 3565 429 3650 Spalati
452 3587 510 3652 pro
533 3569 637 3635 banno
661 3569 772 3636 decem
795 3569 902 3636 libras.

503 3800 571 3843 OAP.
596 3800 680 3844 OXXI·
704 3802 746 3843 DE
766 3800 976 3845 alrammus.

166 3907 249 3974 Item
272 3911 426 3973 statutum
450 3914 484 3974 et
506 3909 685 3975 ordinatum
708 3915 766 3986 est,
791 3909 876 3992 quod
899 3907 1004 3974 nullus
1027 3907 1147 3974 auriiex
1168 3905 1285 3972 audeat
1301 3904 1357 3970 ali·

120 4012 209 4093 quod
239 4011 433 4080 laborerium
464 4011 569 4080 facere
600 4015 640 4080 de
671 4034 757 4092 auro,
794 4015 878 4097 quod
910 4019 997 4080 esset
1025 4013 1116 4097 peius
1139 4031 1217 4078 auro
1239 4010 1359 4089 floreni,

120 4135 180 4182 nec
204 4117 244 4183 de
264 4125 409 4203 argento,
432 4119 518 4202 quod
540 4124 629 4186 essct
650 4121 741 4201 peius
764 4125 896 4202 argento
919 4119 1067 4185 storlinil.
1103 4118 1147 4184 Et
1169 4116 1221 4200 qui
1245 4121 1363 4182 contrat

170 4293 284 4358 ¹(lod.
308 4299 414 4358 acad.
432 4299 470 4360 B:
499 4299 687 4378 ,corrmpffl
710 4315 758 4374 ap,
776 4299 903 4376 Ljub.:
921 4291 1085 4382 „Quarre“.
1134 4292 1218 4373 'Ap
1234 4295 1362 4372 Irjub.²

127 4385 256 4466 „festum
279 4381 497 4462 carnispriuij“.
559 4383 676 4447 ⁸Ood.
701 4385 807 4446 acad.
830 4387 872 4446 B:
898 4377 1175 4463 ,condempnetnr“.
1235 4379 1247 4416 ⁴
1268 4383 1360 4445 ibid.

125 4489 214 4533 em.
307 4467 686 4549 ⁶ibid.:,‚dampnnm“.
792 4471 1027 4534 6ibidem.
1126 4469 1349 4546 ⁷Ap.Ljub.

129 4558 320 4638 „uiolencip“.
391 4555 512 4622 8(lod.
536 4562 640 4620 acad.
664 4561 705 4620 B:
732 4554 939 4639 „dampnum“.
1011 4556 1130 4621 ⁹coo.
1154 4557 1258 4620 acad.
1282 4557 1307 4618 B
1329 4559 1359 4620 ot

123 4663 172 4724 ap.
195 4645 325 4722 ajon:
351 4641 512 4730 „sterlini“.
