3396 5402
1353 462 1412 526 109

229 689 296 732 uns.
321 689 426 733 oxnrx.
454 689 495 732 nn
516 687 733 732 anuooxrrorsn
755 687 873 745 ansuis,
898 689 980 740 onon
1003 687 1147 731 srnnrnrx
1169 689 1231 731 noa
1253 691 1377 734 rossmn

630 795 780 846 seorsum
802 771 986 837 munusue!

229 912 310 978 Item
334 911 507 978 Mocooxxx.
530 912 706 979 Indictione
730 911 782 994 vlij
806 911 857 977 die
880 913 940 994 xvj.
964 911 1082 976 mensis
1105 909 1258 993 Januarij.
1285 911 1322 976 In
1346 930 1418 979 oon·

187 1015 268 1094 sillo,
292 1021 327 1082 vt
348 1019 445 1083 moris
469 1023 525 1095 est,
553 1028 680 1099 captum
702 1015 763 1082 luit
785 1035 844 1098 per
865 1014 1001 1080 ballotas
1024 1015 1063 1078 lx.
1085 1033 1149 1080 una
1164 1015 1287 1083 ballota
1301 1018 1333 1082 in
1350 1035 1423 1084 oon-

187 1123 320 1186 trarium
352 1129 484 1204 reperta
516 1141 580 1187 non
603 1123 764 1200 obstante,
800 1120 883 1204 quod
914 1139 987 1202 pars
1017 1120 1096 1186 alias
1126 1126 1220 1202 capta
1242 1121 1273 1186 in
1296 1124 1424 1190 oonsilio

188 1225 352 1306 Gurzulae,
375 1227 460 1309 quod
475 1227 580 1292 nullus
597 1227 690 1292 modo
706 1226 811 1307 aliquo
828 1225 1014 1306 relinquere,
1037 1243 1096 1290 neo
1111 1227 1223 1290 testari
1239 1244 1302 1292 non
1318 1229 1425 1294 valeat

187 1331 343 1398 ecclesiae
365 1332 471 1414 aliqua
492 1333 578 1399 bona
594 1331 723 1398 stabilia
738 1338 798 1397 ete.
815 1331 858 1396 vti
874 1335 962 1412 patet
978 1336 1012 1395 et
1026 1335 1117 1412 parte
1132 1330 1203 1412 Ipsa
1218 1337 1348 1398 canetur
1363 1339 1421 1400 etc.

189 1434 283 1513 Quod
304 1455 379 1518 pars
400 1437 471 1519 ipsa
492 1436 532 1502 de
554 1441 678 1502 caetero
701 1455 763 1502 nou
787 1441 952 1512 seruetur,
987 1453 1045 1500 neo
1066 1435 1167 1501 locum
1191 1434 1308 1502 habeat
1329 1439 1422 1505 modo

189 1539 313 1622 aliqu03
342 1543 405 1609 imo
428 1545 537 1625 vigore
560 1541 738 1623 praesentis
761 1540 880 1622 eonsilij
905 1545 938 1606 et
959 1538 1192 1608 reformationis
1214 1541 1256 1606 sit
1278 1559 1368 1608 casse
1390 1550 1424 1610 et

188 1645 372 1726 annullata3
395 1647 441 1712 ita
463 1652 497 1711 et
518 1646 635 1724 taliter,
659 1646 744 1727 quod
767 1646 896 1727 quilibet
918 1645 1020 1726 possit
1039 1645 1220 1712 decaetero
1242 1647 1421 1730 relinquere

189 1751 356 1818 attestari
379 1751 464 1818 bona
484 1771 543 1817 sua
564 1769 781 1832 quaecumque
805 1749 932 1816 stabilia
952 1751 992 1815 ad
1015 1750 1137 1816 libitum
1162 1751 1344 1818 uoluntatis.

262 1965 328 2008 GAP.
352 1967 398 2008 un.
422 1965 572 2017 Quomono
594 1966 750 2008 munmmms
774 1965 904 2009 rusum
926 1965 1051 2008 Possm·
1073 1965 1115 2006 DE
1136 1964 1217 2007 DO'IB
1239 1966 1358 2010 munt.

232 2082 313 2148 Item
334 2083 367 2146 ln
390 2083 475 2149 dicto
498 2081 629 2148 oonsilio
652 2087 778 2165 captum
802 2081 861 2147 luit
876 2102 933 2164 per
946 2081 1084 2148 ballotas
1099 2084 1199 2148 xxxiv.
1215 2103 1277 2149 non
1293 2085 1421 2152 obstan·

186 2187 275 2254 tibus
306 2187 436 2254 ballods
465 2188 545 2270 xxvi.
569 2188 602 2252 in
635 2189 825 2253 contrarium
860 2188 1011 2269 repertis,
1046 2187 1129 2269 quod
1163 2188 1268 2270 ailqua
1300 2189 1423 2272 mulier,

187 2293 415 2374 cuiuscumque
438 2293 627 2358 conditionis
650 2293 800 2372 existens,
824 2297 923 2374 nupta
945 2291 1041 2358 fuerit
1056 2311 1125 2358 cum
1142 2293 1216 2359 dote
1232 2293 1343 2374 quauis
1359 2313 1423 2362 non

187 2397 312 2464 habens
345 2397 516 2464 haeredem
540 2395 653 2483 filium,
689 2397 740 2464 uel
763 2396 859 2462 filiam
882 2398 1054 2478 uiuentem,
1089 2416 1152 2462 non
1174 2397 1278 2480 possit
1310 2401 1424 2465 testari

187 2504 275 2570 dinto
298 2503 365 2570 eius
387 2503 516 2580 marito,
552 2521 611 2567 nec
631 2501 721 2568 alteri
745 2503 833 2567 ouius
856 2521 1011 2583 personae
1043 2507 1132 2567 extra
1167 2503 1328 2582 dotantes,
1364 2505 1425 2570 nisi

186 2609 317 2674 tertiam
349 2614 471 2694 partem
497 2625 574 2673 suae
596 2607 699 2686 dotis,
733 2607 873 2687 reliquae
895 2625 971 2672 vero
995 2607 1076 2672 duae
1109 2612 1218 2688 partes
1254 2608 1424 2675 deueniant

186 2714 285 2796 pleno
306 2713 375 2781 iure
396 2713 428 2777 in
450 2711 533 2791 Illos,
556 2711 610 2794 qui
632 2711 717 2776 illam
742 2712 942 2778 dotauerunt.
967 2711 1001 2776 Si
1017 2729 1090 2776 vero
1107 2709 1254 2777 habuerIt
1269 2712 1422 2779 haeredes

186 2815 288 2884 filium
310 2819 361 2885 vel
383 2817 489 2903 liliam,
513 2836 607 2882 vnum
631 2817 681 2882 vel
702 2816 810 2900 plures
834 2823 867 2882 et
888 2821 1087 2883 morerentur
1108 2817 1140 2881 in
1164 2815 1300 2899 pupilari
1316 2823 1422 2884 aetate

187 2941 318 3004 ornnes,
349 2929 424 2990 tune
446 2942 484 2990 eo
507 2940 583 2988 casu
613 2923 779 2988 eueniente
813 2927 905 3004 pater
937 2921 1055 2988 habeat
1087 2921 1290 2988 medietatem
1320 2923 1421 3005 Ipsius

189 3029 273 3096 dotis
296 3033 329 3096 et
351 3029 412 3094 alia
434 3029 589 3096 medietas
608 3027 701 3110 pleno
725 3027 793 3094 iure
816 3031 996 3093 reuertatur
1010 3027 1043 3091 in
1059 3025 1205 3093 dotantes
1230 3021 1421 3107 praedictos,

188 3140 247 3202 aut
266 3133 300 3199 in
323 3152 433 3201 eorum
455 3134 608 3200 haerodes
631 3139 664 3198 et
687 3149 895 3198 successores.
927 3131 998 3198 Non
1022 3131 1206 3214 derogando
1229 3137 1334 3197 tamen
1357 3137 1422 3198 sta-

188 3245 261 3306 tuto
284 3239 324 3306 de
345 3241 414 3336 uiro
437 3239 573 3318 viduato,
599 3243 632 3304 et
654 3255 749 3304 vxore
771 3235 927 3302 viduata.²

190 3455 258 3498 ΟΔΡ.
282 3455 340 3498 om.
371 3455 453 3506 QUOD
481 3453 602 3500 nmmos
631 3451 825 3514 commissu
852 3453 887 3494 IN
913 3451 1042 3493 vxom
1064 3449 1256 3496 Assconmno
1279 3451 1422 3504 mouns!

519 3558 640 3610 Assumo
662 3557 848 3600 VOLUNTATII
870 3557 1099 3600 Pnoxxlssomum.

233 3677 315 3744 Item
338 3682 464 3760 raptum
485 3675 546 3742 furit
567 3677 600 3742 in
623 3675 735 3742 eodem
758 3674 885 3741 consilio
909 3692 966 3757 per
988 3673 1123 3740 ballotas
1139 3673 1160 3738 l.
1176 3673 1279 3739 tribus
1295 3671 1421 3738 ballotis

187 3781 222 3848 ln
245 3784 437 3849 contrarium
458 3781 594 3866 repertIs
618 3799 679 3848 non
703 3779 919 3858 obstantibus,
955 3779 1040 3860 quod
1062 3777 1166 3844 nullus
1200 3777 1421 3858 cuiuscumque

189 3887 379 3956 conditionis
401 3889 523 3968 exlatat,
548 3887 736 3952 decaetero
759 3887 852 3951 modo
876 3883 980 3966 aliquo
1003 3889 1203 3966 praesumat,
1237 3881 1330 3950 modo
1350 3883 1421 3948 abs-

190 3994 318 4063 condito
340 3992 473 4060 allidere
494 3993 526 4058 in
549 3991 618 4058 eins
641 4009 767 4058 vxorern
791 3990 927 4072 aliquam
950 3989 1097 4072 puellam,
1131 3989 1182 4054 vel
1204 3987 1367 4053 mulierem
1388 3986 1421 4050 in

188 4101 294 4168 insula
322 4105 356 4166 et
377 4099 522 4166 districtu
546 4096 701 4164 Curzulae
723 4097 844 4176 absque
877 4113 1028 4177 expressa
1052 4095 1183 4160 solentis
1205 4097 1239 4158 et
1260 4091 1422 4158 voluntate

187 4205 414 4290 proxImiorum
437 4203 741 4283 oonsanquiueorum
766 4201 869 4265 diotae
891 4201 1041 4279 multaris,
1066 4201 1134 4264 sine
1157 4197 1292 4281 puellae,
1320 4215 1422 4278 poena

186 4309 345 4390 affidanti,
368 4309 395 4374 si
417 4308 512 4375 fuerit
529 4305 652 4386 nobilia
677 4323 904 4388 yperperorum
921 4311 1056 4382 centum,
1080 4303 1106 4368 si
1122 4321 1197 4370 vero
1212 4301 1308 4368 fuerit
1324 4321 1422 4384 popu-

188 4417 269 4482 laris
290 4432 516 4499 yperperorum
538 4412 559 4475 l.
585 4429 677 4493 quarn
702 4429 836 4492 poenam
860 4409 1039 4474 immediate
1061 4409 1129 4490 ipso
1152 4405 1346 4474 nontraiaoto
1362 4405 1422 4472 sol·

186 4541 268 4588 uere
290 4521 427 4587 debeant
460 4517 679 4622 delinquentes
713 4521 885 4596 autequam
909 4519 1023 4579 exeant
1045 4515 1085 4580 de
1108 4513 1294 4578 carceribus.
1329 4511 1423 4576 Etsi

238 4680 249 4715 ¹
265 4683 306 4743 Ol.
323 4683 481 4742 revocatam
496 4683 569 4740 hano
585 4678 810 4740 reformationem
828 4677 959 4751 superius
975 4693 1050 4750 cap.
1068 4673 1129 4735 XV.
1147 4673 1306 4732 Reform.

236 4767 396 4844 lcr'aap.
414 4767 851 4831 xn11.erxn111.statuti.
