<?xml version="1.0" encoding="UTF-8"?>
<!DOCTYPE html PUBLIC "-//W3C//DTD XHTML 1.0 Transitional//EN"
    "http://www.w3.org/TR/xhtml1/DTD/xhtml1-transitional.dtd">
<html xmlns="http://www.w3.org/1999/xhtml" xml:lang="en" lang="en">
 <head>
  <title>
</title>
<meta http-equiv="Content-Type" content="text/html;charset=utf-8" />
  <meta name='ocr-system' content='tesseract 3.04.00' />
  <meta name='ocr-capabilities' content='ocr_page ocr_carea ocr_par ocr_line ocrx_word'/>
</head>
<body>
  <div class='ocr_page' id='page_1' title='image "./statutaetlegesc00yuggoog_0588.png"; bbox 0 0 3398 5354; ppageno 0'>
   <div class='ocr_carea' id='block_1_1' title="bbox 310 477 371 538">
    <p class='ocr_par' dir='ltr' id='par_1_1' title="bbox 310 477 371 538">
     <span class='ocr_line' id='line_1_1' title="bbox 310 477 371 538; baseline 0 0"><span class='ocrx_word' id='word_1_1' title='bbox 310 477 371 538; x_wconf 77' lang='lat'>228</span> 
     </span>
    </p>
   </div>
   <div class='ocr_carea' id='block_1_2' title="bbox 307 677 1552 1076">
    <p class='ocr_par' dir='ltr' id='par_1_2' title="bbox 307 677 1552 1076">
     <span class='ocr_line' id='line_1_2' title="bbox 307 677 1552 764; baseline -0.001 -19"><span class='ocrx_word' id='word_1_2' title='bbox 307 680 390 764; x_wconf 86' lang='lat' dir='ltr'>narij</span> <span class='ocrx_word' id='word_1_3' title='bbox 426 679 512 745; x_wconf 91' lang='lat' dir='ltr'>nullo</span> <span class='ocrx_word' id='word_1_4' title='bbox 543 679 637 745; x_wconf 93' lang='lat' dir='ltr'>modo</span> <span class='ocrx_word' id='word_1_5' title='bbox 668 679 794 762; x_wconf 79' lang='lat' dir='ltr'><strong>possint</strong></span> <span class='ocrx_word' id='word_1_6' title='bbox 816 677 886 762; x_wconf 91' lang='lat' dir='ltr'>ipsa</span> <span class='ocrx_word' id='word_1_7' title='bbox 908 697 997 744; x_wconf 91' lang='lat' dir='ltr'>arma</span> <span class='ocrx_word' id='word_1_8' title='bbox 1018 679 1158 746; x_wconf 91' lang='lat' dir='ltr'>uendere</span> <span class='ocrx_word' id='word_1_9' title='bbox 1179 697 1237 745; x_wconf 91' lang='lat' dir='ltr'>nec</span> <span class='ocrx_word' id='word_1_10' title='bbox 1259 678 1469 764; x_wconf 81' lang='lat' dir='ltr'>inpignorata.</span> <span class='ocrx_word' id='word_1_11' title='bbox 1508 677 1552 744; x_wconf 77' lang='lat' dir='ltr'>ut</span> 
     </span>
     <span class='ocr_line' id='line_1_3' title="bbox 308 780 1552 866; baseline -0.001 -17"><span class='ocrx_word' id='word_1_12' title='bbox 308 785 362 866; x_wconf 94' lang='lat' dir='ltr'>qui</span> <span class='ocrx_word' id='word_1_13' title='bbox 386 781 616 864; x_wconf 76' lang='lat' dir='ltr'><strong>contrafecerit,</strong></span> <span class='ocrx_word' id='word_1_14' title='bbox 640 784 673 848; x_wconf 92' lang='lat' dir='ltr'>in</span> <span class='ocrx_word' id='word_1_15' title='bbox 695 785 834 866; x_wconf 91' lang='lat' dir='ltr'>quinque</span> <span class='ocrx_word' id='word_1_16' title='bbox 856 783 945 850; x_wconf 85' lang='lat' dir='ltr'>libris</span> <span class='ocrx_word' id='word_1_17' title='bbox 968 783 1037 849; x_wconf 88' lang='lat' dir='ltr'>uice</span> <span class='ocrx_word' id='word_1_18' title='bbox 1060 783 1202 865; x_wconf 87' lang='lat' dir='ltr'>qualibet</span> <span class='ocrx_word' id='word_1_19' title='bbox 1222 781 1466 860; x_wconf 86' lang='lat' dir='ltr'>condemnetur¹</span> <span class='ocrx_word' id='word_1_20' title='bbox 1487 780 1552 848; x_wconf 88' lang='lat' dir='ltr'>nisi</span> 
     </span>
     <span class='ocr_line' id='line_1_4' title="bbox 313 887 1552 966; baseline -0.002 -11"><span class='ocrx_word' id='word_1_21' title='bbox 313 907 353 955; x_wconf 91' lang='lat' dir='ltr'>ea</span> <span class='ocrx_word' id='word_1_22' title='bbox 374 887 563 966; x_wconf 91' lang='lat' dir='ltr'>uendiderit,</span> <span class='ocrx_word' id='word_1_23' title='bbox 595 894 631 954; x_wconf 91' lang='lat' dir='ltr'>ut</span> <span class='ocrx_word' id='word_1_24' title='bbox 659 889 691 954; x_wconf 93' lang='lat' dir='ltr'>in</span> <span class='ocrx_word' id='word_1_25' title='bbox 715 887 888 954; x_wconf 92' lang='lat' dir='ltr'>continenti</span> <span class='ocrx_word' id='word_1_26' title='bbox 916 894 1103 954; x_wconf 84' lang='lat' dir='ltr'>remaneant</span> <span class='ocrx_word' id='word_1_27' title='bbox 1126 887 1190 953; x_wconf 85' lang='lat' dir='ltr'>alia</span> <span class='ocrx_word' id='word_1_28' title='bbox 1212 905 1300 952; x_wconf 87' lang='lat' dir='ltr'>arma</span> <span class='ocrx_word' id='word_1_29' title='bbox 1322 887 1552 953; x_wconf 86' lang='lat' dir='ltr'>conueniencia</span> 
     </span>
     <span class='ocr_line' id='line_1_5' title="bbox 309 991 702 1076; baseline 0 -18"><span class='ocrx_word' id='word_1_30' title='bbox 309 1011 367 1076; x_wconf 91' lang='lat' dir='ltr'>pro</span> <span class='ocrx_word' id='word_1_31' title='bbox 391 991 574 1061; x_wconf 78' lang='lat' dir='ltr'>defensione</span> <span class='ocrx_word' id='word_1_32' title='bbox 597 991 702 1059; x_wconf 90' lang='lat' dir='ltr'>lembi.</span> 
     </span>
    </p>
   </div>
   <div class='ocr_carea' id='block_1_3' title="bbox 681 1204 1110 1251">
    <p class='ocr_par' dir='ltr' id='par_1_3' title="bbox 681 1204 1110 1251">
     <span class='ocr_line' id='line_1_6' title="bbox 681 1204 1110 1251; baseline -0.005 -1"><span class='ocrx_word' id='word_1_33' title='bbox 681 1209 683 1212; x_wconf 81' lang='grc'><strong>’</strong></span> <span class='ocrx_word' id='word_1_34' title='bbox 742 1207 810 1251; x_wconf 78' lang='grc' dir='ltr'><strong>ΟΔΡ.</strong></span> <span class='ocrx_word' id='word_1_35' title='bbox 833 1204 908 1249; x_wconf 79' lang='grc' dir='ltr'><strong>ΙιΧΙῐ.</strong></span> <span class='ocrx_word' id='word_1_36' title='bbox 931 1207 973 1248; x_wconf 78' lang='lat' dir='ltr'>DE</span> <span class='ocrx_word' id='word_1_37' title='bbox 994 1205 1110 1249; x_wconf 70' lang='lat' dir='ltr'>EODEM.</span> 
     </span>
    </p>
   </div>
   <div class='ocr_carea' id='block_1_4' title="bbox 309 1319 1553 2446">
    <p class='ocr_par' dir='ltr' id='par_1_4' title="bbox 309 1319 1553 2446">
     <span class='ocr_line' id='line_1_7' title="bbox 353 1319 1551 1404; baseline -0.001 -15"><span class='ocrx_word' id='word_1_38' title='bbox 353 1323 436 1390; x_wconf 86' lang='lat' dir='ltr'><strong>Item</strong></span> <span class='ocrx_word' id='word_1_39' title='bbox 466 1327 620 1389; x_wconf 90' lang='lat' dir='ltr'>statutum</span> <span class='ocrx_word' id='word_1_40' title='bbox 650 1327 684 1389; x_wconf 89' lang='lat' dir='ltr'>et</span> <span class='ocrx_word' id='word_1_41' title='bbox 714 1323 892 1388; x_wconf 88' lang='lat' dir='ltr'>ordinatum</span> <span class='ocrx_word' id='word_1_42' title='bbox 920 1326 978 1404; x_wconf 91' lang='lat' dir='ltr'>est,</span> <span class='ocrx_word' id='word_1_43' title='bbox 1018 1320 1103 1403; x_wconf 93' lang='lat' dir='ltr'>quod</span> <span class='ocrx_word' id='word_1_44' title='bbox 1135 1325 1305 1402; x_wconf 91' lang='lat' dir='ltr'>postquam</span> <span class='ocrx_word' id='word_1_45' title='bbox 1335 1319 1551 1388; x_wconf 86' lang='lat' dir='ltr'>mercatores¹</span> 
     </span>
     <span class='ocr_line' id='line_1_8' title="bbox 314 1423 1551 1508; baseline -0.002 -16"><span class='ocrx_word' id='word_1_46' title='bbox 314 1427 560 1494; x_wconf 79' lang='lat' dir='ltr'>naubzauerint³</span> <span class='ocrx_word' id='word_1_47' title='bbox 574 1426 701 1508; x_wconf 77' lang='lat' dir='ltr'>aliquod</span> <span class='ocrx_word' id='word_1_48' title='bbox 716 1426 853 1493; x_wconf 84' lang='lat' dir='ltr'>lembum</span> <span class='ocrx_word' id='word_1_49' title='bbox 870 1424 1106 1492; x_wconf 89' lang='lat' dir='ltr'>conducendum</span> <span class='ocrx_word' id='word_1_50' title='bbox 1122 1425 1164 1490; x_wconf 89' lang='lat' dir='ltr'>ad</span> <span class='ocrx_word' id='word_1_51' title='bbox 1179 1425 1314 1508; x_wconf 84' lang='lat' dir='ltr'>aliquem</span> <span class='ocrx_word' id='word_1_52' title='bbox 1331 1425 1445 1502; x_wconf 89' lang='lat' dir='ltr'>locum,</span> <span class='ocrx_word' id='word_1_53' title='bbox 1461 1423 1551 1506; x_wconf 88' lang='lat' dir='ltr'>quad</span> 
     </span>
     <span class='ocr_line' id='line_1_9' title="bbox 312 1528 1549 1613; baseline -0.003 -15"><span class='ocrx_word' id='word_1_54' title='bbox 312 1532 459 1598; x_wconf 88' lang='lat' dir='ltr'>dominus</span> <span class='ocrx_word' id='word_1_55' title='bbox 481 1532 581 1610; x_wconf 86' lang='lat' dir='ltr'>nauis,</span> <span class='ocrx_word' id='word_1_56' title='bbox 611 1535 772 1613; x_wconf 88' lang='lat' dir='ltr'>patronus,</span> <span class='ocrx_word' id='word_1_57' title='bbox 803 1547 861 1596; x_wconf 89' lang='lat' dir='ltr'>seu</span> <span class='ocrx_word' id='word_1_58' title='bbox 890 1529 1068 1595; x_wconf 87' lang='lat' dir='ltr'>nauclerius</span> <span class='ocrx_word' id='word_1_59' title='bbox 1098 1528 1185 1593; x_wconf 90' lang='lat' dir='ltr'>nullo</span> <span class='ocrx_word' id='word_1_60' title='bbox 1215 1529 1319 1607; x_wconf 92' lang='lat' dir='ltr'>modo,</span> <span class='ocrx_word' id='word_1_61' title='bbox 1350 1545 1410 1594; x_wconf 92' lang='lat' dir='ltr'>nec</span> <span class='ocrx_word' id='word_1_62' title='bbox 1438 1528 1549 1610; x_wconf 90' lang='lat' dir='ltr'>aliquo</span> 
     </span>
     <span class='ocr_line' id='line_1_10' title="bbox 309 1633 1553 1718; baseline -0.003 -16"><span class='ocrx_word' id='word_1_63' title='bbox 309 1635 444 1718; x_wconf 79' lang='lat' dir='ltr'>prestito</span> <span class='ocrx_word' id='word_1_64' title='bbox 474 1635 579 1701; x_wconf 92' lang='lat' dir='ltr'>colore</span> <span class='ocrx_word' id='word_1_65' title='bbox 608 1636 732 1717; x_wconf 91' lang='lat' dir='ltr'>possint</span> <span class='ocrx_word' id='word_1_66' title='bbox 760 1634 900 1700; x_wconf 90' lang='lat' dir='ltr'>uendere</span> <span class='ocrx_word' id='word_1_67' title='bbox 929 1651 988 1700; x_wconf 92' lang='lat' dir='ltr'>nec</span> <span class='ocrx_word' id='word_1_68' title='bbox 1017 1633 1171 1700; x_wconf 68' lang='lat' dir='ltr'>alienare*</span> <span class='ocrx_word' id='word_1_69' title='bbox 1200 1639 1299 1699; x_wconf 83' lang='lat' dir='ltr'>sarira</span> <span class='ocrx_word' id='word_1_70' title='bbox 1334 1633 1386 1700; x_wconf 92' lang='lat' dir='ltr'>uel</span> <span class='ocrx_word' id='word_1_71' title='bbox 1414 1633 1553 1698; x_wconf 85' lang='lat' dir='ltr'>carrada</span> 
     </span>
     <span class='ocr_line' id='line_1_11' title="bbox 309 1737 1551 1822; baseline -0.002 -17"><span class='ocrx_word' id='word_1_72' title='bbox 309 1739 411 1822; x_wconf 90' lang='lat' dir='ltr'>ipsius</span> <span class='ocrx_word' id='word_1_73' title='bbox 433 1739 529 1805; x_wconf 92' lang='lat' dir='ltr'>lembi</span> <span class='ocrx_word' id='word_1_74' title='bbox 552 1739 620 1804; x_wconf 87' lang='lat' dir='ltr'>sine</span> <span class='ocrx_word' id='word_1_75' title='bbox 642 1738 806 1805; x_wconf 87' lang='lat' dir='ltr'>uoluntate</span> <span class='ocrx_word' id='word_1_76' title='bbox 828 1745 1051 1812; x_wconf 89' lang='lat' dir='ltr'>mercatorum,</span> <span class='ocrx_word' id='word_1_77' title='bbox 1086 1737 1188 1803; x_wconf 92' lang='lat' dir='ltr'>donec</span> <span class='ocrx_word' id='word_1_78' title='bbox 1210 1737 1359 1820; x_wconf 85' lang='lat' dir='ltr'>uiagium‚</span> <span class='ocrx_word' id='word_1_79' title='bbox 1390 1737 1430 1802; x_wconf 89' lang='lat' dir='ltr'>ad</span> <span class='ocrx_word' id='word_1_80' title='bbox 1459 1737 1551 1818; x_wconf 90' lang='lat' dir='ltr'>quod</span> 
     </span>
     <span class='ocr_line' id='line_1_12' title="bbox 309 1839 1552 1924; baseline -0.002 -15"><span class='ocrx_word' id='word_1_81' title='bbox 309 1844 448 1911; x_wconf 90' lang='lat' dir='ltr'>lembum</span> <span class='ocrx_word' id='word_1_82' title='bbox 478 1841 538 1908; x_wconf 86' lang='lat' dir='ltr'>fuit</span> <span class='ocrx_word' id='word_1_83' title='bbox 568 1842 766 1920; x_wconf 86' lang='lat' dir='ltr'>conductum,</span> <span class='ocrx_word' id='word_1_84' title='bbox 796 1841 893 1908; x_wconf 90' lang='lat' dir='ltr'>fuerit</span> <span class='ocrx_word' id='word_1_85' title='bbox 924 1841 1116 1924; x_wconf 92' lang='lat' dir='ltr'>completum</span> <span class='ocrx_word' id='word_1_86' title='bbox 1149 1847 1182 1908; x_wconf 91' lang='lat' dir='ltr'>et</span> <span class='ocrx_word' id='word_1_87' title='bbox 1210 1839 1337 1922; x_wconf 84' lang='lat' dir='ltr'>iactum,</span> <span class='ocrx_word' id='word_1_88' title='bbox 1368 1840 1427 1906; x_wconf 88' lang='lat' dir='ltr'>nisi</span> <span class='ocrx_word' id='word_1_89' title='bbox 1450 1858 1552 1907; x_wconf 83' lang='lat' dir='ltr'>cansa</span> 
     </span>
     <span class='ocr_line' id='line_1_13' title="bbox 312 1943 1551 2029; baseline -0.002 -17"><span class='ocrx_word' id='word_1_90' title='bbox 312 1947 498 2014; x_wconf 82' lang='lat' dir='ltr'>meliorandi</span> <span class='ocrx_word' id='word_1_91' title='bbox 519 1949 590 2029; x_wconf 90' lang='lat' dir='ltr'>ipsa</span> <span class='ocrx_word' id='word_1_92' title='bbox 612 1946 711 2012; x_wconf 89' lang='lat' dir='ltr'>sartia</span> <span class='ocrx_word' id='word_1_93' title='bbox 733 1947 783 2016; x_wconf 91' lang='lat' dir='ltr'>uel</span> <span class='ocrx_word' id='word_1_94' title='bbox 807 1947 948 2014; x_wconf 91' lang='lat' dir='ltr'>correda.</span> <span class='ocrx_word' id='word_1_95' title='bbox 972 1945 1015 2012; x_wconf 83' lang='lat' dir='ltr'>Et</span> <span class='ocrx_word' id='word_1_96' title='bbox 1038 1947 1092 2027; x_wconf 91' lang='lat' dir='ltr'>qui</span> <span class='ocrx_word' id='word_1_97' title='bbox 1114 1944 1345 2023; x_wconf 76' lang='lat' dir='ltr'>contrafecerit,</span> <span class='ocrx_word' id='word_1_98' title='bbox 1370 1944 1398 2010; x_wconf 90' lang='lat' dir='ltr'>si</span> <span class='ocrx_word' id='word_1_99' title='bbox 1416 1943 1551 2026; x_wconf 82' lang='lat' dir='ltr'>aliquod</span> 
     </span>
     <span class='ocr_line' id='line_1_14' title="bbox 311 2049 1545 2134; baseline -0.002 -17"><span class='ocrx_word' id='word_1_100' title='bbox 311 2051 478 2117; x_wconf 80' lang='lat' dir='ltr'>damnum⁶</span> <span class='ocrx_word' id='word_1_101' title='bbox 500 2058 671 2134; x_wconf 90' lang='lat' dir='ltr'>propterea</span> <span class='ocrx_word' id='word_1_102' title='bbox 686 2051 718 2116; x_wconf 94' lang='lat' dir='ltr'>in</span> <span class='ocrx_word' id='word_1_103' title='bbox 734 2051 831 2117; x_wconf 91' lang='lat' dir='ltr'>rebus</span> <span class='ocrx_word' id='word_1_104' title='bbox 847 2051 1010 2117; x_wconf 89' lang='lat' dir='ltr'>conductis</span> <span class='ocrx_word' id='word_1_105' title='bbox 1026 2049 1177 2124; x_wconf 84' lang='lat' dir='ltr'>emiserit,</span> <span class='ocrx_word' id='word_1_106' title='bbox 1201 2055 1355 2131; x_wconf 89' lang='lat' dir='ltr'>patronus</span> <span class='ocrx_word' id='word_1_107' title='bbox 1371 2055 1405 2116; x_wconf 92' lang='lat' dir='ltr'>et</span> <span class='ocrx_word' id='word_1_108' title='bbox 1419 2049 1545 2115; x_wconf 78' lang='lat' dir='ltr'>nauale</span> 
     </span>
     <span class='ocr_line' id='line_1_15' title="bbox 309 2153 1550 2236; baseline -0.002 -16"><span class='ocrx_word' id='word_1_109' title='bbox 309 2157 376 2222; x_wconf 91' lang='lat' dir='ltr'>rius</span> <span class='ocrx_word' id='word_1_110' title='bbox 399 2155 439 2221; x_wconf 91' lang='lat' dir='ltr'>ad</span> <span class='ocrx_word' id='word_1_111' title='bbox 461 2156 714 2222; x_wconf 82' lang='lat' dir='ltr'>emendationem</span> <span class='ocrx_word' id='word_1_112' title='bbox 738 2155 940 2221; x_wconf 82' lang='lat' dir='ltr'>damnoruml</span> <span class='ocrx_word' id='word_1_113' title='bbox 961 2155 994 2220; x_wconf 91' lang='lat' dir='ltr'>in</span> <span class='ocrx_word' id='word_1_114' title='bbox 1028 2154 1159 2236; x_wconf 91' lang='lat' dir='ltr'>duplum</span> <span class='ocrx_word' id='word_1_115' title='bbox 1181 2153 1352 2221; x_wconf 87' lang='lat' dir='ltr'>efficaciter</span> <span class='ocrx_word' id='word_1_116' title='bbox 1375 2157 1550 2219; x_wconf 84' lang='lat' dir='ltr'>teneantur</span> 
     </span>
     <span class='ocr_line' id='line_1_16' title="bbox 311 2257 1551 2344; baseline -0.002 -18"><span class='ocrx_word' id='word_1_117' title='bbox 311 2265 345 2326; x_wconf 89' lang='lat' dir='ltr'>et</span> <span class='ocrx_word' id='word_1_118' title='bbox 367 2259 619 2344; x_wconf 82' lang='lat' dir='ltr'>uigintiqninque</span> <span class='ocrx_word' id='word_1_119' title='bbox 641 2259 730 2326; x_wconf 88' lang='lat' dir='ltr'>libris</span> <span class='ocrx_word' id='word_1_120' title='bbox 753 2259 910 2327; x_wconf 90' lang='lat' dir='ltr'>communi</span> <span class='ocrx_word' id='word_1_121' title='bbox 934 2257 1057 2340; x_wconf 79' lang='lat' dir='ltr'>Spoleti</span> <span class='ocrx_word' id='word_1_122' title='bbox 1080 2257 1213 2338; x_wconf 90' lang='lat' dir='ltr'>quilibet</span> <span class='ocrx_word' id='word_1_123' title='bbox 1231 2276 1342 2324; x_wconf 90' lang='lat' dir='ltr'>eorum</span> <span class='ocrx_word' id='word_1_124' title='bbox 1356 2257 1551 2324; x_wconf 83' lang='lat' dir='ltr'>irremissio·</span> 
     </span>
     <span class='ocr_line' id='line_1_17' title="bbox 310 2365 812 2446; baseline -0.004 -16"><span class='ocrx_word' id='word_1_125' title='bbox 310 2365 458 2431; x_wconf 89' lang='lat' dir='ltr'>nabiliter</span> <span class='ocrx_word' id='word_1_126' title='bbox 480 2365 731 2431; x_wconf 67' lang='lat' dir='ltr'>condemnetur.</span> <span class='ocrx_word' id='word_1_127' title='bbox 807 2437 812 2446; x_wconf 30' lang='lat'><strong>¹</strong></span> 
     </span>
    </p>
   </div>
   <div class='ocr_carea' id='block_1_5' title="bbox 736 2575 1119 2621">
    <p class='ocr_par' dir='ltr' id='par_1_5' title="bbox 736 2575 1119 2621">
     <span class='ocr_line' id='line_1_18' title="bbox 736 2575 1119 2621; baseline -0.013 0"><span class='ocrx_word' id='word_1_128' title='bbox 736 2577 803 2621; x_wconf 66' lang='lat'><strong>031²·</strong></span> <span class='ocrx_word' id='word_1_129' title='bbox 826 2576 916 2620; x_wconf 81' lang='lat' dir='ltr'>uxm.</span> <span class='ocrx_word' id='word_1_130' title='bbox 939 2577 981 2619; x_wconf 71' lang='lat' dir='ltr'>DE</span> <span class='ocrx_word' id='word_1_131' title='bbox 1002 2575 1119 2619; x_wconf 71' lang='lat' dir='ltr'>EODEM.</span> 
     </span>
    </p>
   </div>
   <div class='ocr_carea' id='block_1_6' title="bbox 310 2691 1555 3402">
    <p class='ocr_par' dir='ltr' id='par_1_6' title="bbox 310 2691 1555 3402">
     <span class='ocr_line' id='line_1_19' title="bbox 353 2691 1549 2775; baseline -0.001 -17"><span class='ocrx_word' id='word_1_132' title='bbox 353 2693 435 2760; x_wconf 89' lang='lat' dir='ltr'>Item</span> <span class='ocrx_word' id='word_1_133' title='bbox 457 2697 612 2760; x_wconf 85' lang='lat' dir='ltr'>statutum</span> <span class='ocrx_word' id='word_1_134' title='bbox 634 2697 669 2758; x_wconf 94' lang='lat' dir='ltr'>et</span> <span class='ocrx_word' id='word_1_135' title='bbox 691 2693 870 2758; x_wconf 89' lang='lat' dir='ltr'>ordinatum</span> <span class='ocrx_word' id='word_1_136' title='bbox 892 2698 952 2773; x_wconf 89' lang='lat' dir='ltr'>est,</span> <span class='ocrx_word' id='word_1_137' title='bbox 976 2693 1061 2775; x_wconf 92' lang='lat' dir='ltr'>quod</span> <span class='ocrx_word' id='word_1_138' title='bbox 1083 2697 1251 2775; x_wconf 90' lang='lat' dir='ltr'>postquam</span> <span class='ocrx_word' id='word_1_139' title='bbox 1273 2709 1326 2757; x_wconf 87' lang='lat' dir='ltr'>res</span> <span class='ocrx_word' id='word_1_140' title='bbox 1347 2695 1382 2757; x_wconf 90' lang='lat' dir='ltr'>et</span> <span class='ocrx_word' id='word_1_141' title='bbox 1397 2691 1549 2758; x_wconf 89' lang='lat' dir='ltr'>mercati-</span> 
     </span>
     <span class='ocr_line' id='line_1_20' title="bbox 310 2796 1553 2879; baseline -0.002 -15"><span class='ocrx_word' id='word_1_142' title='bbox 310 2816 387 2864; x_wconf 89' lang='lat' dir='ltr'>ones</span> <span class='ocrx_word' id='word_1_143' title='bbox 417 2797 537 2863; x_wconf 88' lang='lat' dir='ltr'>luerint</span> <span class='ocrx_word' id='word_1_144' title='bbox 567 2796 739 2877; x_wconf 82' lang='lat' dir='ltr'>conductq⁸</span> <span class='ocrx_word' id='word_1_145' title='bbox 761 2798 794 2862; x_wconf 95' lang='lat' dir='ltr'>in</span> <span class='ocrx_word' id='word_1_146' title='bbox 817 2816 932 2864; x_wconf 91' lang='lat' dir='ltr'>nauem</span> <span class='ocrx_word' id='word_1_147' title='bbox 963 2798 1047 2879; x_wconf 92' lang='lat' dir='ltr'>quod</span> <span class='ocrx_word' id='word_1_148' title='bbox 1080 2797 1218 2864; x_wconf 88' lang='lat' dir='ltr'>debeant</span> <span class='ocrx_word' id='word_1_149' title='bbox 1246 2813 1317 2862; x_wconf 88' lang='lat' dir='ltr'>esse</span> <span class='ocrx_word' id='word_1_150' title='bbox 1346 2797 1380 2860; x_wconf 96' lang='lat' dir='ltr'>in</span> <span class='ocrx_word' id='word_1_151' title='bbox 1402 2796 1553 2862; x_wconf 89' lang='lat' dir='ltr'>custodia</span> 
     </span>
     <span class='ocr_line' id='line_1_21' title="bbox 310 2900 1555 2984; baseline -0.002 -17"><span class='ocrx_word' id='word_1_152' title='bbox 310 2908 515 2984; x_wconf 90' lang='lat' dir='ltr'>patronorum</span> <span class='ocrx_word' id='word_1_153' title='bbox 539 2901 643 2968; x_wconf 90' lang='lat' dir='ltr'>lembi</span> <span class='ocrx_word' id='word_1_154' title='bbox 667 2900 762 2966; x_wconf 88' lang='lat' dir='ltr'>Etsi</span> <span class='ocrx_word' id='word_1_155' title='bbox 786 2901 907 2982; x_wconf 91' lang='lat' dir='ltr'>aliquid</span> <span class='ocrx_word' id='word_1_156' title='bbox 930 2901 970 2966; x_wconf 92' lang='lat' dir='ltr'>de</span> <span class='ocrx_word' id='word_1_157' title='bbox 993 2901 1085 2966; x_wconf 86' lang='lat' dir='ltr'>dictis</span> <span class='ocrx_word' id='word_1_158' title='bbox 1101 2901 1196 2966; x_wconf 90' lang='lat' dir='ltr'>rebus</span> <span class='ocrx_word' id='word_1_159' title='bbox 1215 2901 1401 2982; x_wconf 88' lang='lat' dir='ltr'>perderetur</span> <span class='ocrx_word' id='word_1_160' title='bbox 1417 2904 1555 2983; x_wconf 91' lang='lat' dir='ltr'>propter</span> 
     </span>
     <span class='ocr_line' id='line_1_22' title="bbox 310 3005 1554 3090; baseline -0.001 -19"><span class='ocrx_word' id='word_1_161' title='bbox 310 3005 427 3072; x_wconf 89' lang='lat' dir='ltr'>malam</span> <span class='ocrx_word' id='word_1_162' title='bbox 457 3007 642 3088; x_wconf 90' lang='lat' dir='ltr'>custodiam,</span> <span class='ocrx_word' id='word_1_163' title='bbox 676 3006 729 3071; x_wconf 92' lang='lat' dir='ltr'>uel</span> <span class='ocrx_word' id='word_1_164' title='bbox 759 3005 995 3090; x_wconf 83' lang='lat' dir='ltr'>negligentiam,</span> <span class='ocrx_word' id='word_1_165' title='bbox 1026 3013 1179 3088; x_wconf 87' lang='lat' dir='ltr'>patronus</span> <span class='ocrx_word' id='word_1_166' title='bbox 1208 3005 1303 3071; x_wconf 90' lang='lat' dir='ltr'>lembi</span> <span class='ocrx_word' id='word_1_167' title='bbox 1335 3005 1377 3070; x_wconf 89' lang='lat' dir='ltr'>ad</span> <span class='ocrx_word' id='word_1_168' title='bbox 1399 3005 1554 3072; x_wconf 86' lang='lat' dir='ltr'>emenda·</span> 
     </span>
     <span class='ocr_line' id='line_1_23' title="bbox 311 3109 1554 3195; baseline -0.003 -19"><span class='ocrx_word' id='word_1_169' title='bbox 311 3111 428 3177; x_wconf 93' lang='lat' dir='ltr'>tionem</span> <span class='ocrx_word' id='word_1_170' title='bbox 459 3109 581 3176; x_wconf 79' lang='lat' dir='ltr'>damni⁹</span> <span class='ocrx_word' id='word_1_171' title='bbox 610 3109 781 3176; x_wconf 84' lang='lat' dir='ltr'>efficaciter</span> <span class='ocrx_word' id='word_1_172' title='bbox 811 3115 966 3195; x_wconf 88' lang='lat' dir='ltr'>teneatur,</span> <span class='ocrx_word' id='word_1_173' title='bbox 1001 3110 1063 3175; x_wconf 91' lang='lat' dir='ltr'>nisi</span> <span class='ocrx_word' id='word_1_174' title='bbox 1091 3111 1162 3192; x_wconf 79' lang='lat' dir='ltr'>ipse</span> <span class='ocrx_word' id='word_1_175' title='bbox 1193 3127 1245 3176; x_wconf 92' lang='lat' dir='ltr'>res</span> <span class='ocrx_word' id='word_1_176' title='bbox 1273 3115 1307 3175; x_wconf 91' lang='lat' dir='ltr'>et</span> <span class='ocrx_word' id='word_1_177' title='bbox 1336 3109 1554 3174; x_wconf 74' lang='lat' dir='ltr'>mercationes</span> 
     </span>
     <span class='ocr_line' id='line_1_24' title="bbox 313 3212 1551 3299; baseline -0.002 -19"><span class='ocrx_word' id='word_1_178' title='bbox 313 3233 372 3298; x_wconf 92' lang='lat' dir='ltr'>per</span> <span class='ocrx_word' id='word_1_179' title='bbox 392 3215 578 3280; x_wconf 88' lang='lat' dir='ltr'>uiolentiam</span> <span class='ocrx_word' id='word_1_180' title='bbox 601 3221 658 3280; x_wconf 91' lang='lat' dir='ltr'>aut</span> <span class='ocrx_word' id='word_1_181' title='bbox 680 3234 738 3297; x_wconf 91' lang='lat' dir='ltr'>per</span> <span class='ocrx_word' id='word_1_182' title='bbox 759 3215 874 3299; x_wconf 84' lang='lat' dir='ltr'>ignem,</span> <span class='ocrx_word' id='word_1_183' title='bbox 898 3220 954 3281; x_wconf 89' lang='lat' dir='ltr'>aut</span> <span class='ocrx_word' id='word_1_184' title='bbox 972 3233 1029 3298; x_wconf 90' lang='lat' dir='ltr'>per</span> <span class='ocrx_word' id='word_1_185' title='bbox 1043 3213 1201 3281; x_wconf 84' lang='lat' dir='ltr'>fortunam</span> <span class='ocrx_word' id='word_1_186' title='bbox 1217 3215 1313 3279; x_wconf 90' lang='lat' dir='ltr'>maris</span> <span class='ocrx_word' id='word_1_187' title='bbox 1328 3212 1551 3295; x_wconf 84' lang='lat' dir='ltr'>perderentur,</span> 
     </span>
     <span class='ocr_line' id='line_1_25' title="bbox 310 3318 1207 3402; baseline -0.003 -18"><span class='ocrx_word' id='word_1_188' title='bbox 310 3319 481 3401; x_wconf 87' lang='lat' dir='ltr'>inquibus</span> <span class='ocrx_word' id='word_1_189' title='bbox 503 3318 629 3385; x_wconf 81' lang='lat' dir='ltr'>casibus</span> <span class='ocrx_word' id='word_1_190' title='bbox 652 3325 821 3402; x_wconf 89' lang='lat' dir='ltr'>patronum</span> <span class='ocrx_word' id='word_1_191' title='bbox 844 3319 991 3385; x_wconf 88' lang='lat' dir='ltr'>uolumus</span> <span class='ocrx_word' id='word_1_192' title='bbox 1012 3337 1075 3384; x_wconf 92' lang='lat' dir='ltr'>non</span> <span class='ocrx_word' id='word_1_193' title='bbox 1098 3319 1207 3386; x_wconf 92' lang='lat' dir='ltr'>teneri.</span> 
     </span>
    </p>
   </div>
   <div class='ocr_carea' id='block_1_7' title="bbox 739 3549 1116 3594">
    <p class='ocr_par' dir='ltr' id='par_1_7' title="bbox 739 3549 1116 3594">
     <span class='ocr_line' id='line_1_26' title="bbox 739 3549 1116 3594; baseline -0.005 0"><span class='ocrx_word' id='word_1_194' title='bbox 739 3550 806 3594; x_wconf 71' lang='lat' dir='ltr'>OAP·</span> <span class='ocrx_word' id='word_1_195' title='bbox 828 3551 914 3593; x_wconf 76' lang='lat' dir='ltr'>mv.</span> <span class='ocrx_word' id='word_1_196' title='bbox 937 3551 979 3593; x_wconf 75' lang='lat' dir='ltr'>DE</span> <span class='ocrx_word' id='word_1_197' title='bbox 1000 3549 1116 3593; x_wconf 72' lang='lat' dir='ltr'><strong>EODEM.</strong></span> 
     </span>
    </p>
   </div>
   <div class='ocr_carea' id='block_1_8' title="bbox 315 3664 1551 4374">
    <p class='ocr_par' dir='ltr' id='par_1_8' title="bbox 315 3664 1551 4374">
     <span class='ocr_line' id='line_1_27' title="bbox 355 3664 1549 3748; baseline -0.002 -17"><span class='ocrx_word' id='word_1_198' title='bbox 355 3666 437 3732; x_wconf 89' lang='lat' dir='ltr'>Item</span> <span class='ocrx_word' id='word_1_199' title='bbox 461 3671 614 3732; x_wconf 89' lang='lat' dir='ltr'>statutum</span> <span class='ocrx_word' id='word_1_200' title='bbox 638 3671 671 3732; x_wconf 88' lang='lat' dir='ltr'>et</span> <span class='ocrx_word' id='word_1_201' title='bbox 693 3667 870 3732; x_wconf 88' lang='lat' dir='ltr'>ordinatum</span> <span class='ocrx_word' id='word_1_202' title='bbox 894 3671 951 3744; x_wconf 90' lang='lat' dir='ltr'>est,</span> <span class='ocrx_word' id='word_1_203' title='bbox 973 3667 1057 3748; x_wconf 92' lang='lat' dir='ltr'>quod</span> <span class='ocrx_word' id='word_1_204' title='bbox 1078 3672 1247 3748; x_wconf 89' lang='lat' dir='ltr'>postquam</span> <span class='ocrx_word' id='word_1_205' title='bbox 1263 3666 1402 3731; x_wconf 90' lang='lat' dir='ltr'>lembum</span> <span class='ocrx_word' id='word_1_206' title='bbox 1419 3664 1549 3746; x_wconf 86' lang='lat' dir='ltr'>aliquod</span> 
     </span>
     <span class='ocr_line' id='line_1_28' title="bbox 317 3769 1548 3853; baseline -0.001 -18"><span class='ocrx_word' id='word_1_207' title='bbox 317 3770 505 3852; x_wconf 89' lang='lat' dir='ltr'>applicuerit</span> <span class='ocrx_word' id='word_1_208' title='bbox 520 3771 561 3834; x_wconf 90' lang='lat' dir='ltr'>ad</span> <span class='ocrx_word' id='word_1_209' title='bbox 577 3777 713 3852; x_wconf 91' lang='lat' dir='ltr'>portum,</span> <span class='ocrx_word' id='word_1_210' title='bbox 730 3772 814 3853; x_wconf 92' lang='lat' dir='ltr'>quod</span> <span class='ocrx_word' id='word_1_211' title='bbox 830 3777 984 3852; x_wconf 87' lang='lat' dir='ltr'>patronus</span> <span class='ocrx_word' id='word_1_212' title='bbox 999 3771 1051 3836; x_wconf 91' lang='lat' dir='ltr'>uel</span> <span class='ocrx_word' id='word_1_213' title='bbox 1062 3771 1240 3836; x_wconf 84' lang='lat' dir='ltr'>nauclerios</span> <span class='ocrx_word' id='word_1_214' title='bbox 1252 3777 1420 3836; x_wconf 89' lang='lat' dir='ltr'>teneantur</span> <span class='ocrx_word' id='word_1_215' title='bbox 1432 3769 1548 3849; x_wconf 87' lang='lat' dir='ltr'>dicere,</span> 
     </span>
     <span class='ocr_line' id='line_1_29' title="bbox 317 3873 1549 3956; baseline -0.002 -16"><span class='ocrx_word' id='word_1_216' title='bbox 317 3873 503 3941; x_wconf 90' lang='lat' dir='ltr'>denuntiare</span> <span class='ocrx_word' id='word_1_217' title='bbox 519 3875 571 3940; x_wconf 92' lang='lat' dir='ltr'>uel</span> <span class='ocrx_word' id='word_1_218' title='bbox 586 3873 748 3941; x_wconf 89' lang='lat' dir='ltr'>notificare</span> <span class='ocrx_word' id='word_1_219' title='bbox 763 3876 999 3954; x_wconf 86' lang='lat' dir='ltr'>mercatoribus,</span> <span class='ocrx_word' id='word_1_220' title='bbox 1024 3876 1076 3956; x_wconf 91' lang='lat' dir='ltr'>qni</span> <span class='ocrx_word' id='word_1_221' title='bbox 1091 3875 1209 3940; x_wconf 91' lang='lat' dir='ltr'>babent</span> <span class='ocrx_word' id='word_1_222' title='bbox 1226 3893 1276 3940; x_wconf 84' lang='lat' dir='ltr'>rea</span> <span class='ocrx_word' id='word_1_223' title='bbox 1291 3881 1324 3940; x_wconf 92' lang='lat' dir='ltr'>et</span> <span class='ocrx_word' id='word_1_224' title='bbox 1338 3875 1549 3939; x_wconf 84' lang='lat' dir='ltr'>mercationes</span> 
     </span>
     <span class='ocr_line' id='line_1_30' title="bbox 316 3979 1550 4062; baseline -0.001 -20"><span class='ocrx_word' id='word_1_225' title='bbox 316 3979 350 4042; x_wconf 91' lang='lat' dir='ltr'>in</span> <span class='ocrx_word' id='word_1_226' title='bbox 372 3979 486 4060; x_wconf 91' lang='lat' dir='ltr'>lembo,</span> <span class='ocrx_word' id='word_1_227' title='bbox 517 3980 602 4060; x_wconf 93' lang='lat' dir='ltr'>quod</span> <span class='ocrx_word' id='word_1_228' title='bbox 624 3980 761 4045; x_wconf 90' lang='lat' dir='ltr'>lembum</span> <span class='ocrx_word' id='word_1_229' title='bbox 784 3981 922 4046; x_wconf 89' lang='lat' dir='ltr'>debeant</span> <span class='ocrx_word' id='word_1_230' title='bbox 944 3979 1123 4062; x_wconf 85' lang='lat' dir='ltr'>discargare</span> <span class='ocrx_word' id='word_1_231' title='bbox 1153 3987 1187 4045; x_wconf 90' lang='lat' dir='ltr'>et</span> <span class='ocrx_word' id='word_1_232' title='bbox 1209 3997 1316 4045; x_wconf 91' lang='lat' dir='ltr'>eorum</span> <span class='ocrx_word' id='word_1_233' title='bbox 1338 3999 1389 4045; x_wconf 88' lang='lat' dir='ltr'>res</span> <span class='ocrx_word' id='word_1_234' title='bbox 1412 3985 1446 4044; x_wconf 91' lang='lat' dir='ltr'>et</span> <span class='ocrx_word' id='word_1_235' title='bbox 1467 3997 1550 4044; x_wconf 90' lang='lat' dir='ltr'>mer·</span> 
     </span>
     <span class='ocr_line' id='line_1_31' title="bbox 318 4082 1550 4167; baseline -0.003 -18"><span class='ocrx_word' id='word_1_236' title='bbox 318 4083 461 4149; x_wconf 90' lang='lat' dir='ltr'>cationes</span> <span class='ocrx_word' id='word_1_237' title='bbox 484 4085 634 4164; x_wconf 89' lang='lat' dir='ltr'>accipere</span> <span class='ocrx_word' id='word_1_238' title='bbox 670 4085 713 4150; x_wconf 87' lang='lat' dir='ltr'>Et</span> <span class='ocrx_word' id='word_1_239' title='bbox 736 4085 764 4149; x_wconf 92' lang='lat' dir='ltr'>si</span> <span class='ocrx_word' id='word_1_240' title='bbox 785 4091 978 4149; x_wconf 86' lang='lat' dir='ltr'>mercatores</span> <span class='ocrx_word' id='word_1_241' title='bbox 999 4101 1056 4165; x_wconf 91' lang='lat' dir='ltr'>per</span> <span class='ocrx_word' id='word_1_242' title='bbox 1080 4084 1304 4167; x_wconf 84' lang='lat' dir='ltr'>negligenciam</span> <span class='ocrx_word' id='word_1_243' title='bbox 1325 4082 1462 4148; x_wconf 90' lang='lat' dir='ltr'>lembum</span> <span class='ocrx_word' id='word_1_244' title='bbox 1484 4099 1550 4147; x_wconf 90' lang='lat' dir='ltr'>non</span> 
     </span>
     <span class='ocr_line' id='line_1_32' title="bbox 316 4187 1551 4272; baseline -0.002 -20"><span class='ocrx_word' id='word_1_245' title='bbox 316 4187 575 4272; x_wconf 86' lang='lat' dir='ltr'>discargauerint,</span> <span class='ocrx_word' id='word_1_246' title='bbox 593 4189 676 4270; x_wconf 93' lang='lat' dir='ltr'>quod</span> <span class='ocrx_word' id='word_1_247' title='bbox 693 4195 793 4254; x_wconf 89' lang='lat' dir='ltr'>totum</span> <span class='ocrx_word' id='word_1_248' title='bbox 810 4187 992 4254; x_wconf 89' lang='lat' dir='ltr'>damnum¹⁰</span> <span class='ocrx_word' id='word_1_249' title='bbox 1006 4197 1039 4255; x_wconf 91' lang='lat' dir='ltr'>et</span> <span class='ocrx_word' id='word_1_250' title='bbox 1054 4189 1262 4272; x_wconf 86' lang='lat' dir='ltr'>dispendium,</span> <span class='ocrx_word' id='word_1_251' title='bbox 1286 4188 1370 4268; x_wconf 90' lang='lat' dir='ltr'>quod</span> <span class='ocrx_word' id='word_1_252' title='bbox 1385 4195 1551 4268; x_wconf 87' lang='lat' dir='ltr'>patronas,</span> 
     </span>
     <span class='ocr_line' id='line_1_33' title="bbox 315 4290 1551 4374; baseline 0.003 -20"><span class='ocrx_word' id='word_1_253' title='bbox 315 4290 368 4357; x_wconf 88' lang='lat' dir='ltr'>uel</span> <span class='ocrx_word' id='word_1_254' title='bbox 391 4291 569 4359; x_wconf 90' lang='lat' dir='ltr'>nauclerius</span> <span class='ocrx_word' id='word_1_255' title='bbox 592 4291 724 4359; x_wconf 88' lang='lat' dir='ltr'>fecerint</span> <span class='ocrx_word' id='word_1_256' title='bbox 747 4293 911 4359; x_wconf 87' lang='lat' dir='ltr'>occasione</span> <span class='ocrx_word' id='word_1_257' title='bbox 934 4294 1018 4373; x_wconf 79' lang='lat' dir='ltr'>dicte</span> <span class='ocrx_word' id='word_1_258' title='bbox 1038 4310 1125 4372; x_wconf 78' lang='lat' dir='ltr'>more</span> <span class='ocrx_word' id='word_1_259' title='bbox 1140 4292 1201 4374; x_wconf 87' lang='lat' dir='ltr'>ipsi</span> <span class='ocrx_word' id='word_1_260' title='bbox 1217 4293 1353 4358; x_wconf 87' lang='lat' dir='ltr'>debeant</span> <span class='ocrx_word' id='word_1_261' title='bbox 1367 4291 1551 4358; x_wconf 87' lang='lat' dir='ltr'>emendare.</span> 
     </span>
    </p>
   </div>
   <div class='ocr_carea' id='block_1_9' title="bbox 315 4480 1556 4829">
    <p class='ocr_par' dir='ltr' id='par_1_9' title="bbox 315 4480 1556 4829">
     <span class='ocr_line' id='line_1_34' title="bbox 363 4480 1552 4569; baseline 0 -23"><span class='ocrx_word' id='word_1_262' title='bbox 363 4481 484 4546; x_wconf 74' lang='grc' dir='ltr'>1Οοᾰ.</span> <span class='ocrx_word' id='word_1_263' title='bbox 508 4486 612 4548; x_wconf 89' lang='lat' dir='ltr'>acad.</span> <span class='ocrx_word' id='word_1_264' title='bbox 636 4487 677 4547; x_wconf 93' lang='lat' dir='ltr'>B:</span> <span class='ocrx_word' id='word_1_265' title='bbox 703 4485 981 4569; x_wconf 80' lang='lat' dir='ltr'>„condempnetur“.</span> <span class='ocrx_word' id='word_1_266' title='bbox 1041 4481 1166 4545; x_wconf 72' lang='lat' dir='ltr'>&#39;Deest</span> <span class='ocrx_word' id='word_1_267' title='bbox 1188 4501 1236 4561; x_wconf 90' lang='lat' dir='ltr'>ap.</span> <span class='ocrx_word' id='word_1_268' title='bbox 1258 4484 1368 4561; x_wconf 86' lang='lat' dir='ltr'>Ljub.</span> <span class='ocrx_word' id='word_1_269' title='bbox 1428 4480 1552 4546; x_wconf 80' lang='lat' dir='ltr'>⁸Ood.</span> 
     </span>
     <span class='ocr_line' id='line_1_35' title="bbox 315 4568 1553 4687; baseline -0.003 -54"><span class='ocrx_word' id='word_1_270' title='bbox 315 4573 423 4644; x_wconf 84' lang='lat' dir='ltr'>acad.</span> <span class='ocrx_word' id='word_1_271' title='bbox 447 4573 488 4634; x_wconf 90' lang='lat' dir='ltr'>B:</span> <span class='ocrx_word' id='word_1_272' title='bbox 517 4573 790 4674; x_wconf 77' lang='lat' dir='ltr'>„naulixiauerint“.</span> <span class='ocrx_word' id='word_1_273' title='bbox 850 4571 862 4606; x_wconf 78' lang='lat'><strong>⁴</strong></span> <span class='ocrx_word' id='word_1_274' title='bbox 883 4573 977 4633; x_wconf 88' lang='lat' dir='ltr'>Deest</span> <span class='ocrx_word' id='word_1_275' title='bbox 998 4590 1045 4648; x_wconf 88' lang='lat' dir='ltr'>ap.</span> <span class='ocrx_word' id='word_1_276' title='bbox 1069 4573 1185 4672; x_wconf 69' lang='lat' dir='ltr'>Ljub&#39;.</span> <span class='ocrx_word' id='word_1_277' title='bbox 1234 4568 1353 4632; x_wconf 80' lang='lat' dir='ltr'>⁶Ood.</span> <span class='ocrx_word' id='word_1_278' title='bbox 1377 4571 1483 4631; x_wconf 86' lang='lat' dir='ltr'>acad.</span> <span class='ocrx_word' id='word_1_279' title='bbox 1508 4571 1553 4687; x_wconf 49' lang='lat' dir='ltr'>li:</span> 
     </span>
     <span class='ocr_line' id='line_1_36' title="bbox 318 4657 1556 4829; baseline 0.001 -25"><span class='ocrx_word' id='word_1_280' title='bbox 318 4659 542 4823; x_wconf 62' lang='lat' dir='ltr'>iltlllt</span> <span class='ocrx_word' id='word_1_281' title='bbox 562 4657 752 4827; x_wconf 61' lang='lat' dir='ltr'>„ablat</span> <span class='ocrx_word' id='word_1_282' title='bbox 778 4661 862 4808; x_wconf 65' lang='lat'>”3⁸8¹</span> <span class='ocrx_word' id='word_1_283' title='bbox 857 4678 884 4808; x_wconf 68' lang='grc' dir='ltr'><em>ἕ</em></span> <span class='ocrx_word' id='word_1_284' title='bbox 883 4678 923 4808; x_wconf 81' lang='lat' dir='ltr'>t&#39;</span> <span class='ocrx_word' id='word_1_285' title='bbox 924 4659 1034 4807; x_wconf 56' lang='lat' dir='ltr'>luffa.</span> <span class='ocrx_word' id='word_1_286' title='bbox 1049 4657 1428 4829; x_wconf 55' lang='lat' dir='ltr'>1³2⁷,lllsslcfflllllp</span> <span class='ocrx_word' id='word_1_287' title='bbox 1430 4662 1556 4822; x_wconf 53' lang='lat' dir='ltr'>ilisa}</span> 
     </span>
    </p>
   </div>
   <div class='ocr_carea' id='block_1_10' title="bbox 0 0 1705 5354">
    <p class='ocr_par' dir='ltr' id='par_1_10' title="bbox 0 0 1705 5354">
     <span class='ocr_line' id='line_1_37' title="bbox 0 0 1705 5354; baseline 0 0"><span class='ocrx_word' id='word_1_288' title='bbox 0 0 1705 5354; x_wconf 95' lang='lat' dir='ltr'> </span> 
     </span>
    </p>
   </div>
  </div>
 </body>
</html>
