3416 5350
1332 425 1373 496 st

198 653 271 700 w.
295 654 411 700 mm.
433 655 476 700 DE
498 653 604 702 UXOR!
627 655 790 700 OBDHMA
813 655 1013 720 (losslflssffl,
1036 655 1098 709 QUI!
1120 657 1253 702 'dmm
1276 658 1319 700 An

633 743 779 788 nomn
800 743 894 786 UO'M.

175 859 266 927 Item
290 863 444 927 statutum
468 863 502 926 et
524 858 706 926 ordinatum
727 863 794 944 eet,
829 859 913 940 quod
947 859 975 924 si
1003 858 1111 940 aliqua
1140 879 1220 927 uxor
1251 860 1385 926 alicuius
1493 929 1494 932 ,

130 963 236 1031 fuerit
258 964 407 1032 ordinata
429 961 636 1029 commissalia
659 982 680 1029 a
700 962 815 1030 marito
846 981 904 1029 suo
936 962 968 1026 in
996 967 1207 1042 testamento,
1239 963 1291 1030 uel
1321 964 1386 1030 alia

129 1067 250 1133 ultima
273 1067 439 1142 uoluntate
450 1117 459 1152 ,
494 1067 548 1133 uel
570 1065 657 1132 facta
678 1065 778 1132 fuen't
799 1065 899 1131 tutrix
921 1063 1057 1131 filiorum
1081 1065 1223 1132 defuncti
1246 1072 1280 1134 et
1301 1068 1388 1133 dicta

1 1175 2 1178 ’
132 1171 257 1236 mulier
278 1171 468 1238 transiuerit
490 1171 532 1237 ad
554 1170 694 1237 secunda
717 1174 802 1248 uota,
826 1169 934 1236 statim
958 1170 1001 1235 sit
1016 1167 1140 1236 finitum
1156 1169 1290 1236 offitium
1306 1189 1387 1236 com·

133 1274 289 1356 missariq
312 1279 346 1341 et
367 1275 467 1355 tutele
493 1275 582 1356 dicte
606 1273 763 1352 mulieris,
793 1274 840 1338 ita
871 1273 956 1356 quod
978 1279 1092 1358 postea
1115 1274 1156 1342 de
1179 1275 1264 1342 dicte
1285 1275 1388 1341 tutela

1 1427 2 1434 ι
134 1384 170 1445 et
193 1379 418 1445 commissaria
440 1397 477 1445 ee
501 1377 683 1444 nullatenus
704 1377 905 1443 intromittat

267 1607 335 1652 ΟΔΡ.
358 1608 448 1650 mx.
481 1607 523 1650 DE
544 1607 686 1650 imam}
707 1605 896 1650 mmm
919 1605 1052 1650 ‘raom
1074 1607 1266 1654 mmmmm.

180 1721 269 1787 Item
292 1727 447 1789 statutum
471 1729 504 1789 et
527 1723 706 1789 ordinatum
730 1727 789 1804 est,
813 1722 949 1806 quodsi
972 1723 1085 1806 aliquis
1115 1723 1312 1792 deccesserit
1334 1743 1388 1793 re-

1 1825 2 1912 }
136 1823 218 1892 licta
240 1844 341 1892 unore
364 1833 397 1893 et
418 1826 537 1893 relictis
560 1826 651 1910 filijs,
683 1831 717 1895 et
748 1827 820 1910 ipsa
841 1827 955 1894 mulier
978 1827 1048 1893 uult
1069 1827 1235 1910 possidere
1259 1829 1387 1895 thorum

140 1926 312 1994 niduitatis
336 1933 370 1994 et
392 1935 480 1996 stare
510 1947 580 1995 cum
608 1929 684 2012 filijs
713 1930 788 1996 dicti
818 1930 975 2010 defuncti,
1007 1931 1092 2013 quod
1123 1931 1240 1998 debeat
1268 1931 1388 1998 habere

139 2029 297 2098 alimenta
328 2037 362 2098 et
390 2033 601 2100 necessitates
632 2052 705 2100 sues
736 2052 835 2117 super
867 2035 960 2102 bonis
990 2032 1130 2101 defuncti
1160 2041 1387 2117 competenter,

141 2135 347 2201 considerata
376 2137 557 2203 conditione
584 2155 720 2219 persone
751 2143 785 2206 et
815 2137 1003 2204 facultatum
1034 2138 1189 2219 qualitate
1219 2157 1323 2222 usque
1355 2141 1388 2204 in

140 2241 272 2320 tempus
294 2240 407 2306 mortis
432 2259 500 2323 sue,
524 2239 626 2307 donec
648 2247 749 2307 staret
771 2260 842 2307 cum
865 2239 939 2323 filije
962 2241 1112 2310 defuncti.

182 2340 219 2408 Si
250 2349 359 2409 autam
387 2345 458 2426 ipsa
487 2345 603 2410 mulier
632 2363 695 2411 non
725 2351 835 2428 posset
864 2345 974 2411 uiuere
1004 2350 1038 2411 et
1067 2347 1184 2412 morari
1214 2364 1286 2412 cum
1309 2346 1384 2431 filijs

139 2445 317 2526 testatoris
343 2463 401 2514 seu
424 2447 499 2512 dicti
522 2447 675 2530 defuncti,
699 2453 775 2513 tunc
796 2448 883 2514 dicta
907 2449 1021 2514 mulier
1043 2448 1161 2516 debeat
1182 2449 1301 2518 habere
1323 2469 1383 2534 pro

139 2549 208 2614 suis
231 2549 391 2617 alimentis
413 2557 447 2617 et
470 2551 713 2618 necessitatibus
741 2550 787 2618 de,
804 2551 959 2618 fructibus
982 2552 1139 2619 bonorum
1165 2552 1306 2620 defuncti
1329 2573 1389 2637 pro

141 2657 213 2719 rata
245 2659 338 2736 parte
360 2660 394 2720 ct
423 2655 644 2722 numeratione
673 2652 810 2720 filiorum
838 2653 1004 2740 defuncti¹‚
1035 2655 1088 2722 ut¹
1119 2661 1244 2723 tantum
1274 2657 1392 2725 habeat

141 2754 213 2837 ipsa
235 2755 360 2837 mulier,
382 2763 536 2840 quantum
559 2758 657 2824 habet
679 2775 760 2823 unus
776 2776 815 2823 ex
829 2755 903 2841 filijs
920 2755 1071 2838 defuncti,
1089 2777 1189 2841 usque
1205 2761 1238 2825 in
1253 2766 1391 2827 mortem

141 2860 244 2942 ipsius
267 2861 382 2940 uxoris,
406 2861 434 2928 ei
456 2881 519 2928 non
540 2863 714 2928 mutauarit
735 2860 862 2926 thorum
884 2861 1059 2928 uiduitatis.
1084 2861 1148 2929 Sed
1171 2863 1198 2928 si
1215 2866 1389 2931 mutauerit

142 2961 271 3029 thorum
286 2963 463 3044 uiduitatis
490 2963 568 3030 nihil
590 2970 706 3047 postea
727 2963 847 3030 habeat
868 2965 1016 3031 debonis
1031 2964 1130 3046 ipsius
1153 2965 1303 3048 defuncti,
1327 2969 1390 3034 nisi

144 3064 316 3133 defunctus
338 3067 399 3134 sibi
422 3067 543 3150 aliquid
564 3067 747 3150 reliquisset
768 3067 801 3132 in
823 3085 881 3133 suo
905 3072 1097 3135 testamento
1119 3067 1174 3136 uel
1196 3069 1309 3137 ultima
1332 3087 1390 3138 uo·

141 3167 278 3238 luntate.
870 3157 878 3172 ’

142 3401 209 3447 on.
233 3401 313 3444 ΧΠ.
349 3401 432 3454 QUOD
462 3401 584 3448 numus
606 3399 764 3446 sommus
786 3401 857 3461 sm,
881 3401 943 3445 unu
965 3401 1032 3446 SUI!
1055 3401 1228 3447 mesonma
1251 3403 1391 3457 menon

542 3489 694 3533 mummuli
716 3489 752 3532 nt
775 3487 991 3532 medullino.

186 3603 271 3670 item
294 3606 450 3669 statutum
473 3607 507 3669 et
529 3603 709 3670 ordinatum
732 3607 795 3686 est,
827 3602 913 3684 quod
935 3602 1041 3670 nullus
1063 3605 1207 3670 notarius
1231 3604 1264 3668 in
1287 3609 1386 3671 testa·

5 3709 13 3797 t
144 3711 264 3787 mento,
290 3706 434 3774 codicillo
456 3707 511 3773 uel
533 3707 598 3774 alia
620 3707 731 3773 ultima
753 3706 919 3773 uoluntate
941 3713 1105 3788 presumat
1129 3707 1277 3790 scribere,
1301 3709 1386 3790 quod

146 3813 292 3886 testator,
314 3810 366 3878 uel
389 3811 471 3877 alius
493 3811 548 3893 qui
570 3809 648 3878 iacit
670 3829 760 3877 suam
783 3810 928 3876 ultimam
950 3809 1158 3896 uoluntatem,
1182 3811 1313 3893 aliquod
1335 3829 1385 3877 re-

7 3908 15 3997 f
145 3912 271 3998 linquat
292 3915 355 3996 ipsi
376 3916 510 3996 notario,
533 3933 593 3982 nec
613 3915 724 3998 patri⁸,
748 3933 808 3980 nec
821 3915 943 3999 matri⁴,
965 3931 1025 3981 nec
1039 3915 1130 3981 uxori
1145 3933 1212 3995 ruq,
1236 3933 1296 3982 neo
1310 3914 1385 3998 filijs

8 4002 15 4029 '
146 4025 202 4083 ant
232 4018 387 4085 iratribus
409 4019 606 4101 carnalibus,
637 4025 694 4084 aut
715 4018 885 4102 nepotibus
915 4017 1014 4100 ipsius
1044 4018 1158 4104 notarij
1194 4018 1385 4098 carnalibus,

146 4138 203 4188 nec
225 4121 324 4188 etiam
346 4121 465 4205 possit⁵
487 4123 628 4190 scribere
651 4142 687 4190 se
709 4121 938 4188 commissalem
953 4127 1192 4203 procuratorem
1206 4121 1260 4188 uel
1275 4141 1387 4190 execu-

10 4277 14 4309 ,
147 4227 248 4291 torem'
268 4226 452 4294 testamenti
468 4225 520 4292 uel
535 4225 647 4306 nltimq
664 4225 837 4292 uoluntatis
852 4223 971 4307 ipsius⁶
986 4221 1136 4290 defuncti.
1158 4225 1244 4290 Etsi
1261 4231 1387 4292 contra·

10 4339 15 4403 ’,
150 4325 256 4414 faciat,
278 4327 419 4412 legatum
441 4348 505 4396 non
527 4329 636 4396 ualeat
657 4335 692 4398 et
713 4328 856 4412 qualibet
878 4329 948 4394 uice
969 4327 1038 4408 ipse
1054 4327 1197 4396 notarius
1212 4329 1245 4393 in
1261 4333 1387 4396 centum

190 4519 351 4584 ¹·Verba:
387 4539 460 4603 ¹,pro
495 4517 580 4582 rata“
615 4539 711 4598 neque
743 4522 799 4582 ad:
839 4521 1005 4599 „defuncti“
1043 4521 1149 4581 desunt
1181 4537 1230 4597 ap.
1264 4523 1290 4581 L
1297 4523 1311 4600 j
1325 4523 1386 4582 ub.

151 4603 163 4640 ²
193 4608 306 4669 ibid:
343 4607 422 4685 „et“.
504 4606 516 4643 ³
549 4609 658 4670 ibid:
696 4601 802 4691 „eno“.
883 4605 895 4641 ⁴
932 4623 1004 4683 ,nec
1032 4603 1138 4668 mand
1175 4607 1258 4668 deest
1290 4607 1386 4669 ibid.

152 4689 390 4756 ‘Deestibid
461 4691 606 4756 field:
632 4693 754 4778 „daut

1256 4796 1282 4876 Ι6
