3376 5392
1298 485 1357 544 197

120 685 186 752 hoc
210 694 346 770 emanat,
370 687 454 767 quod
477 683 575 762 multi,
602 688 653 766 qui
678 692 751 750 suunt
774 687 946 751 creditores
971 687 1213 765 communitatis,
1238 693 1359 768 ponunt

120 810 252 856 manum
267 809 364 874 super
379 791 524 857 denarios
547 779 785 868 communitatis,
804 790 950 857 uidelicet
964 791 1128 870 datiarum,
1145 791 1176 855 in
1193 791 1357 858 detrimen-

118 903 193 960 tum
217 897 448 962 communitatis
471 903 504 960 et
527 914 630 960 rerum
660 897 906 962 necessariarum
935 903 967 960 et
997 896 1232 978 importantium
1259 897 1357 978 ipsius

119 1000 374 1065 communitatis:
397 999 469 1064 ideo
493 1006 529 1064 ut
551 1000 720 1081 superinde
747 1000 963 1080 prouideatur,
986 1006 1022 1064 ut
1045 999 1164 1082 denarij
1189 1002 1357 1066 communi·

118 1103 201 1169 tatis
223 1111 258 1169 et
279 1104 332 1186 olij
356 1105 476 1184 denarij
501 1105 643 1186 deputati
667 1104 795 1180 uariant,
828 1123 888 1184 quo
912 1111 986 1168 srmt
1009 1105 1161 1186 deputati,
1195 1124 1252 1186 per
1282 1105 1357 1172 defi-

119 1208 256 1274 uitiuam
280 1209 468 1274 senteutiam
496 1208 694 1274 terminando
727 1209 940 1292 senteutiauit,
971 1210 1055 1289 quod
1085 1209 1124 1275 de
1154 1217 1259 1275 cetero
1290 1211 1358 1290 qui-

120 1331 268 1393 cumque,
294 1313 346 1393 qui
369 1311 466 1376 fuerit
487 1312 612 1378 debitor
635 1305 865 1378 communitatis
889 1331 951 1378 non
975 1314 1076 1395 possit
1098 1313 1206 1378 leuare
1233 1314 1274 1378 ad
1300 1333 1356 1395 pu·

118 1417 240 1482 blicum
256 1417 416 1484 incentum
432 1417 559 1498 aliquod
576 1417 694 1482 datium
711 1418 955 1495 communitatis3
979 1417 1033 1483 sed
1051 1417 1075 1482 si
1100 1418 1211 1498 aliquis
1234 1418 1358 1484 leuaret

120 1523 163 1587 ad
188 1522 348 1603 pubbcum
377 1523 545 1603 incautum,
577 1521 628 1587 uel
659 1521 720 1586 alio
750 1523 842 1586 modo
873 1541 931 1604 per
959 1522 1053 1586 alium
1085 1523 1192 1588 leuare
1221 1521 1356 1602 lecisset,

12 1691 17 1702 ,
120 1627 209 1707 quod
233 1627 350 1694 dictum
373 1625 492 1690 datium
515 1625 555 1691 de
577 1624 660 1690 lacto
690 1627 803 1691 iterum
833 1625 1025 1692 deliberetur
1053 1626 1093 1690 ad
1123 1625 1280 1706 publicum
1309 1626 1356 1691 in-

119 1735 251 1795 cautum
266 1731 308 1794 ad
323 1730 470 1794 damnum
486 1735 519 1795 et
533 1729 690 1825 iuteresse
706 1730 781 1794 dicti
798 1729 949 1794 debitoris
965 1730 1101 1795 leuantis
1114 1740 1147 1796 et
1162 1731 1246 1810 quod
1262 1731 1356 1798 etiam

119 1835 239 1916 aliquis
261 1834 424 1912 dadai-ius,
449 1834 502 1914 qui
525 1838 611 1900 esset
633 1833 771 1899 creditor
793 1833 1035 1910 communitatis,
1060 1853 1121 1898 non
1138 1835 1237 1915 possit
1252 1834 1357 1901 facere

120 1949 274 2003 scontare
296 1957 387 2004 suum
410 1937 566 2002 creditum
581 1937 613 2001 iu
630 1937 715 2002 datio
731 1937 972 2015 communitatis,
997 1938 1053 2003 scd
1068 1943 1216 2006 teneatur
1231 1938 1356 2008 soluere

119 2043 162 2108 ad
187 2045 358 2110 terminum
380 2043 502 2108 datium
525 2060 615 2108 suum
637 2041 724 2106 iuxta
746 2041 879 2107 formam
902 2041 1046 2106 incantus
1063 2048 1094 2129 et
1110 2042 1355 2126 deliberationis,

119 2155 154 2213 et
177 2149 241 2213 hoc
263 2149 358 2214 toties
388 2146 514 2228 quoties
529 2147 600 2222 ¹sub
624 2163 725 2228 poena
757 2147 940 2212 damnorum
964 2153 996 2212 et
1017 2165 1225 2228 expensarum
1255 2153 1288 2214 et
1309 2148 1356 2214 in-

118 2260 255 2319 teresse.
1049 2304 1050 2308 ,

164 2357 299 2423 Testes:
324 2375 386 2422 ser.
411 2354 553 2421 Andreas
578 2355 740 2432 Voletich3
765 2373 825 2422 ser.
849 2353 1004 2421 Antonius
1019 2356 1159 2432 Paridis,
1181 2355 1355 2442 Gregorius

119 2462 291 2544 placatius.
615 2461 619 2472 '

163 2567 202 2632 In
227 2566 308 2632 libro
331 2565 441 2630 ultimo
465 2565 692 2631 sententiarum
716 2565 867 2645 praedicti
890 2562 1049 2646 magnifici
1072 2564 1191 2642 domini
1220 2563 1352 2630 comitis.

529 2797 640 2837 xxxix.
663 2795 785 2840 nuomro
808 2796 941 2853 comma,

120 2893 173 2944 qua
192 2877 332 2945 statuitur,
351 2876 422 2945 quod
441 2876 528 2932 oleum
547 2883 574 2930 et
597 2877 721 2946 grassina
743 2892 793 2945 per
819 2883 875 2930 tres
893 2873 951 2932 dies
970 2893 986 2932 a
1010 2875 1203 2932 mercatoribus
1222 2875 1354 2932 vendatur

534 2979 565 3017 eo
584 2963 678 3033 pretio,
698 2977 750 3030 quo
769 2961 821 3018 fuir
839 2968 937 3032 empta.

164 3070 371 3136 Moccclaaeo.

165 3193 286 3258 Audito
309 3211 368 3258 ser.
394 3192 560 3258 Francisoo
583 3192 769 3274 Dragazich,
794 3197 922 3272 petente
944 3191 1068 3258 nomine
1093 3211 1150 3258 suo
1174 3197 1207 3258 et
1229 3191 1354 3258 nomine

121 3298 263 3364 omnium
286 3297 422 3362 ciuitatis
445 3304 478 3362 et
508 3297 630 3362 insulae
661 3297 775 3362 ciuium
806 3303 839 3362 et
866 3296 1064 3378 popularium
1092 3301 1217 3361 astante
1247 3296 1356 3378 populi

120 3401 324 3466 multitudine
348 3407 534 3482 exponente,
559 3419 628 3465 cum
652 3401 693 3465 sit
709 3402 793 3481 quod
808 3401 960 3482 magister
975 3401 1115 3466 loannes
1132 3401 1270 3466 Grassus
1286 3400 1354 3466 hen’

121 3509 236 3574 emerit
257 3507 289 3570 iu
313 3513 406 3586 portu
430 3503 587 3570 Curzulae
610 3524 705 3570 unam
727 3507 850 3570 buttem
875 3506 935 3570 olei
959 3512 991 3570 et
1013 3505 1091 3571 illud
1114 3505 1299 3570 conduxerit
1320 3505 1354 3570 iu

122 3612 252 3678 domum
274 3628 363 3675 suam
387 3617 420 3674 et
442 3611 482 3675 de
498 3610 552 3673 illo
568 3628 630 3674 non
650 3609 719 3673 uult
735 3610 828 3675 alicui
846 3611 983 3676 uendere
999 3629 1037 3676 eo
1053 3609 1165 3691 pretio,
1189 3627 1251 3689 quo
1267 3609 1352 3688 emit,

122 3715 304 3782 uolentibus
326 3733 431 3796 emere
453 3719 486 3778 et
516 3714 635 3778 nullum
662 3713 773 3779 lecerit
803 3715 961 3794 proclama
990 3734 1048 3796 per
1078 3715 1239 3779 ciuitatem
1268 3715 1355 3780 iuxta

123 3819 381 3886 consuetudinem
397 3820 459 3884 iam
476 3819 529 3883 diu
545 3819 754 3896 obseruatum,
779 3819 862 3899 quod
879 3819 933 3897 illi,
958 3820 1010 3900 qui
1033 3819 1073 3885 de
1089 3819 1141 3884 illo
1158 3818 1228 3885 oleo
1244 3819 1355 3886 uolunt

122 3943 230 3992 emere
253 3941 290 3990 eo
314 3923 427 4008 pretio,
451 3940 512 4004 quo
536 3924 620 4002 emit,
644 3924 772 3989 ueniant
794 3923 834 3987 ad
852 3924 1018 3988 emendmn
1034 3924 1064 3988 in
1081 3925 1215 3988 termino
1232 3923 1353 3988 dierum

121 4032 214 4095 trium
241 4028 379 4110 proxime
403 4028 705 4108 subsequuturorum
728 4028 817 4092 iuxta
833 4029 1101 4106 consuetudinem,
1123 4035 1160 4092 ut
1176 4046 1281 4110 supra,
1299 4047 1353 4110 pe-

121 4141 209 4201 tente
233 4133 417 4200 sententiani
440 4131 556 4198 debere
578 4131 773 4213 praedictum
797 4133 953 4198 loannem
976 4133 1185 4215 Zangrassum
1217 4139 1250 4198 et
1273 4133 1353 4199 alios

122 4239 153 4304 in
176 4239 318 4306 futurum
341 4245 503 4318 empturos
527 4243 590 4302 tam
614 4237 726 4315 oleum,
751 4255 845 4318 quam
862 4257 1004 4319 grassem
1020 4243 1053 4304 et
1070 4237 1164 4304 blada
1178 4238 1353 4302 cuiuscum-

122 4362 181 4426 que
206 4343 302 4409 sortis
324 4343 411 4407 iuxta
428 4341 572 4409 solitum:
598 4348 630 4408 et
645 4343 754 4408 audito
771 4343 854 4408 dioto
869 4344 1021 4426 magistro
1037 4343 1160 4408 loanne
1175 4343 1351 4424 Zangrasso

123 4449 245 4516 dicente
269 4453 359 4515 etse
382 4454 489 4513 tuente
513 4452 545 4514 et
575 4447 795 4528 respondente,
827 4447 910 4528 quod
941 4449 1059 4513 dictum
1090 4447 1193 4513 oleum
1223 4445 1299 4512 emit
1321 4451 1355 4513 et

124 4553 306 4620 exbursauit
328 4572 402 4620 suos
433 4553 586 4618 denarios¹
610 4571 705 4618 causa
735 4553 887 4630 lucrandi,
919 4559 954 4618 ut
982 4553 1082 4634 possit
1112 4553 1237 4618 soluere
1266 4551 1351 4618 datia

124 4659 305 4738 communis,
329 4676 409 4739 quae
430 4657 527 4724 habet
550 4675 645 4740 super
669 4677 721 4736 se3
745 4663 778 4721 et
800 4655 885 4738 quod
908 4657 968 4724 boc
989 4675 1052 4722 uon
1083 4663 1132 4722 est
1155 4661 1349 4737 consuetum,

125 4781 181 4829 nec
209 4763 372 4831 honestati
403 4781 581 4842 consonum,
612 4761 695 4843 quod
725 4762 767 4828 sit
796 4760 932 4828 tumulus
962 4761 1094 4828 aliorum
1124 4761 1163 4828 de
1190 4761 1295 4830 bando
1317 4768 1350 4830 et

1525 4821 1677 4887 „Mi
