3398 5354
774 738 840 780 OAP.
865 739 953 780 XXVI·
974 739 1015 780 DE
1038 738 1205 782 otunnls.

406 855 487 920 Item
510 857 665 918 statutum
687 857 720 920 et
742 853 919 919 ordinatum
944 859 1002 934 est,
1026 853 1111 935 quod
1132 852 1245 935 siquis
1264 852 1409 934 posuerit
1424 855 1599 919 cemmdam

363 960 394 1022 in
417 958 485 1023 loco
509 957 651 1042 adonius,
677 957 821 1023 dominus
856 957 916 1023 loci
947 975 1009 1022 non
1031 957 1133 1040 possit
1154 957 1314 1039 expellere
1336 975 1419 1036 eum,
1449 975 1509 1023 nec
1529 975 1599 1024 eon-

366 1069 470 1127 tnram
493 1065 626 1138 mutere,
657 1060 718 1126 nisi
749 1061 819 1142 ipse
842 1061 963 1145 absque
985 1061 1115 1127 licentia
1137 1059 1255 1127 domini
1277 1061 1454 1126 mutauerit
1476 1065 1597 1136 tectum,

365 1165 418 1230 uel
449 1163 553 1231 lurcos
582 1164 683 1246 ipsius
713 1164 879 1246 camarde;
911 1169 1052 1248 excepto,
1083 1166 1110 1231 si
1140 1164 1286 1231 dominus
1319 1164 1486 1244 camarde¹
1506 1165 1601 1230 locum

367 1288 425 1351 pro
449 1288 493 1350 se,
524 1269 578 1336 uel
599 1288 657 1352 pro
682 1269 775 1337 domo
799 1288 857 1336 sue
878 1269 998 1336 habere
1029 1269 1174 1348 noluerit,
1205 1274 1281 1335 tunc
1311 1269 1472 1351 lignamen
1495 1269 1601 1334 mami-

368 1379 473 1456 netur,
496 1391 554 1440 seu
573 1373 743 1441 estimetur
758 1379 791 1441 et
815 1378 967 1455 quantum
983 1374 1196 1439 examinatum
1218 1372 1324 1454 merit,
1356 1372 1506 1440 dominns
1520 1390 1603 1454 pera-
1678 1375 1679 1394 ²

370 1478 456 1557 tinee
473 1476 533 1544 sibi
549 1481 717 1559 componat
731 1481 765 1542 et
780 1478 959 1543 cemerdam
975 1477 1008 1542 in
1024 1495 1059 1544 se
1073 1477 1216 1560 recipiat.
1232 1476 1276 1544 Et
1291 1475 1439 1544 similiter
1454 1481 1602 1544 teneruit.
1677 1539 1679 1564 ξ

370 1581 424 1665 qni
445 1581 549 1666 ipsum
571 1584 676 1647 locum
698 1582 820 1648 emerit.

411 1846 478 1890 on.
502 1847 604 1890 ΧΧΥΠ.
634 1849 668 1889 nt
698 1848 811 1899 numos
835 1847 963 1891 (infimus
985 1846 1128 1891 LOOHOB
1149 1847 1266 1891 nomn
1288 1848 1477 1890 mlum
1498 1848 1565 1892 001·

901 1935 1080 1978 neonem.

414 2049 496 2115 Item
519 2053 674 2115 statutum
697 2053 731 2115 et
750 2048 930 2115 ordinatum
953 2053 1013 2135 est,
1041 2049 1126 2131 quod
1149 2049 1177 2114 si
1199 2048 1313 2131 aliquis
1336 2049 1495 2116 locauerrt
1515 2048 1604 2114 elicui

372 2152 499 2217 domum
529 2153 571 2219 ad
601 2158 775 2236 oonturam,
805 2153 858 2221 uel
887 2154 928 2220 ad
958 2153 1144 2235 pensionem
1167 2153 1209 2219 ed
1231 2157 1353 2219 nemum
1380 2157 1517 2234 tempus,
1546 2171 1603 2218 non

372 2258 474 2338 possit
503 2257 662 2340 expellere
692 2257 915 2324 conductorem
948 2257 988 2324 de
1017 2259 1088 2339 ipsa
1116 2258 1210 2324 domo
1232 2275 1333 2338 usque
1355 2257 1398 2322 ad
1420 2257 1604 2338 completum

373 2365 509 2442 tempus,
541 2361 627 2444 quod
658 2361 718 2428 sibi
741 2361 868 2440 locauit
903 2367 1108 2444 preterquam
1131 2361 1163 2426 in
1185 2361 1311 2427 casibus
1333 2359 1555 2443 infrascriptis,
1575 2360 1604 2424 in

374 2465 488 2545 quibus
512 2465 658 2532 dominus
682 2465 783 2547 possit
805 2466 866 2532 sibi
888 2465 1051 2532 reauferre
1072 2467 1176 2548 ipsam
1205 2465 1343 2531 domum.
1373 2465 1498 2531 Primus
1519 2481 1605 2530 casus
1678 2513 1679 2518 ,

374 2573 433 2645 est,
456 2569 481 2633 si
505 2568 618 2635 domus
641 2569 746 2636 locate
769 2575 820 2636 est
841 2569 1024 2636 necessarie
1045 2569 1172 2636 domino
1195 2587 1254 2652 pro
1275 2567 1475 2636 habitatione
1496 2587 1555 2634 sue
1575 2573 1606 2632 et

374 2671 493 2754 familie
516 2691 584 2753 sne,
608 2691 668 2740 nec
690 2674 784 2739 aliem
807 2674 933 2739 domum
956 2677 1063 2756 potest
1084 2691 1274 2754 recuperare
1296 2673 1470 2754 commode,
1494 2673 1606 2753 inqua

372 2775 505 2842 habitet.
529 2773 694 2844 Secundus
717 2794 809 2844 cesus
831 2775 906 2862 est¹,
940 2777 967 2843 si
990 2777 1103 2844 domus
1125 2777 1284 2861 indigeret
1305 2777 1489 2842 necessaria
1511 2775 1606 2842 reiec-

374 2881 460 2946 tione
491 2884 525 2946 et
556 2885 756 2962 separatione
789 2900 827 2948 ex
858 2881 963 2964 aliquo
998 2898 1074 2948 casu
1106 2881 1281 2963 emergenti
1311 2883 1385 2962 post
1414 2880 1605 2946 locationem.

375 2982 505 3049 Tercius
528 3001 621 3050 casus
645 2991 704 3063 est,
735 2985 762 3051 si
786 2985 959 3052 conductor
981 3003 1134 3066 peruerse
1158 2989 1267 3050 utatur
1290 2983 1384 3049 domo
1414 2983 1475 3050 sibi
1495 2984 1605 3050 locata

376 3084 515 3162 Quartus
538 3105 632 3153 ossus
653 3093 716 3167 est,
738 3087 765 3154 si
788 3088 961 3155 conductor
979 3106 1043 3154 non
1059 3086 1167 3153 soluat
1181 3087 1364 3168 pensionem
1379 3103 1436 3152 seu
1451 3093 1606 3153 oonturam
1676 3157 1677 3162 ,

376 3193 521 3270 tempore
544 3191 740 3256 condecenti.
764 3191 801 3256 In
818 3191 961 3257 omnibns
977 3195 1083 3256 autem
1107 3191 1178 3256 istis
1201 3190 1327 3256 msious
1349 3189 1493 3256 dominus
1508 3193 1608 3274 potmt

376 3289 503 3358 auferre
525 3291 689 3377 inquilino,
714 3312 772 3360 seu
796 3293 980 3361 conductori
1002 3295 1103 3377 ipsam
1126 3295 1262 3360 domum.

420 3393 490 3472 Quo
512 3401 618 3462 autem
641 3403 786 3480 tempore
805 3399 921 3466 debeat
943 3399 1025 3467 solui
1044 3403 1177 3464 oontnra
1191 3401 1224 3464 et
1239 3397 1351 3480 pensio
1367 3397 1491 3477 domus,
1511 3397 1608 3462 dioen-

375 3497 449 3562 dum
479 3505 539 3575 est,
570 3500 656 3582 quod
679 3501 707 3568 si
729 3503 914 3584 apartibus
945 3506 995 3569 est
1022 3503 1203 3584 appositum
1234 3506 1356 3567 certum
1385 3505 1523 3582 tempus,
1552 3515 1607 3582 qno

378 3601 532 3668 soluenda
555 3610 607 3670 est
627 3606 738 3689 pensio
761 3606 816 3670 uel
839 3611 977 3685 contnra,
1009 3605 1063 3672 illo
1085 3610 1230 3688 tempore
1253 3604 1352 3671 debet
1374 3603 1474 3670 solui:
1507 3603 1536 3670 si
1556 3603 1609 3668 hoc

375 3723 438 3771 non
463 3712 607 3789 apparet,
632 3707 729 3775 debet
750 3709 874 3775 attendi
897 3707 1093 3775 consuetudo
1117 3707 1256 3774 ciuitatis
1271 3703 1394 3790 Spoleti
1413 3712 1448 3775 et
1462 3711 1489 3774 si
1503 3705 1546 3772 de
1558 3703 1607 3772 tali

376 3810 603 3976 consuetudine
633 3829 696 3878 non
724 3816 868 3899 apparet,
899 3815 974 3879 tune
1004 3812 1038 3878 in
1069 3810 1132 3879 line
1154 3811 1228 3878 anni
1258 3809 1415 3880 soluendo
1435 3815 1487 3879 est
1506 3809 1607 3894 pensio

375 3929 416 3979 ue
451 3918 593 3980 eonturs.

375 4155 443 4200 oar.
466 4157 579 4201 xxvm.
603 4138 704 4213 oooo⁸
726 4162 893 4208 mronnun
914 4163 957 4206 nn
980 4163 1125 4208 eorunm
1146 4163 1269 4208 normae
1293 4163 1400 4208 nouus
1422 4163 1513 4206 unm
1527 4161 1606 4206 nrm

419 4271 500 4340 Item
522 4273 669 4342 uolumus
692 4278 796 4358 etiem,
821 4277 906 4360 qnod
930 4278 1056 4346 domino
1076 4279 1198 4360 domus,
1221 4279 1276 4361 qui
1299 4279 1356 4346 dat
1379 4278 1507 4346 domum
1525 4292 1605 4344 suam

378 4374 420 4440 ad
442 4382 617 4462 maturam,
640 4378 680 4446 de
703 4381 805 4462 primo
828 4399 910 4448 anno
933 4383 993 4448 sibi
1015 4383 1167 4450 credatur
1188 4383 1229 4450 de
1245 4389 1379 4450 contum
1394 4381 1480 4464 dicte
1495 4381 1603 4460 domus,

378 4496 444 4544 non
466 4479 507 4546 de
529 4481 674 4562 pluribus
697 4488 730 4550 et
752 4483 897 4552 dominus
920 4486 1033 4588 domus
1054 4488 1153 4569 possit
1175 4504 1235 4569 per
1253 4505 1298 4568 se,
1323 4485 1445 4569 absque
1459 4485 1604 4564 cmiapru

424 4671 435 4707 ¹
461 4681 605 4752 „excepto
627 4709 670 4723 -·
691 4677 846 4756 camundol
873 4677 956 4738 deest
985 4697 1024 4755 11
1063 4679 1171 4756 Ljub.
1286 4673 1299 4713 ¹
1324 4679 1406 4755 „soa
1436 4693 1520 4739 mu„
1546 4667 1601 4736 ast*

377 4761 460 4821 deest
482 4778 530 4837 ap.
554 4762 664 4839 Ljub.
736 4759 879 4825 ⁸ibid.:
903 4764 1079 4844 „Quando“.
