3416 5350
1352 411 1392 474 9⁵

149 606 185 670 in
208 624 306 674 causa
328 612 363 673 et
378 626 456 688 pars
472 609 607 689 accipiat
621 609 717 674 elium
733 607 935 688 aduocatum,
959 611 986 676 si
1002 610 1081 692 uult,
1105 609 1150 674 ita
1165 611 1251 691 quod
1266 619 1398 693 propter

149 709 370 776 infirmitatem
392 711 538 777 aduocati
562 729 659 777 causa
681 712 784 778 ciuilis
807 712 891 778 ultra
913 713 1014 778 dictos
1038 714 1147 778 decern
1168 714 1236 780 dies
1260 733 1322 780 non
1338 734 1395 780 ua·

150 814 221 884 leat
242 816 437 898 prolongari.

196 1047 265 1089 oAP.
289 1047 340 1088 ux.
364 1045 406 1086 DE
428 1045 555 1106 nouum,
583 1045 638 1098 QUI
661 1047 724 1088 NON
746 1047 808 1088 DA'I
832 1047 876 1101 ΙΙ),
900 1044 983 1098 QUOD
1006 1047 1068 1090 SIBI
1091 1047 1287 1090 Assrounuuu
1311 1049 1355 1090 AD

702 1133 846 1175 DANDUII.

194 1249 280 1313 Item
304 1252 458 1312 statutum
483 1252 518 1314 et
538 1249 718 1314 ordinatum
742 1251 808 1332 est,
841 1249 925 1329 quod
949 1249 976 1313 si
999 1249 1113 1331 aliquis
1138 1249 1233 1314 mittit
1255 1268 1314 1331 per
1339 1251 1397 1314 ali-

152 1371 249 1433 quem
280 1351 373 1416 alicui
405 1369 541 1433 persone
573 1352 709 1432 aliquam
733 1353 866 1433 pecuniq
890 1355 1119 1435 quantitatem,
1155 1352 1208 1418 nel
1231 1353 1310 1418 alias
1334 1372 1400 1433 res,

151 1457 282 1537 etism,
306 1456 360 1537 qui
383 1457 509 1535 recipit.
543 1474 606 1521 non
637 1456 797 1537 assignat,
827 1474 885 1522 nec
915 1457 973 1522 dat
1002 1475 1056 1522 eas
1086 1457 1132 1521 illi
1162 1475 1316 1539 personq,
1348 1457 1402 1522 cui

152 1559 251 1624 debet
275 1560 438 1639 assignare
460 1559 528 1624 siue
551 1559 582 1622 in
605 1559 733 1638 totum¹‚
757 1559 825 1622 siue
841 1559 873 1622 in
889 1565 991 1640 parte,
1015 1560 1100 1641 quod
1117 1559 1258 1650 do'furto
1275 1561 1395 1642 possit’

157 1665 213 1744 agi
236 1663 375 1728 ciuiliter
398 1667 431 1727 et
454 1661 659 1727 criminaliter
683 1667 794 1727 contra
817 1681 899 1728 eum.

151 1895 220 1937 our.
244 1893 308 1933 uxr.
331 1893 373 1934 rur
396 1893 547 1950 nnuman,
572 1892 634 1943 qun
657 1869 842 1934 asueruom’
863 1894 899 1934 su
921 1893 965 1934 ap
988 1893 1191 1936 unumunurn
1215 1893 1322 1936 amour
1343 1872 1400 1935 Η*

645 1979 735 2021 onrrr
758 1979 916 2022 mneruurr.

171 2057 175 2064 Ι
196 2096 279 2162 item
310 2098 467 2160 statutum
497 2098 531 2160 et
560 2093 740 2159 ordinatum
763 2101 822 2172 est,
857 2096 992 2176 quodsi
1015 2096 1122 2178 aliqua
1144 2097 1259 2164 mulier
1281 2117 1395 2166 carena

151 2200 277 2276 marito,
297 2199 442 2280 promisit
459 2202 545 2262 stare
562 2214 632 2262 curn
649 2198 754 2279 aliquo
771 2199 813 2264 ad
830 2199 1034 2264 seruiendum
1051 2201 1144 2266 alicui
1161 2202 1202 2266 ad
1217 2209 1344 2284 pactum
1360 2209 1397 2268 ut

152 2303 275 2368 lamule
297 2301 462 2384 partualis,
487 2300 540 2366 uel
563 2302 705 2367 seruiens
723 2321 781 2382 pro
798 2309 885 2368 certo
900 2309 1059 2386 tempore;
1084 2313 1117 2370 et
1132 2306 1236 2371 medio
1253 2311 1399 2388 tempore

152 2408 256 2488 capit⁶
277 2407 436 2482 maritum,
461 2405 546 2486 quod
568 2421 626 2486 pro
649 2405 776 2470 residuo
799 2413 942 2488 tempore
966 2409 1179 2488 computando
1210 2410 1250 2474 ab
1272 2427 1311 2476 eo
1335 2409 1397 2495 die,

152 2529 216 2591 quo
240 2512 326 2592 cepit
349 2510 495 2574 meritum
520 2527 539 2572 a
562 2508 646 2573 dicta
669 2510 877 2589 promissione
899 2510 983 2576 dicta
1006 2512 1118 2578 mulier
1139 2512 1304 2578 liberetur.

196 2739 264 2784 UAP.
289 2739 365 2781 nxn.
400 2737 528 2792 QUANDO
550 2739 710 2782 UENDI'I'OB
732 2739 860 2782 mm
883 2740 934 2784 1us
956 2741 991 2784 nl
1012 2741 1087 2796 REM,
1113 2741 1202 2793 Qum
1226 2743 1353 2784 uuum.

196 2857 280 2923 Item
309 2861 464 2920 statutum
489 2861 522 2920 et
545 2854 726 2920 ordinatum
750 2861 815 2934 est,
849 2855 935 2936 quod
966 2855 991 2922 si
1022 2857 1136 2937 aliquis
1166 2859 1278 2923 uendit
1300 2858 1397 2924 alicui

152 2960 293 3042 aliquam
316 2977 393 3038 rem,
418 2959 501 3040 quod
525 2958 626 3024 donec
648 2960 708 3026 sibi
730 2959 890 3026 soluatur⁰
912 2965 1012 3026 totum
1043 2961 1194 3042 pretium,
1225 2960 1295 3043 ipse
1319 2981 1396 3028 uen-

151 3064 236 3130 ditor
259 3063 379 3129 habent
399 3064 505 3145 potius
528 3063 577 3128 ius
600 3063 631 3126 in
660 3063 745 3128 dicta
768 3083 811 3146 re,
837 3065 924 3146 plus⁷
947 3083 1041 3146 quarn
1065 3064 1206 3130 habeant
1228 3064 1301 3147 alij⁸
1324 3083 1393 3131 cre-

152 3168 275 3234 ditores
297 3168 458 3249 emptoris,
484 3185 649 3249 quousque
673 3169 715 3234 sit
736 3168 800 3250 ipsi
823 3167 981 3233 uenditori
1013 3168 1053 3234 de
1084 3173 1154 3234 toto
1187 3168 1294 3250 precio
1316 3170 1398 3234 inte·

113 3343 116 3350 ,
150 3271 286 3354 grdliter
309 3270 517 3338 satisfactum.

150 3504 217 3546 un.
249 3504 341 3544 LXIII.
371 3505 414 3544 mu
441 3503 566 3544 'IENUI'A
587 3501 728 3546 Iouam
749 3503 809 3544 PER
833 3502 1033 3545 unumuoml
1057 3503 1096 3544 nr
1121 3503 1185 3545 NON
1208 3502 1256 3544 SI'I'
1279 3503 1342 3546 SIBI
1364 3499 1398 3544 ln

595 3589 701 3631 utrumn
727 3587 949 3632 flammeorum.

193 3705 278 3771 Item
302 3709 457 3770 statutum
472 3710 506 3770 et
522 3705 700 3770 ordinatum
717 3710 776 3784 est,
801 3703 928 3784 quodsi
946 3703 1085 3769 creditor
1099 3703 1288 3769 auctoritate
1306 3703 1393 3782 curie

150 3809 312 3890 acceperit
342 3815 486 3874 tenutam
518 3809 558 3874 de
582 3809 672 3874 bonis
696 3807 849 3874 debitoris
873 3808 939 3890 sui,
972 3807 1047 3871 licet
1070 3804 1199 3871 debitor
1221 3805 1261 3872 de
1284 3806 1398 3870 maiori

150 3919 244 3996 parte
277 3913 376 3978 debiti
407 3911 609 3990 ammiscent,
640 3919 746 3978 tamen
777 3911 896 3976 licitum
929 3911 970 3976 sit
1000 3911 1147 3976 creditori
1177 3927 1235 3989 pro
1266 3909 1395 3974 residuo

151 4017 229 4083 dicti
261 4015 362 4082 debiti
392 4017 533 4082 uendere
568 4017 684 4082 dictam
720 4023 862 4082 tenutam
897 4015 1068 4080 secundnm
1103 4013 1236 4080 formam
1269 4013 1397 4078 statuti⁰

153 4121 295 4187 ciuitatis
320 4119 451 4202 Spalati.

197 4331 209 4365 ¹
241 4332 298 4407 Ap.
334 4332 461 4406 Ljub.:
499 4331 640 4405 „totum“.
719 4326 732 4362 ¹
762 4329 819 4389 Sic.
850 4347 898 4404 ap.
930 4329 1039 4406 Ljub,
1074 4333 1103 4389 et
1125 4329 1203 4389 cod.
1227 4328 1335 4390 acad·
1359 4328 1396 4390 B.

150 4420 237 4480 (lod.
262 4419 361 4476 asad
387 4417 431 4478 A:
452 4415 671 4500 „tumpossit“.
734 4412 745 4450 ⁸
766 4415 823 4490 Ap.
848 4416 976 4491 Ljub.:
995 4417 1182 4498 „adelrigit“.
1247 4414 1258 4448 ⁴
1281 4415 1397 4475 ibid:

152 4507 309 4590 „postea“.
367 4501 488 4563 ⁶Ood.
513 4503 618 4562 acad.
643 4503 668 4560 B
691 4507 720 4560 et
742 4519 789 4576 ap.
807 4501 922 4576 Ljub:
945 4503 1090 4582 „captata
1152 4500 1270 4561 ὓΟοά,
1288 4500 1397 4562 acad.

149 4593 176 4650 A
206 4597 236 4650 et
266 4592 310 4648 B:
343 4585 488 4672 „soluat“.
568 4587 579 4622 ²
608 4590 700 4648 liceat
722 4588 751 4646 in
774 4589 854 4648 cod.
878 4589 986 4648 acad.
1010 4589 1047 4646 Α.
1130 4583 1142 4620 ⁸
1185 4587 1243 4662 Ap.
1268 4587 1395 4662 Ljub.:

152 4677 275 4760 „dicti“.
349 4673 490 4736 ⁹ibid:
515 4668 745 4753 „statutorum“.
