3376 5392
322 399 384 462 ata

322 603 422 682 aulae,
445 602 613 668 intellectis
629 602 773 667 omnibus
789 599 1004 682 intelligendis
1020 608 1055 667 et
1069 600 1276 667 consideratis
1290 602 1324 666 iu
1337 600 1398 666 hac
1412 619 1449 667 re
1463 603 1562 666 omoi-

322 708 382 772 bus
406 705 654 784 considerandis,
679 707 725 770 ita
747 705 993 770 determinamus
1017 713 1049 771 et
1072 706 1307 784 sententiamus,
1340 705 1424 786 quod
1449 723 1560 770 ornnes

322 811 378 892 iili,
402 810 457 892 qui
480 815 574 876 erunt
596 809 728 892 posthac
750 810 795 874 ita
817 811 1072 892 praesumptuosi
1089 818 1123 876 et
1137 809 1275 876 audaces
1290 809 1331 874 ad
1346 809 1560 890 arripiendum

324 923 357 981 et
379 916 572 997 tangendum
589 933 708 993 carues,
732 915 847 980 cadant
862 914 904 980 ad
922 933 1057 995 poenam
1073 915 1291 996 iperperorum
1306 914 1454 994 quinque,
1472 913 1561 977 cuius

322 1039 445 1102 poenae
468 1039 564 1085 unum
587 1019 717 1084 tertium
740 1019 782 1084 sit
803 1018 973 1101 regiminis
997 1037 1054 1084 seu
1076 1020 1211 1086 rectoris
1242 1020 1295 1099 qui
1323 1035 1382 1100 pro
1414 1023 1559 1096 tempore

323 1125 378 1190 illo
402 1125 471 1204 erit,
496 1123 581 1188 aliud
605 1124 734 1188 tertium
757 1123 991 1188 communitatis
1013 1129 1045 1188 et
1061 1123 1146 1188 aliud
1162 1122 1353 1188 accusatoris
1377 1125 1411 1186 et
1434 1139 1562 1186 accusa·

323 1236 375 1295 tor
398 1233 544 1294 teneatur
567 1232 689 1294 secreto
713 1233 747 1294 et
769 1227 810 1293 sit
833 1227 861 1293 ei
885 1228 961 1293 data
983 1225 1063 1292 fides
1087 1245 1156 1292 cum
1190 1246 1253 1292 uuo
1276 1232 1361 1292 teste
1392 1233 1516 1290 tautum
1530 1233 1563 1290 et-

323 1333 498 1399 iuramento
522 1351 589 1398 suo.

367 1463 447 1528 Item
472 1463 556 1544 quod
580 1481 670 1527 tremo
694 1461 812 1527 audeat
833 1463 956 1546 ingredi
972 1463 1003 1526 in
1020 1463 1185 1543 caucellos,
1210 1461 1278 1526 siue
1295 1466 1460 1542 stangatas
1476 1465 1557 1524 tern-

323 1584 409 1650 pore,
433 1583 496 1648 quo
524 1565 705 1630 ueuduntur
726 1583 848 1642 caruca,
872 1584 929 1632 nec
950 1566 1036 1630 intus
1058 1567 1173 1630 taniam
1196 1566 1264 1630 siue
1278 1563 1478 1631 bacchariam
1503 1564 1560 1628 sub

324 1691 427 1753 poena
449 1671 668 1752 iperperorum
690 1670 784 1734 triam
808 1670 1049 1734 diuidendurum
1074 1670 1175 1735 modis
1206 1676 1239 1734 et
1267 1669 1504 1734 conditionibus
1525 1675 1559 1731 ut

324 1795 437 1858 supro3
463 1783 496 1842 et
512 1776 595 1856 quod
619 1775 801 1840 baccharius
820 1775 919 1856 possit
943 1782 976 1839 et
991 1775 1097 1840 ualeat
1113 1773 1309 1856 praedictum
1327 1773 1558 1853 delinquentem

325 1897 476 1945 accusare
499 1885 533 1945 et
554 1881 580 1946 si
602 1898 664 1944 uun
688 1879 857 1957 accusabit,
883 1881 975 1944 cadat
1007 1880 1046 1943 ad
1080 1897 1212 1960 poenam
1236 1879 1455 1960 iperperorum
1486 1877 1559 1941 duo-

324 2003 411 2063 rum3
435 1991 468 2050 et
491 1983 573 2064 quod
597 1983 702 2049 nullus
724 1984 836 2064 lanius,
861 1984 929 2049 siue
960 1983 1152 2062 baccharius,
1184 2001 1242 2049 uec
1264 1982 1371 2062 aliqua
1400 1981 1462 2046 alia
1491 1999 1558 2061 per·

323 2107 409 2168 sorra,
434 2087 656 2170 cuiuscumque
679 2089 866 2153 conditionis
890 2089 1014 2166 existat,
1040 2089 1177 2154 uendere
1208 2089 1308 2168 possit
1340 2105 1452 2153 carnes
1474 2086 1555 2168 alibi,

326 2211 420 2274 quam
443 2193 475 2257 in
497 2193 663 2258 baccharis
686 2194 745 2258 sub
768 2211 871 2274 poena
893 2193 1110 2274 iperperorum
1134 2192 1238 2276 trium,
1263 2190 1504 2257 diuidendorum
1524 2195 1557 2253 ut

326 2313 431 2378 supra.

367 2427 446 2492 Item
459 2425 544 2507 quod
560 2423 644 2508 lanij,
661 2425 730 2492 siue
745 2423 884 2509 becharij
901 2443 964 2492 non
980 2427 1101 2507 possint
1116 2444 1245 2492 seruare
1260 2443 1371 2492 cornea
1387 2425 1420 2489 in
1431 2423 1556 2490 beccha—
1579 2457 1583 2466 ·

326 2529 373 2594 ria
396 2527 437 2594 ad
452 2529 688 2610 requisitionem
704 2529 844 2606 alicuius,
869 2535 995 2611 praeter
1011 2530 1051 2594 ad
1067 2529 1302 2610 requisitionem
1316 2529 1462 2608 rectoris,
1479 2527 1557 2609 epis·

326 2633 397 2716 copi
420 2651 476 2698 seu
500 2633 608 2715 uicarij
632 2639 665 2698 et
686 2633 841 2712 iudicum,
866 2639 899 2697 et
914 2633 998 2714 quod
1014 2634 1131 2698 centini
1145 2633 1303 2714 beccharij
1321 2631 1460 2699 debeant
1474 2649 1557 2697 recu·

326 2755 396 2801 sare
420 2753 477 2801 seu
499 2755 617 2817 negare
641 2735 780 2802 uendere
803 2754 915 2802 carnes
932 2755 1039 2801 eorum
1064 2738 1200 2819 proprija
1222 2737 1363 2819 pecunijs
1387 2737 1445 2801 sub
1461 2751 1558 2816 poena

325 2841 421 2905 trium
442 2841 660 2922 ipcrperorum
684 2840 927 2906 diuidendorum
950 2845 1112 2921 utsupra.

370 2971 451 3037 Item
474 2971 514 3038 de
537 2971 686 3053 piscibus,
711 2972 794 3053 quod
819 2991 910 3038 nemo
934 2971 1052 3037 atrdeat
1074 2971 1195 3054 ingredi
1210 2970 1294 3036 intra
1309 2969 1476 3052 caucellos,
1493 2971 1556 3034 siue

327 3083 489 3158 stangatas
512 3081 665 3158 tempore,
689 3094 751 3156 quo
775 3078 877 3158 pisces
908 3075 1099 3154 ueuduntur,
1122 3077 1180 3140 sub
1210 3095 1314 3158 poena
1345 3077 1557 3158 iperperorum

327 3181 478 3259 duorum;
504 3187 536 3244 et
559 3181 584 3244 ai
608 3182 678 3261 quis
701 3181 802 3246 dictos
826 3181 930 3262 pisces
954 3181 1125 3262 arripuerit
1147 3187 1179 3245 et
1194 3199 1305 3245 manus
1321 3180 1354 3245 in
1370 3181 1489 3256 cistam,
1505 3197 1558 3244 seu

327 3285 358 3350 in
382 3285 527 3367 lapidem,
552 3286 605 3350 ubi
628 3295 790 3367 ponuntur
812 3287 924 3368 pisces,
948 3291 1054 3367 ponat,
1080 3284 1173 3350 cadat
1203 3285 1243 3351 ad
1273 3301 1409 3366 poenam
1439 3285 1558 3366 iperpe

328 3408 433 3455 rorum
457 3390 604 3472 quinque,
628 3390 869 3457 diuidendorum
891 3396 928 3455 ut
950 3408 1055 3472 supra.

370 3521 450 3586 Item
470 3519 554 3602 quod
576 3521 761 3602 piscatores,
785 3523 839 3603 qui
861 3521 995 3587 ueniunt
1016 3521 1058 3586 ad
1073 3520 1275 3586 uendendum
1289 3522 1402 3603 pisces,
1425 3537 1488 3584 nou
1505 3539 1556 3604 pe

330 3627 401 3704 sint,
426 3643 485 3692 uec
514 3625 652 3691 debeant
681 3625 842 3708 appellere
873 3627 940 3691 siue
971 3627 1110 3691 arriuare
1141 3626 1182 3690 ad
1206 3625 1342 3708 aliquem
1364 3627 1469 3693 iocum
1490 3627 1559 3692 ciui-

329 3730 414 3809 catis,
440 3731 499 3795 uisi
522 3730 561 3795 ad
584 3731 701 3794 molum
724 3749 824 3812 usque
848 3731 889 3796 ad
911 3729 1015 3797 locum
1030 3729 1133 3812 legiae
1148 3730 1202 3796 ubi
1217 3731 1278 3796 erit
1294 3734 1432 3811 positum
1450 3733 1557 3814 poium,

328 3834 397 3900 siue
420 3835 543 3918 signum
573 3835 749 3916 quoddam3
781 3842 815 3900 et
837 3835 862 3900 si
895 3835 1050 3917 praedicti
1080 3836 1255 3915 piscatores
1285 3836 1409 3901 inuenti
1438 3835 1557 3914 fuerint,

330 3947 387 4004 aut
408 3940 546 4005 accusati
570 3939 610 4004 ad
633 3941 727 4005 alium
743 3941 845 4006 locum
861 3939 1080 4022 applicauisse,
1104 3939 1189 4020 quod
1204 3940 1339 4022 perdaut
1354 3941 1469 4024 pisces
1485 3943 1558 4007 erci-

331 4045 446 4127 piendo
470 4043 558 4128 illud,
583 4045 667 4126 quod
689 4049 841 4127 taugeret
863 4043 998 4108 datiario
1030 4049 1063 4109 et
1086 4043 1200 4110 cadant
1222 4044 1262 4108 ad
1286 4063 1419 4125 poenam
1443 4047 1559 4128 iperpe

330 4168 437 4214 rorum
462 4149 613 4228 duorum;
638 4155 671 4214 et
694 4149 777 4231 quod
801 4167 909 4214 omnes
929 4147 1135 4230 suprascripti
1158 4149 1343 4232 piscatores,
1368 4151 1422 4232 qui
1437 4151 1559 4217 ueuiuru

328 4253 368 4318 ad
391 4253 592 4318 uendendum
614 4253 723 4335 pisaco,
749 4255 888 4320 debeant
916 4254 1018 4335 primo
1042 4265 1246 4334 praesentare
1271 4253 1360 4331 illud,
1392 4255 1477 4336 quod
1506 4255 1559 4320 erit

329 4357 540 4422 necessarium
563 4359 716 4441 regimini,
748 4359 816 4426 siue
838 4358 952 4424 rectori
976 4365 1009 4424 et
1031 4357 1091 4424 hoc
1114 4363 1283 4439 antequam
1306 4358 1460 4440 incipiant
1488 4379 1555 4427 ueu-

331 4461 406 4527 derc
430 4461 523 4526 alicui
546 4463 646 4529 dictos
669 4463 773 4544 pisces
798 4463 856 4528 sub
880 4461 1043 4545 praedicta
1064 4481 1176 4544 poena,
1200 4461 1372 4528 diuidenda
1394 4469 1430 4530 ut
1452 4483 1553 4546 supra;

329 4573 361 4632 et
384 4565 526 4632 similiter
548 4567 587 4632 de
611 4569 754 4633 erunibus
777 4565 847 4648 alijs
871 4567 965 4633 rebus
988 4565 1160 4648 uenalibus,
1184 4585 1265 4664 quae
1286 4572 1464 4650 portantur,
1496 4570 1554 4634 siue

330 4672 541 4753 portabuntur
565 4673 626 4738 huc
649 4674 688 4738 ad
712 4673 923 4752 uendeudum,
948 4673 974 4738 si
998 4672 1112 4754 aliquis
1135 4672 1342 4754 inueniretur,
1367 4681 1422 4740 aut
1438 4692 1552 4742 accusa·
