3388 5356
889 632 1015 746 '1..1.

1664 535 1668 682 l

347 819 517 883 immobilia
539 823 642 880 mulier
664 838 722 879 non
737 819 831 896 possit
852 821 998 880 dimittere
1019 819 1097 897 alijs,
1122 837 1211 894 quam
1225 818 1304 897 liliJs,
1321 820 1369 878 vel
1384 818 1516 896 filiabus,
1536 837 1580 878 sen

433 908 548 967 marito.
593 925 622 982 p.
640 909 692 966 45.

348 991 564 1056 immunditiae
586 993 636 1053 ubi
651 993 854 1068 projiciantur.
899 1011 929 1067 p.
947 995 998 1052 89.

349 1079 512 1142 incantore
534 1079 662 1154 aliquem
677 1080 707 1137 in
723 1079 844 1138 emendo
860 1079 908 1137 vel
923 1078 1076 1137 vendendo
1092 1096 1177 1138 nemo
1193 1079 1310 1138 audeat.
1356 1097 1386 1154 p.
1404 1081 1454 1139 87.

227 1221 231 1232 .
347 1163 512 1228 incendere
533 1167 628 1226 locum
644 1165 771 1238 aliquem
787 1165 816 1222 in
838 1165 933 1224 insula
955 1182 1009 1239 pro
1022 1165 1212 1224 seminatione
1228 1165 1363 1224 iacienda
1377 1181 1461 1224 nemo
1475 1165 1580 1242 audeat,

434 1253 485 1312 ubi
499 1253 584 1311 adest
599 1252 760 1327 periculum
775 1251 900 1326 alicujus
915 1251 1036 1326 majoris
1053 1251 1160 1309 damni.
1207 1268 1236 1326 p.
1254 1253 1328 1310 255.

346 1335 536 1400 incendiarii
558 1338 674 1412 quaudo
689 1355 748 1396 non
763 1340 887 1412 possunt
900 1337 1032 1412 reperiri,
1055 1339 1102 1394 vel
1118 1337 1261 1396 malitiose
1277 1338 1467 1415 occultantur,
1484 1337 1583 1398 retient

437 1425 576 1483 damnum
591 1424 699 1500 casale,
716 1423 795 1498 quod
810 1427 855 1482 est
870 1422 992 1481 vicinius
1009 1423 1074 1481 loco
1089 1423 1216 1482 incenso.
1262 1441 1292 1498 p.
1310 1425 1384 1483 255.

350 1506 462 1590 infans
477 1529 496 1568 a
512 1511 560 1569 xiv
576 1510 660 1569 annis
675 1509 751 1568 inlra
766 1510 791 1568 si
805 1508 991 1568 homicidium
1007 1508 1116 1585 lecerit,
1140 1509 1286 1582 quomodo
1303 1511 1450 1584 puniatur.
1498 1528 1526 1586 p.
1541 1511 1584 1569 27.

348 1593 459 1676 infans
474 1615 492 1654 a
505 1595 564 1672 xiiij
575 1597 659 1654 annis
667 1599 696 1654 et
703 1595 779 1654 infra
787 1596 812 1654 si
818 1593 992 1654 maleficium
999 1595 1110 1672 lecerit,
1122 1596 1267 1668 quomodo
1276 1596 1424 1671 puniatur.
1442 1614 1472 1672 p.
1483 1599 1529 1657 19.
1538 1599 1583 1655 40.

348 1679 489 1763 injuriae
511 1683 638 1742 verbalis
654 1699 759 1756 poena.
805 1699 834 1756 p.
860 1684 910 1740 28.
945 1697 962 1732 υ

347 1767 508 1848 injurioso
530 1769 622 1828 verba
633 1767 726 1844 judici
742 1767 842 1827 dicens
857 1767 1003 1842 quomodo
1018 1768 1166 1842 puniatur.
1211 1786 1241 1843 p.
1260 1771 1311 1828 28.

346 1851 472 1934 injurio
486 1855 515 1913 in
530 1854 680 1930 presentie
695 1854 844 1930 regiminis
860 1854 899 1912 ad
915 1855 1039 1914 bancum
1054 1854 1183 1912 sedentis
1196 1854 1274 1914 dicta
1285 1857 1433 1930 quomodo
1448 1856 1582 1932 puniatur.

346 2024 554 2087 instrumento
572 2027 779 2104 venditionum,
796 2025 994 2102 donationum,
1011 2027 1183 2104 cessionum,
1200 2029 1455 2107 permutationum,
1474 2044 1582 2103 recupe-

433 2113 595 2189 rationum,
617 2113 843 2188 obligationum,
868 2112 1078 2172 livellationum
1101 2117 1131 2171 et
1150 2114 1387 2189 pignorationum
1411 2117 1472 2174 sine
1493 2115 1582 2174 stridis

434 2199 493 2257 sint
507 2199 614 2258 nullius
630 2198 749 2274 vigoris.
795 2215 825 2272 p.
843 2201 916 2258 246.

346 2281 545 2346 instrumenti
567 2285 633 2344 falsi
652 2285 776 2359 scriptor
791 2284 898 2359 perdat
919 2302 1036 2343 manum
1052 2285 1211 2344 dexteram.
1257 2304 1287 2362 p.
1304 2289 1356 2348 31.

345 2365 452 2431 immo
474 2371 656 2430 custodiatur
670 2388 724 2446 per
739 2371 858 2430 barcam
873 2375 1027 2430 armatam.
1072 2389 1102 2445 p.
1120 2374 1171 2432 83.

345 2453 517 2534 introitum,
541 2457 592 2530 qui
607 2461 707 2533 petere
722 2461 829 2534 potest,
848 2460 931 2530 petat
945 2457 1022 2515 intra
1037 2474 1126 2516 unum
1142 2475 1259 2518 aunum.
1305 2476 1334 2534 p.
1357 2463 1428 2520 100.

345 2540 494 2604 introitus
515 2543 671 2602 comitatus
686 2560 771 2602 nemo
788 2542 969 2602 Curzulanus
984 2547 1063 2602 emat
1078 2544 1107 2601 in
1125 2561 1270 2619 grossum.
1315 2563 1346 2620 p.
1364 2549 1415 2606 58.

345 2626 492 2688 introitus
514 2629 627 2688 comitis
642 2629 672 2688 in
687 2629 829 2704 regimine
848 2629 994 2706 statuitur,
1018 2631 1097 2703 qnod
1112 2630 1163 2690 fist
1179 2649 1197 2689 a
1212 2648 1312 2690 mense
1329 2632 1483 2694 Decembri
1497 2651 1581 2708 usque

433 2715 473 2773 ad
487 2715 661 2790 principium
676 2715 784 2774 mensis
801 2714 908 2774 Martii.
956 2731 985 2789 p.
1006 2718 1076 2774 144.

345 2795 591 2864 intromissionee
613 2803 642 2860 in
658 2803 735 2861 bona
750 2801 866 2861 stabilia
881 2801 1028 2874 quomodo
1044 2801 1124 2862 fiant.
1170 2821 1199 2876 p.
1218 2805 1268 2862 68.

338 2882 504 2967 judicatus
526 2887 654 2946 officium
669 2904 728 2946 non
743 2888 938 2946 continuatur.
984 2905 1013 2961 p.
1033 2891 1104 2947 123.
1506 2923 1509 2928 ι

337 2968 441 3053 judex
461 2973 548 3048 parvi
564 2973 675 3032 consilii
690 2975 789 3032 valeat
801 2971 937 3049 judicare
953 2991 1047 3048 usquc
1061 2975 1100 3032 ad
1115 2993 1236 3050 grossos
1252 2976 1293 3051 vj.
1339 2994 1369 3052 p.
1389 2981 1437 3038 76.
1456 2983 1502 3040 79.

338 3055 442 3140 judee
463 3076 522 3118 non
536 3061 630 3134 possit
646 3077 798 3119 carcerare
813 3060 943 3134 aliquam
958 3077 1114 3135 personam
1130 3062 1192 3120 sine
1208 3063 1328 3121 consilio
1351 3067 1463 3126 comitis
1478 3068 1522 3126 rel
1536 3066 1580 3124 ali·

435 3162 518 3206 orum
530 3145 672 3221 judicum.
718 3163 747 3220 p.
766 3147 817 3205 62.

345 3227 443 3308 index
465 3231 607 3290 neminem
623 3233 716 3307 possit
731 3250 884 3292 carcerare
898 3233 961 3291 sine
976 3233 1097 3292 concilio
1114 3235 1237 3294 aliorum
1249 3235 1391 3311 judicum.
1436 3255 1465 3314 p.
1483 3241 1531 3299 95.

336 3313 462 3397 jndices
485 3317 522 3376 de
537 3318 632 3376 medio
647 3318 677 3376 in
694 3319 821 3376 medinm
838 3336 946 3377 anuum
962 3337 980 3376 a
995 3319 1101 3378 comite
1118 3321 1273 3397 eligantur.
1318 3341 1347 3398 p.
1368 3326 1416 3383 12.
1434 3328 1483 3386 33.

337 3399 462 3482 judiees
484 3421 542 3461 non
561 3403 715 3480 eligentur,
740 3405 790 3478 qui
805 3405 863 3463 sint
877 3405 1034 3464 attinentes
1046 3423 1104 3464 non
1119 3409 1253 3468 valentes
1268 3411 1381 3470 sedere.
1426 3429 1455 3488 p.
1473 3415 1541 3472 189.

336 3485 463 3569 judices
485 3488 612 3548 officium
627 3489 810 3568 recipientes,
828 3491 955 3551 debeant
965 3491 1068 3566 jurare
1084 3492 1112 3550 in
1129 3495 1255 3554 statutis.
1301 3515 1330 3571 p.
1348 3499 1400 3556 20.

337 3570 463 3654 judices
486 3575 632 3648 quomodo
643 3576 779 3652 judicare
794 3577 929 3636 debeant.
976 3594 1005 3651 p.
1025 3579 1064 3635 12
1088 3597 1132 3653 sq.
1153 3583 1204 3640 33.

336 3657 458 3740 judicis
481 3662 566 3720 unius
582 3662 701 3721 minoris
716 3667 746 3720 et
760 3663 882 3737 majoris
898 3663 1057 3722 auctoritas
1069 3665 1232 3740 judicandi.
1277 3685 1306 3742 p.
1326 3671 1376 3728 79.

335 3743 460 3826 jndices
482 3765 540 3806 non
553 3753 675 3822 possunt
686 3749 840 3824 advocare,
853 3751 901 3807 vel
913 3767 1081 3828 procurare,
1096 3753 1179 3811 salvo
1191 3771 1245 3828 pro
1258 3759 1377 3828 pastore
1388 3773 1451 3816 suo.
1474 3775 1502 3833 p.
1517 3761 1579 3816 201.

343 3829 463 3904 indicos
485 3834 614 3908 quotidie
629 3833 733 3893 adesse
750 3835 856 3894 debent
871 3836 1048 3911 rectoribus,
1069 3855 1122 3899 nee
1138 3843 1261 3914 possunt
1277 3841 1427 3902 discedere
1442 3862 1461 3902 a
1475 3844 1580 3904 civitate

431 3919 493 3977 sinc
507 3919 571 3994 ejus
587 3919 720 3997 licentia3
738 3921 816 3993 quod
831 3924 929 3979 tamen
945 3921 998 3978 luit
1014 3929 1171 3984 cassatum.
1217 3943 1246 4000 p.
1265 3929 1337 3986 242.
1354 3945 1400 4002 sq.

335 4001 461 4083 jndt'oea
484 4005 589 4078 siquis
604 4006 792 4082 percusserit,
810 4007 956 4080 quomodo
971 4007 1119 4080 puniatur.
1165 4029 1194 4086 p.
1212 4014 1262 4070 27.
1280 4029 1324 4088 sq.

334 4086 458 4169 juditio
480 4088 552 4148 fiant
567 4107 632 4148 eum
648 4091 813 4150 interventu
825 4092 968 4167 judicum.
1014 4110 1043 4167 p.
1064 4099 1134 4156 185.
1154 4099 1226 4157 256.

332 4171 550 4255 juramentum
572 4175 678 4236 civium
693 4176 836 4236 Carsulae
852 4179 949 4236 comiti
965 4183 1184 4253 praestandum.
1229 4201 1259 4258 p.
1280 4187 1309 4243 4.

333 4259 550 4340 juramentum
573 4263 694 4340 Marsilij
713 4264 826 4322 comitis
843 4263 995 4324 (tumulae.
1043 4285 1073 4342 p.
1091 4272 1121 4326 4.

332 4345 390 4426 jne
412 4351 584 4420 patronatus
600 4366 684 4408 nemo
695 4351 789 4424 possit
803 4355 864 4408 tam
879 4368 932 4425 per
948 4369 990 4428 se,
1007 4369 1096 4425 quam
1111 4371 1165 4429 per
1180 4355 1269 4414 alium
1284 4357 1444 4431 impetrare
1459 4359 1487 4419 in
1503 4359 1581 4420 esus

428 4433 570 4493 Romana.
616 4453 645 4511 p,
666 4439 727 4495 190
743 4452 787 4509 sq.

332 4518 391 4602 jus
414 4520 603 4578 summarium
618 4519 669 4579 fiat
685 4522 721 4580 de
737 4523 850 4582 ratione
866 4523 941 4583 inter
955 4523 1112 4598 patronum
1128 4531 1158 4586 et
1173 4533 1330 4601 pastorem.
1376 4549 1406 4606 p.
1425 4535 1475 4593 65.
1491 4550 1533 4607 sq.
