3376 5392
351 449 414 510 208

353 660 417 721 tem
439 660 565 736 praeter
587 656 626 720 ab
657 653 718 718 illis
750 652 897 736 ciuitatis,
929 653 982 734 qui
1013 653 1191 720 conducunt
1221 655 1393 736 Regusium
1428 671 1486 720 seu
1506 653 1580 718 alibi

353 758 689 841 praedictazappina3
713 756 812 824 etita
842 757 881 824 de
911 757 1062 841 nappinis,
1086 775 1178 840 quem
1209 757 1249 822 ad
1278 758 1404 824 modum
1430 757 1471 823 de
1500 758 1584 822 omni

354 882 470 944 genere
493 863 657 944 lignorum.

393 966 529 1033 Testes:
553 965 620 1032 Ser.
646 965 817 1048 Gregorius
836 965 1015 1046 Gabriellis,
1039 986 1099 1032 ser.
1124 966 1279 1032 Antonius
1295 965 1424 1050 Obradi,
1447 985 1506 1032 ser.
1523 963 1585 1030 An-

352 1072 457 1138 tonius
479 1071 591 1154 Angeli
615 1077 649 1136 et
671 1071 734 1153 alij.

391 1176 429 1240 In
452 1175 531 1242 libro
554 1175 596 1258 iij.
621 1175 860 1242 sententiarum.

788 1390 850 1432 n1v.
873 1389 995 1434 mammo
1018 1355 1151 1450 cormunis,

348 1483 402 1535 qua
420 1468 558 1538 statuitur,
577 1467 649 1536 quod
667 1467 824 1524 recedentes
842 1469 877 1524 ab
895 1469 983 1525 insula
1001 1485 1054 1524 non
1072 1470 1178 1540 possint
1195 1469 1315 1526 alienare
1332 1467 1405 1523 bona
1421 1483 1473 1523 sua
1491 1471 1519 1522 ct
1539 1467 1586 1536 qui
1683 1455 1685 1464 ⁴

515 1601 522 1614 .
593 1563 702 1622 emeret,
720 1555 816 1625 perdat
833 1557 971 1627 pecunias,
990 1557 1042 1612 nisi
1059 1557 1213 1626 ignorantia
1230 1561 1349 1612 excuset.

390 1679 451 1744 Die
472 1681 579 1764 accip.
605 1677 781 1765 Februarij.
809 1679 978 1767 Mccccxcr‘j.

388 1800 573 1886 Magnificus
596 1807 629 1869 et
650 1821 824 1884 generosus
849 1803 994 1869 domiuus
1017 1803 1199 1870 Dominicus
1226 1801 1402 1885 Theupulo,
1425 1819 1485 1883 pro
1512 1799 1585 1864 illu·

348 1907 502 1974 strissimo
514 1912 547 1972 et
561 1907 805 1972 excellentisimo
822 1907 924 1972 ducali
939 1907 1075 1974 dominio
1091 1907 1295 1976 Venetiarum
1308 1924 1413 1973 comes
1429 1904 1585 1971 Gurzulae

346 2012 557 2094 dignissime,
582 2011 698 2077 auditis
721 2011 926 2096 querimonijs
950 2013 1120 2078 multorum
1143 2013 1256 2078 ciuium
1273 2010 1534 2094 conquerentium
1552 2014 1585 2075 et
1683 2049 1685 2114 4

345 2117 522 2194 dicentium,
545 2114 708 2180 Nicolaum
732 2115 907 2182 Malerbam
930 2118 1045 2185 emisse
1060 2117 1213 2200 quaedam
1229 2119 1313 2184 bona
1332 2115 1470 2194 stabilia,
1492 2113 1584 2178 uide-
1683 2121 1685 2158 r

345 2222 421 2288 licet
442 2221 551 2290 uineas
573 2226 606 2286 et
627 2225 766 2300 terrena,
789 2239 870 2301 qnae
892 2221 1019 2288 fuerunt
1042 2228 1074 2288 et
1095 2227 1169 2288 sunt
1184 2221 1345 2288 cuiusdam
1360 2219 1490 2298 Mariae,
1505 2235 1584 2284 uxo-

344 2327 389 2392 ris
411 2343 441 2407 q.
465 2323 618 2408 Stephani
640 2324 858 2410 Michslouich,
883 2344 964 2407 quae
979 2327 1011 2392 in
1026 2347 1176 2410 praesens
1190 2327 1314 2392 habitat
1328 2321 1584 2390 Maufredoniam

344 2435 377 2497 et
398 2430 457 2496 hoc
479 2434 589 2496 contra
611 2429 713 2512 legem
735 2431 883 2512 scriptam
907 2432 939 2496 in
962 2451 1044 2498 nouo
1067 2431 1224 2498 volumine
1247 2431 1287 2496 de
1303 2427 1526 2496 recedentibus
1542 2425 1584 2491 de

343 2534 488 2618 Ourzula,
512 2533 565 2615 qui
587 2552 649 2599 non
672 2535 794 2616 possint
815 2537 954 2602 alienare
976 2537 1059 2603 bona
1081 2557 1139 2604 sua
1161 2543 1195 2602 et
1217 2537 1243 2602 si
1266 2537 1336 2617 quis
1356 2538 1487 2609 emeret,
1509 2549 1584 2612 pcr-

343 2639 399 2706 dat
420 2639 589 2720 pecunias;
612 2639 774 2719 petierunt
795 2639 901 2722 igitur,
925 2647 960 2706 ut
982 2643 1222 2708 instrumentum
1245 2641 1285 2706 de
1309 2639 1365 2706 teli
1398 2637 1585 2704 uenditione

343 2762 466 2810 cassum
495 2750 529 2810 et
557 2743 751 2810 annullatum
780 2745 821 2809 sit
850 2751 884 2811 et
911 2747 1091 2830 praedictus
1121 2745 1269 2812 Nicolaus
1292 2743 1436 2809 Malerba
1466 2739 1586 2822 perdat

343 2849 492 2931 pecunias
515 2848 625 2930 uigore
648 2849 750 2914 dictae
774 2850 852 2932 legis
875 2857 909 2917 et
937 2853 1044 2919 audito
1073 2851 1204 2916 Nicolao
1227 2849 1370 2916 Malerba
1398 2847 1526 2912 dicente
1549 2851 1586 2910 ct

341 2973 376 3019 se
398 2959 577 3033 excusante,
601 2953 695 3018 talem
718 2953 820 3036 legem
831 2955 1005 3038 ignorasse,
1028 2975 1101 3022 nam
1124 2956 1149 3021 si
1166 2956 1224 3021 hoc
1239 2955 1392 3052 sciuisset,
1410 2951 1582 3034 praedicta

341 3059 424 3124 bona
447 3077 509 3123 non
532 3059 677 3124 emisset:
703 3060 756 3141 qui
778 3060 959 3144 magnificus
982 3061 1125 3128 dominus
1148 3079 1253 3127 comes
1275 3061 1369 3128 iussit
1395 3055 1582 3140 praefatum

339 3164 502 3230 Nicolaum
524 3164 700 3230 Malerbam
711 3167 870 3248 pecunias,
894 3168 1007 3249 qrribus
1020 3167 1097 3234 emit
1119 3168 1204 3234 dicta
1217 3167 1308 3244 bona,
1332 3166 1365 3230 in
1383 3161 1578 3229 cancellaria

341 3287 503 3350 reponere,
527 3275 561 3336 et
582 3270 651 3334 uisa
674 3270 744 3352 lege
769 3272 851 3336 tales
880 3273 1078 3340 uenditiones
1108 3271 1177 3340 fieri
1207 3270 1402 3354 prohibente,
1426 3267 1583 3335 determi-
1681 3283 1683 3314 ³

338 3373 427 3439 nouit
449 3380 482 3440 et
503 3374 708 3440 sententiauit
731 3376 827 3442 talem
849 3380 1038 3460 emptionem
1061 3385 1095 3445 et
1117 3377 1330 3446 uenditionem
1358 3373 1427 3440 iore
1448 3373 1577 3438 nullam

340 3487 374 3544 et
395 3479 511 3545 nullius
542 3480 669 3559 ualoris,
700 3499 736 3546 ac
766 3483 793 3548 si
821 3502 980 3566 nunquam
1010 3483 1094 3550 iacta
1124 3483 1237 3550 fuisset
1265 3486 1298 3548 et
1333 3482 1582 3548 instrumentum

338 3584 517 3666 praedictae
540 3573 731 3651 uenditionis
753 3592 786 3652 et
808 3590 977 3670 emptionis
1009 3589 1125 3656 debere
1148 3588 1267 3654 cassari
1290 3593 1324 3653 et
1345 3584 1513 3662 annullari,
1540 3605 1581 3650 ac

339 3689 366 3755 si
387 3707 546 3777 nunquam
569 3689 687 3756 iactum
710 3711 766 3757 seu
788 3694 939 3778 scriptum
961 3693 1080 3760 fuisset.
1106 3693 1270 3759 Nicolaum
1299 3708 1376 3756 uero
1399 3688 1580 3754 Malerbam

339 3801 522 3878 emptorem,
545 3796 692 3877 quoniam
715 3798 909 3879 praedictam
932 3799 1034 3882 legem
1056 3799 1222 3883 ignorauit,
1245 3795 1581 3877 tamquam'inuocen-
1680 3809 1682 3882 J

338 3905 402 3966 tem
425 3919 444 3964 a
473 3917 577 3981 poena
606 3919 665 3982 per
695 3904 910 3984 supradictam
940 3905 1042 3985 legem
1072 3903 1221 3988 imposita
1250 3901 1397 3968 liberauit
1426 3905 1460 3966 et
1489 3899 1580 3982 quod

337 4003 438 4069 dictes
462 4005 619 4086 pecunias,
644 4007 756 4087 quibus
779 4009 943 4090 praedicta
964 4011 1047 4076 bona
1068 4009 1152 4088 emit,
1175 4009 1314 4090 integras
1336 4006 1463 4089 acipiat

379 4107 415 4172 ln
438 4108 519 4175 libro
543 4110 575 4192 iij
599 4111 834 4178 sententiarum.

773 4311 823 4350 nv.
847 4311 968 4354 nnots1o
992 4309 1114 4356 nonnum

573 4386 607 4440 de
625 4387 686 4442 vino
705 4403 759 4442 non
776 4388 914 4444 vendendo
932 4397 1010 4445 extra
1028 4390 1166 4445 ciuitatem
1184 4391 1212 4445 in
1230 4390 1322 4460 burgo.

377 4508 437 4574 Die
459 4511 523 4595 viij.
546 4509 668 4595 Martij.
694 4509 863 4598 Mccccaoij.

378 4629 491 4699 Coram
514 4631 679 4713 magnifico
710 4639 742 4699 et
772 4653 927 4715 generoso
958 4637 1083 4703 domino
1113 4637 1275 4704 Dominico
1305 4637 1482 4721 Theupulo,
1514 4658 1571 4722 pro

334 4735 543 4806 illustrissimo
566 4742 599 4804 et
621 4737 884 4806 excellentissimo
907 4741 1009 4806 ducali
1032 4742 1170 4810 dominio
1193 4742 1397 4810 venetiarum
1430 4748 1492 4810 etc.
1516 4762 1568 4812 co·
