3416 5350
289 375 349 438 lon

288 582 322 642 et
345 575 388 640 si¹
411 575 480 641 sine
502 573 609 655 eliquo
625 573 717 639 titulo
735 574 835 655 ipsum
851 592 916 638 rem
934 573 1130 655 possiderit²,
1155 573 1277 638 unullo
1295 573 1398 654 possit
1412 574 1525 654 inquio·

287 681 358 748 turi.
383 679 435 744 uel
460 677 634 754 molestari,
659 695 718 742 nee
742 678 836 742 alicui
860 678 1054 758 respondere
1077 684 1209 758 cogatur
1234 695 1332 758 supro
1356 677 1439 742 dicte
1460 697 1527 759 pos·

288 785 450 850 sessione:
475 801 513 848 eo
537 783 636 862 seluo,
660 781 685 846 si
709 801 759 848 res
783 787 891 848 essent
914 799 1095 847 communes
1119 783 1202 846 inter
1224 779 1349 860 tratres,
1375 787 1526 862 parentes,

291 888 550 972 consanguineos,
575 887 701 964 amieos,
726 886 840 969 socios,
864 886 918 950 uel
942 891 1117 968 consortes
1143 885 1227 967 quod
1244 885 1331 950 dicte
1346 886 1526 967 prescriptio

294 993 326 1056 in
349 991 418 1056 iure
441 992 593 1072 ipsorum,
616 990 669 1054 uel
693 990 825 1054 alieuius
853 1007 962 1054 eorum
985 1007 1047 1053 non
1071 989 1174 1070 possit
1202 989 1248 1052 eis
1279 989 1407 1068 aliquod
1429 990 1526 1070 prein-

294 1097 406 1162 ditium
430 1113 593 1178 generare.
690 1117 697 1122 ·
861 1077 864 1086 ¹

553 1327 619 1368 ΟΔΡ.
644 1325 738 1367 dxxv.
765 1325 805 1366 Dlll
828 1325 1021 1368 OOMMODA'PO
1044 1325 1084 1366 ΕΤ
1106 1323 1266 1366 nnnosl'm.

337 1443 418 1508 Item
442 1447 596 1508 statutum
620 1447 653 1507 et
675 1441 854 1508 mdinatum
878 1446 936 1518 est,
960 1441 1046 1518 quod
1066 1441 1092 1505 si
1109 1439 1179 1520 quis
1196 1440 1450 1518 commodauerit
1475 1441 1522 1505 uel

290 1545 484 1627 disposuerit
506 1545 601 1610 alicui
624 1545 761 1626 aliquem
787 1561 852 1611 rem
880 1543 931 1610 et³
961 1545 994 1609 in
1027 1544 1161 1609 termino
1185 1544 1348 1610 intereos
1371 1545 1526 1625 assignato

294 1651 395 1731 ipsum
425 1669 492 1716 rem
524 1649 756 1726 commodanti,
787 1649 838 1714 uel
868 1649 1037 1730 deponenti
1070 1648 1142 1726 ille,
1178 1648 1231 1729 qui
1265 1667 1333 1713 eam
1369 1649 1528 1730 receperit,

296 1754 498 1833 rsussignore
510 1759 543 1818 et
554 1755 725 1818 restituere
749 1753 957 1830 uoluerit,sibi
974 1771 1043 1817 eam
1056 1753 1322 1832 reessignendoin
1336 1771 1376 1818 eu
1387 1751 1530 1838 bonitate,

292 1877 355 1940 quo
378 1863 447 1924 eret
468 1863 613 1938 ternpore
637 1857 711 1946 lecti
735 1857 881 1938 depositi,
906 1858 959 1922 uel
986 1855 1194 1923 commodati:
1218 1861 1251 1922 et
1275 1857 1486 1923 commodatur
1500 1863 1532 1922 et

296 1963 458 2042 deponens
488 1979 558 2026 eam
589 1965 730 2041 recipere
764 1961 901 2026 noluerit
934 1969 967 2026 et
989 1969 1104 2042 postea
1125 1980 1177 2026 res
1200 1961 1269 2042 ipse
1302 1960 1451 2040 perierit,
1480 1959 1531 2025 uel

296 2067 465 2130 deunstote
496 2064 609 2138 luerit,
641 2071 718 2129 tune
748 2065 921 2143 periculum
951 2071 985 2130 et
1015 2065 1183 2130 damnum*
1214 2065 1311 2144 ipsius
1342 2065 1388 2129 rei
1419 2065 1460 2129 sit
1488 2064 1533 2129 et‘

294 2169 522 2235 commodentis
545 2169 597 2232 uel
621 2169 716 2232 etiem
740 2168 941 2248 deponentis.
1499 2193 1501 2196 ·

382 2415 450 2458 OAP·
474 2415 582 2456 LXXVI.
618 2415 659 2455 nn
683 2415 893 2457 OONFESSIONE
916 2415 1105 2456 unnmnoms
1128 2415 1202 2457 Poen
1224 2415 1454 2457 mmmmm.

342 2531 422 2595 item
446 2535 599 2595 statutum
625 2535 658 2594 et
682 2529 862 2593 ordinatum
892 2535 948 2606 est,
981 2530 1115 2610 quodsi
1139 2529 1253 2611 aliquis
1277 2529 1462 2594 pendiderit
1483 2529 1537 2594 ali·

299 2653 392 2716 quem
415 2653 483 2700 rem
507 2633 600 2698 elicui
625 2640 658 2698 ot
682 2634 721 2698 de
744 2633 927 2700 uenditione
943 2641 1097 2716 apparent
1112 2633 1271 2716 publicum
1288 2633 1541 2712 instrumentum

297 2739 382 2820 quod
406 2738 433 2802 si
457 2737 604 2802 uenditor
634 2743 747 2818 postea
780 2737 898 2818 aliquid
922 2738 1022 2816 dieat,
1056 2739 1106 2803 uel
1138 2735 1329 2803 confiteatur
1358 2738 1392 2802 in
1415 2737 1537 2816 iuditio,

299 2842 352 2907 uel
383 2848 472 2908 extre
503 2841 647 2905 iuditium
671 2847 781 2905 contre
804 2846 977 2923 emptorem
1003 2842 1042 2906 de
1074 2842 1159 2906 dieta
1182 2859 1216 2905 ue
1240 2841 1389 2922 uendite,
1425 2841 1542 2908 uelde

298 2963 346 3022 eo,
381 2945 464 3025 quod
496 2950 602 3026 potest
630 2945 671 3010 ed
702 2944 817 3009 dictem
849 2963 916 3010 rem
947 2945 1109 3010 uenditem
1138 2947 1319 3026 pertinere
1356 2945 1442 3026 quod
1477 2945 1542 3012 tale

299 3050 419 3115 dietum
443 3056 476 3116 et
498 3047 656 3113 confessio
679 3048 781 3130 ipsius
805 3049 981 3114 uenditoris
1005 3051 1089 3114 dioto
1112 3051 1246 3130 emptori
1278 3049 1330 3114 uel
1353 3049 1420 3114 suis
1453 3048 1543 3115 here·

301 3153 392 3220 dibus
417 3158 474 3217 eut
495 3152 732 3217 suecessoribus
756 3152 876 3216 nullum
900 3153 1105 3233 preluditium
1129 3152 1246 3218 debeat
1268 3171 1435 3233 generare.

661 3399 728 3442 GAP.
753 3399 874 3440 LXXVII.
903 3401 945 3441 mu
969 3398 1177 3442 osssmnnsus,

345 3515 426 3580 Item
450 3517 607 3578 statutum
630 3519 662 3580 et
686 3515 863 3580 ordinatum
887 3519 952 3598 est,
985 3514 1068 3596 quod
1093 3516 1120 3578 si
1144 3533 1201 3596 per
1224 3515 1362 3595 aliquem
1385 3515 1546 3579 forensem

301 3617 359 3682 liet
387 3618 495 3698 ulique
526 3618 626 3682 cessio
658 3618 791 3683 alieuius
821 3617 915 3696 iuris,
949 3617 1001 3682 uel
1033 3617 1165 3683 sotionis
1200 3617 1293 3682 elicui
1325 3619 1385 3682 uiui
1422 3617 1549 3698 Spoleti

302 3727 413 3787 eontra
435 3721 530 3785 elium
556 3721 667 3798 uiuem,
692 3722 775 3802 quod
798 3721 872 3786 tulis
896 3722 995 3787 cessio
1019 3739 1081 3786 non
1104 3722 1229 3800 ualeat,
1263 3739 1321 3785 nee
1351 3726 1462 3787 teneat
1484 3721 1547 3784 ullo

305 3825 504 3906 modo,quie
529 3829 664 3890 nonest
694 3825 903 3906 conueniens,
938 3825 1023 3904 quod
1053 3825 1140 3890 eines
1172 3823 1294 3906 Spoleti
1328 3831 1441 3890 contre
1475 3841 1549 3890 suos

303 3927 423 3994 uicinos
455 3947 474 3992 e
502 3927 681 3993 forensibus
704 3929 859 3993 rediment
884 3929 1035 3994 actiones.
1068 3927 1101 3992 Si
1126 3947 1201 3992 uero
1225 3929 1329 3994 cessio
1351 3927 1410 3993 fiat
1432 3947 1454 3992 e
1477 3929 1546 3992 ciue

306 4029 427 4114 Spoleti
451 4031 481 4094 in
507 4032 602 4096 elium
626 4031 743 4109 ciuem,
774 4038 830 4096 aut
852 4031 937 4113 quod
962 4033 1115 4097 consedet
1137 4032 1197 4097 sibi
1223 4034 1291 4108 ius,
1326 4033 1475 4097 roborem
1500 4029 1549 4094 uel

306 4135 450 4218 uigorem
474 4135 606 4200 alicuius
628 4137 713 4214 iuris,
739 4135 789 4201 uel
814 4135 946 4201 alieuius
969 4135 1085 4217 publioi
1110 4135 1321 4214 instrumenti,
1346 4135 1456 4200 ualeat
1480 4135 1547 4216 ipse

305 4238 424 4320 sessio,
459 4238 516 4302 sed
541 4239 566 4302 si
590 4241 661 4320 ipse
684 4240 784 4304 cessio
807 4237 864 4303 fiet
888 4240 928 4305 de
950 4240 1057 4321 ulique
1080 4259 1114 4304 re
1146 4239 1300 4322 litigiose,
1333 4238 1374 4304 de
1407 4257 1472 4320 qua
1493 4237 1549 4304 sit⁶

353 4449 363 4483 ¹
387 4450 472 4510 Ood.
497 4449 601 4509 aood.
626 4449 650 4506 B
674 4455 703 4508 et
726 4467 764 4524 ep
798 4449 924 4525 ujus:
953 4447 1116 4524 „etinmsi“.
1196 4445 1286 4523 ¹Ap.
1313 4448 1440 4524 ujus:
1468 4465 1548 4525 ,pos-

306 4532 445 4600 sederit“.
519 4534 654 4594 ³Deest
677 4537 704 4593 in
728 4536 806 4594 cod.
831 4536 937 4595 need.
962 4535 998 4594 A.
1080 4531 1200 4594 4(iod.
1225 4536 1331 4594 seed.
1356 4535 1397 4596 B:
1427 4536 1546 4616 ,dump-

307 4618 407 4684 nnm“.
479 4619 491 4656 ⁶
514 4623 605 4684 Deest
628 4639 677 4698 up.
699 4622 807 4698 Ljub.
880 4621 891 4656 ⁶
913 4623 1006 4682 Deest
1034 4621 1062 4680 in
1085 4622 1161 4686 eod.
1186 4621 1288 4686 acad.
1305 4621 1343 4684 A.
