3398 5354
1334 415 1396 477 231

166 615 302 682 formam
325 619 517 683 statutorum
540 615 678 682 ciuitatis
702 613 833 697 sudati,
866 615 952 697 quod
974 616 1015 683 de
1036 615 1097 682 hoc
1118 617 1221 699 possit
1242 618 1400 686 iusticiam

164 723 277 802 petere
300 721 333 786 in
355 719 424 786 foro
454 720 593 786 ciuitatis
625 718 765 803 Spalati¹
787 725 821 787 et
842 719 928 802 quod
958 720 1027 804 ipsa
1058 721 1184 803 questio
1214 723 1403 790 terminetur

163 825 248 891 inter
271 842 327 892 eos
349 825 522 892 secundum
552 829 672 892 statuta
702 825 839 892 ciuitatis
871 823 1003 911 Spalati,
1036 845 1099 893 non
1129 828 1286 910 obstante,
1317 828 1402 910 quod

163 927 249 997 inter
271 927 344 998 eos²
365 929 398 996 in
420 930 483 997 alio
506 929 575 997 foro
597 929 692 996 aliter
714 929 875 997 sententia
895 930 962 996 lala
984 935 1079 998 osset.

584 1179 651 1224 oal’.
674 1181 786 1223 nxxm.
809 1181 852 1224 DE
872 1180 990 1224 EODEM·

207 1296 293 1364 Item
315 1301 471 1364 statutum
493 1301 528 1364 et
550 1297 731 1364 ordinatum
761 1301 820 1383 est,
852 1297 986 1379 quodsi
1009 1301 1160 1380 patronus
1190 1296 1285 1364 lembi
1315 1297 1401 1366 ultra

169 1405 411 1471 conuenientem
426 1403 553 1470 modum
569 1407 716 1488 cargaret
737 1402 866 1486 aliquod
887 1403 1024 1469 lembum
1042 1407 1076 1470 et
1091 1402 1257 1468 ιίιιιιιιιιιιιι8
1273 1402 1401 1484 aliquod

165 1513 339 1592 propterea
360 1508 512 1594 eueniret,
536 1507 621 1591 quod
643 1507 723 1572 illud
746 1507 912 1574 damnum*
934 1507 1119 1574 emendetur
1141 1525 1199 1590 per
1221 1510 1400 1590 patronum.

165 1612 211 1679 lli
226 1613 373 1680 similium
389 1612 417 1679 si
431 1611 545 1695 aliquis
566 1619 724 1680 mercator
738 1612 823 1678 ultra
840 1611 969 1679 modum
991 1613 1233 1680 conuenientem
1256 1617 1402 1697 cargaret

165 1717 296 1800 aliquod
318 1718 456 1784 lembum
479 1723 513 1784 et
527 1723 699 1802 propterea
721 1717 849 1799 aliquod
872 1717 1038 1784 damnnm⁶
1060 1718 1205 1784 eueniret
1226 1717 1259 1782 in
1281 1733 1400 1784 meroa-

162 1822 314 1903 tionibus,
347 1824 431 1905 quod
459 1829 564 1890 totum
592 1822 671 1890 illud
701 1821 866 1889 damnum⁶
888 1822 1050 1889 emendari
1080 1823 1196 1890 debeat
1226 1821 1400 1905 perillum

163 1927 262 1994 telem
284 1933 502 1996 mercatorem.

161 2177 230 2222 on.
256 2178 365 2221 ῙιΧΧΠ.
395 2179 437 2221 DE
463 2177 602 2222 nomos
631 2177 695 2220 lion
723 2177 947 2280 nudemus
975 2179 1036 2223 lilio
1064 2177 1272 2222 annonarium
1301 2176 1401 2222 rum

626 2265 731 2309 IUBOB
754 2265 910 2309 ormnem
929 2292 936 2306 .

207 2382 290 2448 Item
313 2387 468 2448 smtutum
483 2387 516 2448 et
532 2382 711 2449 ordinatum
728 2386 787 2460 est,
811 2381 895 2464 quod
910 2383 1015 2449 nullus
1038 2382 1154 2450 audeat·
1169 2383 1221 2450 uel
1236 2390 1402 2465 presumat

163 2487 315 2567 uendere,
348 2488 498 2570 alienare,
529 2505 589 2553 nec
610 2487 716 2568 aliquo
738 2488 801 2553 alio
823 2487 917 2554 modo
948 2487 1000 2552 uel
1030 2487 1124 2553 titulo
1147 2486 1322 2558 transferre
1345 2495 1401 2556 ant

163 2593 339 2659 concedere
365 2591 458 2659 alicui
489 2591 626 2674 aliquam
656 2593 778 2677 turrim,
809 2609 867 2658 nec
897 2591 1035 2674 aliquam
1065 2591 1158 2657 aliam
1189 2592 1316 2658 domum
1345 2599 1402 2660 aut

163 2697 346 2764 camardam
368 2697 577 2777 adherentem
606 2714 696 2762 muro
725 2697 900 2762 communis
923 2697 1063 2764 ciuitatis
1086 2696 1216 2779 Spalsti,
1247 2715 1306 2763 nec
1329 2699 1400 2781 ciui,

162 2819 224 2868 nec
246 2801 373 2882 forensi,
396 2819 455 2868 nec
476 2801 600 2880 clerico,
625 2819 683 2868 nec
705 2800 794 2884 layco
818 2802 887 2867 sine
909 2800 1038 2884 speciali
1060 2819 1216 2867 consensu
1231 2807 1265 2868 el
1280 2801 1399 2868 delibo-

162 2905 306 2973 ratione⁸
328 2907 449 2988 consilij
480 2906 639 2990 generalis
669 2906 807 2973 ciuitatis
840 2905 962 2988 Spalati
993 2905 1098 2988 aliquo
1128 2905 1255 2988 quesito
1284 2907 1399 2986 colore,

162 3029 223 3078 nec
245 3012 364 3078 directe
386 3029 445 3078 nec
467 3011 748 3086 etiamindirecte.
779 3012 823 3077 nt
845 3011 897 3094 qui
921 3015 1031 3076 contra
1054 3009 1175 3092 iecerit,
1199 3010 1231 3074 in
1255 3011 1400 3078 ducentis

164 3117 258 3182 libris
282 3115 495 3183 Venetorum⁹
516 3135 685 3200 pannorum
716 3115 828 3183 dandis
851 3121 883 3182 et
906 3115 1066 3182 soluendis
1096 3115 1252 3182 communi
1276 3113 1399 3197 Spalati

166 3221 493 3289 irremissionabiliter
521 3221 748 3289 condemnetur
770 3225 803 3286 et
826 3219 1028 3286 nibilominus
1051 3220 1126 3284 telis
1149 3219 1300 3299 uenditio
1324 3236 1399 3287 oon·

163 3326 276 3409 cessio,
308 3331 488 3392 contractus
510 3331 566 3392 aut
588 3327 736 3394 alienatio
759 3324 902 3408 quelibet
923 3325 994 3408 ipso
1014 3325 1084 3390 iure
1106 3341 1169 3388 non
1191 3323 1308 3407 ualeat,
1338 3341 1399 3390 nec

162 3435 282 3510 teneat,
313 3448 386 3512 ymo
416 3431 486 3513 ipso
516 3429 600 3498 facto
631 3437 665 3497 et
692 3432 762 3513 ipso
793 3432 872 3513 inre,
898 3429 925 3496 si
956 3427 1170 3496 contractus¹⁰
1199 3426 1300 3502 fieret,
1330 3427 1401 3509 ipsa

163 3536 263 3601 turris
279 3535 332 3600 uel
348 3535 469 3614 domus,
494 3535 546 3602 uel
562 3535 711 3602 camarda
725 3535 834 3602 taliter
849 3534 989 3613 uendite,
1012 3550 1171 3612 concessa,
1195 3533 1247 3598 uel
1263 3532 1401 3598 alienata

163 3641 198 3706 in
221 3639 396 3706 continenti
428 3639 577 3707 deueniat
597 3641 631 3706 in
653 3641 782 3723 plenum
812 3639 983 3706 dominium
1006 3644 1035 3703 ei
1060 3637 1293 3719 possessionem
1316 3653 1400 3702 com·

165 3745 271 3811 munis
286 3743 409 3828 Spalati
432 3749 465 3811 et
486 3763 544 3828 pro
568 3761 733 3812 commune
755 3743 878 3827 Spalati
900 3748 1056 3827 perpetuo
1080 3741 1196 3809 debeat
1218 3741 1399 3824 gubernari.

214 3955 225 3992 ¹
258 3958 377 4019 Verba:
415 3958 510 4040 „inter
541 3958 610 4018 eos“
647 3973 740 4032 nsque
774 3957 832 4018 ad:
873 3954 1023 4039 „Spalaffl
1058 3955 1164 4015 desunt
1196 3970 1244 4030 ap.
1278 3951 1304 4011 L
1311 3951 1326 4028 j
1339 3951 1399 4012 ub.

169 4041 183 4080 ¹
214 4045 329 4106 Verba:
363 4045 540 4124 „secundnm
562 4079 604 4088 -
626 4039 696 4104 eos“
729 4044 834 4104 desunt
862 4044 951 4105 ibid.
1066 4037 1077 4076 ³
1106 4040 1192 4103 (lod.
1223 4039 1328 4101 acad.
1358 4037 1401 4099 B:

168 4131 380 4212 ‚,dnmpnum“.
483 4129 606 4193 *ibid
630 4150 656 4192 e.
679 4149 718 4191 m.
821 4129 946 4190 ⁶ibid.
970 4147 996 4190 e.
1019 4149 1057 4190 m.
1164 4125 1288 4188 ‘ibid
1310 4143 1336 4187 e.
1360 4143 1400 4184 m.

170 4218 263 4296 7Δρ.
294 4220 319 4279 L
323 4219 421 4297 jub.:
454 4220 519 4294 „De
547 4220 632 4279 bonis
663 4218 848 4294 acquirendis
877 4237 896 4278 a
925 4210 1161 4278 communitatffl.
1273 4209 1287 4247 ⁸
1313 4211 1400 4274 cod.

166 4307 275 4369 acad.
299 4306 343 4366 A:
368 4307 591 4390 „liberatione“.
663 4303 804 4368 'ibide
831 4305 1062 4384 „venetiarum“.
1132 4301 1269 4363 1⁰liod.
1293 4299 1401 4360 acad.

164 4393 192 4456 A
214 4399 245 4456 et
265 4395 307 4455 B:
332 4393 563 4472 „contractum“.
1406 4401 1408 4406 '
