3398 5354
360 345 420 410 188

354 547 475 624 iecerit,
499 548 601 616 soluat
624 549 778 615 communi
802 567 859 632 pro
882 549 986 615 banuo
1009 549 1259 632 uigintiquinque
1274 550 1371 617 libras
1387 557 1420 618 et
1434 551 1588 618 emendet

354 653 521 718 damnum¹
553 673 610 720 seu
639 653 829 719 laborosium
862 653 988 720 domino
1020 654 1133 736 operis.
1167 655 1211 722 Et
1232 655 1348 733 {rector
1379 661 1412 722 et
1435 653 1589 721 offitiales

353 756 436 838 dicte
460 757 600 823 ciuitatis
623 757 748 823 uinculo
773 760 963 824 sacramenti
986 757 1104 824 faciant
1125 759 1358 840 inquisitionem
1377 759 1416 824 de
1432 757 1591 842 predictis

352 867 387 928 et
408 860 673 930 contrafacientes
696 861 810 945 punire
832 863 864 928 in
886 863 977 944 penis
1001 861 1181 928 oromatisl.

351 1129 419 1174 UAP.
453 1129 550 1174 oxxn.
582 1129 665 1183 QUOD
694 1130 825 1173 numum
853 1131 986 1174 IAEHBUH
1017 1131 1183 1174 olemus
1203 1131 1265 1174 unu
1286 1131 1497 1176 mommsen
1518 1133 1589 1175 ml

743 1217 777 1260 IN
799 1216 900 1260 POBTU
922 1218 1032 1262 SANO'H
1053 1217 1189 1261 mooun.

394 1351 475 1417 Item
505 1353 659 1416 statutum
689 1354 722 1417 et
744 1350 922 1417 ordinatum
945 1355 1003 1430 est,
1035 1351 1120 1433 quod
1150 1351 1190 1418 de
1217 1357 1323 1418 cetero
1353 1351 1458 1434 alique
1481 1372 1584 1420 naues

351 1473 450 1540 pan-up
473 1455 526 1522 uel
547 1473 662 1537 magne
686 1455 911 1538 cuiuscumque
934 1456 1119 1522 conditionis
1141 1457 1288 1542 existant,
1311 1475 1373 1522 nou
1396 1458 1535 1524 debeant
1549 1457 1585 1523 iu
1688 1483 1690 1536 3

351 1568 444 1644 portu
469 1559 587 1642 Salona
608 1560 739 1627 couduci
764 1560 1026 1646 attondendum,
1050 1561 1104 1626 uel
1120 1559 1363 1640 exonerandum,
1388 1579 1445 1628 uec
1459 1561 1536 1628 alibi
1551 1563 1587 1627 iu
1688 1559 1690 1570 ’

352 1665 498 1731 districtu
521 1663 653 1746 Spaloti,
685 1665 745 1729 nisi
768 1663 800 1728 iu
822 1671 918 1746 portu
940 1665 1040 1731 sancti
1063 1665 1184 1731 Nicolai
1207 1665 1344 1730 ciuitatis
1370 1663 1501 1748 Spalati,
1524 1685 1587 1733 uec

350 1788 409 1851 per
431 1769 526 1851 ciues,
550 1787 608 1834 uec
623 1788 681 1851 per
696 1766 849 1834 forenses.
874 1769 918 1834 Et
932 1769 959 1836 si
975 1768 1203 1835 contrafactum
1218 1768 1323 1852 fuerit,
1340 1771 1425 1850 quod
1440 1770 1588 1851 quelibet

351 1891 486 1956 persona
509 1871 748 1952 contusionem,
777 1873 804 1937 si
825 1873 993 1939 deuenerit
1015 1876 1047 1938 in
1069 1873 1196 1939 fortiam
1219 1874 1334 1940 domini
1357 1876 1526 1954 potestatis
1548 1881 1586 1940 at
1689 1943 1690 1948 ,

350 1978 482 2044 rectoris
504 1977 588 2058 dicte
611 1975 756 2052 ciuitatis,
782 1976 834 2058 qui
850 1995 908 2058 pro
926 1981 1070 2058 tempore
1086 1977 1191 2054 fuerit,
1215 1979 1240 2043 si
1256 1978 1298 2044 sit
1312 1985 1463 2060 patronus
1478 1979 1584 2058 nauis,

350 2084 446 2162 burae
468 2081 521 2147 uel
544 2080 673 2147 alterius
695 2079 892 2166 conditionis,
915 2080 948 2146 iu
971 2081 1198 2164 quinquaginta
1219 2082 1306 2148 libris
1322 2081 1579 2164 condemnetur³,

350 2187 378 2252 ei
398 2183 595 2263 mantuanus,
624 2182 769 2264 famulus,
794 2203 850 2252 seu
872 2204 952 2266 puer
975 2185 1048 2250 dicti
1071 2185 1196 2268 patroni
1219 2191 1252 2252 et
1273 2185 1406 2267 quilibet
1427 2165 1582 2268 prestans

349 2289 507 2366 ducatum,
537 2287 695 2368 auxilium,
726 2288 778 2354 uel
807 2287 950 2356 fauorem
981 2289 1064 2354 dicto
1095 2295 1238 2370 patrono,
1271 2291 1304 2354 iu
1326 2289 1584 2372 uigintiquinque

349 2393 437 2458 libris
460 2391 703 2459 condemnetur‘
733 2411 790 2474 pro
824 2392 980 2474 quolibet⁶
1004 2401 1037 2458 et
1059 2411 1110 2459 res
1132 2411 1251 2477 omues,
1284 2395 1311 2459 si
1334 2395 1404 2475 capi
1425 2396 1582 2476 poterint,

350 2496 519 2565 deueniaut
533 2497 565 2562 iu
581 2515 743 2564 commune
758 2495 880 2580 Spalati
895 2503 928 2564 et
944 2499 1042 2578 nauis,
1066 2498 1092 2564 si
1109 2499 1177 2579 capi
1193 2498 1335 2580 poteritl,
1359 2499 1580 2564 cumben-atur²

350 2622 388 2671 ex
410 2606 478 2668 toto
500 2602 532 2666 iu
555 2601 640 2668 dicto
662 2608 757 2684 portu
779 2603 877 2668 sancti
900 2601 1024 2668 Nicolai
1045 2604 1078 2668 iu
1100 2608 1185 2669 terra
1208 2604 1297 2668 sicco.
1332 2603 1377 2669 Et
1398 2603 1426 2668 si
1444 2603 1584 2684 predicti

350 2706 567 2774 condemnati⁸
589 2707 690 2774 dictas
713 2706 1009 2774 condemnationes’
1023 2706 1148 2773 soluere
1164 2725 1227 2772 nou
1242 2715 1383 2790 possent
1406 2713 1494 2773 stent
1508 2726 1584 2789 par-

348 2816 444 2895 petuo
459 2813 491 2877 iu
506 2811 667 2878 caroare²⁰
682 2812 855 2878 communis
872 2809 1001 2893 Spoleti,
1026 2810 1126 2878 donec
1142 2810 1242 2879 dictus
1264 2811 1579 2877 condemnationos¹¹

349 2917 491 2996 soluaut;
522 2921 555 2984 et
582 2917 637 2997 qui
658 2915 736 3001 lcapi
762 2934 825 2984 nou
853 2916 971 2999 poterit
1000 2914 1040 2982 de
1069 2915 1231 2998 prpdictis,
1262 2915 1303 2982 sit
1331 2915 1580 2998 inperpetuum

347 3021 533 3089 exbauuitus
548 3021 729 3104 ,communis
753 3019 875 3104 Spalati
904 3025 938 3087 et
966 3021 998 3085 iu
1028 3021 1109 3087 libro
1132 3018 1373 3087 exbauuitorum
1395 3019 1471 3086 dicti
1494 3039 1582 3087 com-

347 3127 450 3192 munis
473 3126 630 3193 scribatur
652 3127 693 3192 ad
715 3133 904 3210 perpetuom
926 3125 1120 3192 memoriam.

390 3231 433 3296 Et
454 3230 540 3296 istud
563 3235 716 3297 statutum
741 3233 783 3298 sit
802 3233 959 3312 prqcisum
979 3235 1012 3296 et
1027 3235 1181 3312 truncum,
1204 3229 1260 3310 ita,
1283 3229 1369 3311 quod
1385 3228 1585 3297 nullomodo

347 3335 447 3417 possit
468 3335 631 3417 suspendi,
655 3335 734 3416 tolli,
758 3335 890 3418 cassari,
914 3335 1064 3414 reuocam',
1088 3334 1141 3400 uel
1159 3333 1318 3401 remoueri
1332 3351 1391 3415 per
1405 3333 1606 3438 consilium·

348 3457 522 3521 arrengum,
545 3457 603 3507 uec
617 3439 679 3508 alio
695 3457 820 3522 quoque
836 3439 939 3506 modo.
962 3439 1005 3505 Et
1020 3444 1132 3521 rector,
1156 3439 1211 3520 qui
1225 3437 1364 3520 aliquam
1382 3439 1580 3520 propositam

348 3541 468 3610 faceret
490 3549 602 3609 contra
621 3541 754 3611 formam
774 3543 932 3626 presentis
947 3543 1059 3609 statuti
1073 3543 1106 3608 in
1122 3541 1226 3624 aliquo
1242 3540 1382 3620 consilio,
1405 3542 1459 3607 uel
1473 3541 1583 3623 parla-

346 3653 454 3714 meuto
477 3647 561 3729 dicte
584 3647 730 3722 ciuitatis,
753 3648 785 3714 iu
808 3654 933 3715 centum
956 3647 1045 3714 libris
1061 3647 1100 3714 de
1115 3663 1172 3712 suo
1188 3645 1304 3712 salario
1319 3645 1580 3712 condemnetur¹'

346 3753 414 3818 sine
443 3751 550 3836 aliqua
579 3752 781 3833 remissione3
814 3757 847 3820 et
878 3753 1067 3835 quicumque
1099 3754 1286 3835 arrengsret
1314 3756 1426 3816 contra
1445 3748 1580 3816 formam

346 3857 506 3938 presentis
528 3857 653 3940 statuti,
676 3857 708 3922 iu
730 3857 820 3924 libris
844 3857 1071 3940 quinquaginta
1093 3854 1413 3922 irremissionabililer
1434 3855 1580 3921 condem·

346 3959 481 4027 netur¹³.

344 4112 549 4124 -u--n-

394 4191 405 4227 ¹
427 4193 513 4255 Ood.
531 4193 633 4254 acad.
650 4193 690 4253 B:
717 4185 926 4274 „dampnum“.
996 4188 1008 4226 ²
1023 4190 1080 4266 Ap.
1097 4191 1122 4250 L
1126 4190 1223 4267 jub:
1243 4189 1290 4264 „iu
1305 4189 1425 4249 ciuitate
1442 4188 1579 4264 Spalati“.

351 4279 468 4342 3(30(1.
493 4281 595 4341 acad.
619 4280 660 4340 B:
687 4277 963 4362 „condempnetur“.
1035 4275 1154 4337 *ibid
1179 4293 1205 4336 e.
1229 4295 1266 4336 m.
1348 4273 1439 4351 ⁶Ap.
1462 4276 1578 4351 Ljub.:

349 4367 499 4452 „eomm“.
571 4365 582 4402 ⁶
613 4366 788 4448 ¹‚deusculant
809 4400 850 4408 -—
872 4365 996 4440 potorit“
1031 4365 1113 4424 deest
1141 4363 1232 4424 ibid.
1303 4360 1315 4396 ⁷
1345 4363 1454 4422 ibid:
1486 4380 1575 4436 ¹,com-

349 4448 520 4516 burantur“.
613 4449 735 4514 ΒΟοιί.
766 4453 870 4513 acad.
900 4451 941 4512 B:
973 4449 1226 4533 „condempnati“.
1319 4447 1461 4508 libid:
1493 4467 1572 4524 „cou-

347 4539 597 4618 dempuatioues“.
711 4535 739 4573 ¹⁰
760 4540 818 4616 Ap.
848 4537 975 4615 Ljub.:
1009 4537 1252 4618 „carceribus“.=
1337 4532 1365 4570 ¹¹
1388 4534 1433 4597 Cf.
1454 4535 1518 4594 adn.
1542 4534 1573 4611 9)

350 4627 379 4666 ¹²
400 4629 445 4694 cf.
468 4628 536 4690 adu.
560 4622 595 4712 3)
686 4623 714 4662 ¹⁸
736 4627 780 4690 cf.
803 4625 897 4690 ibid.
