3376 5392
388 809 489 852 xxvn.
512 808 635 853 DEOESIO
657 805 890 852 ADUOOATOBUH
913 807 1073 852 OOHHUMS

103 890 137 946 de
155 905 255 961 campo
272 889 421 960 ternorum,
439 890 498 946 siue
515 889 655 946 sinocosna
677 889 706 944 in
724 887 823 958 dolena
846 887 940 956 Blota3
965 885 998 942 de
1023 885 1131 955 iudicijs
1158 883 1254 942 fiendis
1279 899 1339 941 cum

341 979 496 1033 interuentu
513 975 641 1042 indicum
661 975 694 1032 de
712 975 915 1033 confirmatione
933 977 1103 1032 statutorum.

145 1135 333 1222 spectabiles
355 1145 383 1203 et
405 1137 528 1223 eprepr'j,
551 1139 645 1202 amia
665 1136 849 1204 dmrismmi.

145 1277 197 1344 Ad
222 1277 422 1360 quaereleam
453 1283 614 1348 oratomm
642 1279 875 1346 communitatis
906 1276 1063 1344 Carsulae
1093 1275 1209 1343 iactam
1241 1275 1342 1358 primo

103 1399 212 1448 coram
234 1382 351 1449 nostris
374 1382 532 1466 capitibus
555 1383 675 1452 Decem
697 1383 818 1452 atinde
834 1401 939 1451 coram
955 1383 1046 1450 nobis
1061 1387 1095 1447 et
1110 1379 1209 1450 offitio
1224 1383 1343 1459 nestro,

105 1485 192 1568 quod
216 1486 357 1569 capitula
378 1505 436 1568 per
458 1487 693 1554 serenissimum
716 1489 829 1556 ducale
852 1487 1024 1554 dominium
1039 1493 1182 1554 nestrum
1197 1485 1257 1552 sibi
1273 1501 1345 1552 con·

105 1609 197 1657 cessa
219 1596 255 1656 et
277 1589 463 1658 confirmata
483 1591 517 1658 in
538 1591 747 1676 acquisitione
771 1593 847 1660 dicti
869 1593 930 1659 loci
953 1595 1102 1658 contenta
1123 1591 1156 1656 in
1171 1609 1228 1657 suo
1244 1589 1345 1672 primo

105 1695 277 1778 priuilegio
299 1696 419 1778 pariter
441 1703 474 1764 et
495 1701 616 1764 statute
642 1715 751 1764 eorum
780 1716 838 1780 per
867 1715 926 1764 uos
954 1696 1124 1780 praecipue
1151 1713 1215 1762 non
1243 1693 1345 1760 solum

105 1818 168 1866 non
192 1801 415 1882 obseruantur,
439 1801 498 1868 sed
519 1802 646 1884 penitus
670 1801 958 1884 interrumpuntur:
987 1801 1062 1868 risis
1091 1800 1169 1883 ipsis
1191 1798 1346 1884 capitulis,

107 1921 245 1988 quorum
269 1906 390 1988 copiam
412 1906 504 1972 uobis
538 1907 691 1973 mittimus
721 1905 771 1972 his
799 1905 953 1972 inclusam
975 1923 1072 1988 super
1094 1905 1208 1988 quibus
1238 1903 1348 1970 habita

107 2009 360 2078 consideratione
381 2013 450 2076 tum
480 2029 520 2078 ex
547 2011 768 2078 commissione
796 2029 855 2094 per
887 2009 1032 2076 dominos
1062 2010 1167 2091 capita
1193 2007 1347 2094 praedicti

108 2115 232 2198 consilij
256 2115 392 2195 Decem,
415 2121 483 2181 tum
514 2134 551 2182 ex
581 2117 689 2184 debito
718 2113 812 2199 officij
841 2115 959 2193 nostri,
988 2115 1038 2182 cui
1060 2115 1193 2182 interest
1222 2111 1346 2180 seruari

107 2219 214 2288 iacere
237 2219 405 2305 priuilegia
434 2239 493 2303 per
521 2221 691 2288 dominium
719 2220 854 2288 subditis
884 2237 1049 2286 concessa:
1084 2222 1208 2284 attento
1238 2217 1344 2295 etiam,

108 2325 193 2406 quod
221 2324 335 2392 exinde
368 2324 546 2392 audiuimus
576 2345 613 2392 en
643 2325 907 2408 rectoribusque
935 2325 1007 2392 istic
1035 2322 1191 2390 Curanlaa
1220 2321 1348 2389 fuerunt

108 2448 244 2512 quorum
267 2429 394 2512 quidam
419 2435 577 2497 testantur
599 2431 683 2498 circa
697 2449 843 2514 campum
858 2429 1019 2498 saeuorum
1041 2429 1074 2494 in
1090 2427 1216 2510 Dolgna
1229 2426 1346 2506 Blatta,

110 2535 195 2616 quod
218 2535 324 2618 ipsum
347 2553 492 2620 campum
515 2535 741 2602 reseruabatur
756 2554 813 2617 pro
831 2535 930 2616 equis,
955 2534 1008 2616 qui
1024 2534 1216 2600 tenebantur
1231 2533 1263 2600 in
1278 2531 1348 2616 ipso

109 2639 177 2706 loco
199 2645 235 2708 et
256 2639 399 2707 similiter
420 2658 479 2723 pro
516 2657 597 2723 equo
632 2640 777 2718 rectoris,
802 2641 830 2706 si
852 2644 957 2706 rector
978 2655 1094 2720 equum
1118 2641 1258 2716 teneret3
1293 2653 1351 2701 uos

110 2751 216 2812 autern
238 2745 272 2810 in
295 2749 397 2811 totum
421 2749 455 2811 et
475 2763 533 2828 per
554 2751 655 2812 totum
680 2743 878 2828 usurpastis;
909 2761 978 2810 cum
1002 2743 1085 2808 circa
1107 2741 1226 2808 facturn
1250 2750 1348 2808 terre·

111 2867 233 2930 norum,
257 2849 326 2915 siue
356 2850 520 2915 uinearum
552 2855 698 2930 testatur,
722 2850 806 2932 quod
836 2855 906 2916 erat
932 2866 1014 2914 unus
1042 2847 1133 2924 liber,
1158 2865 1256 2928 super
1287 2865 1349 2930 quo

114 2952 296 3036 descriptae
318 2959 410 3020 erant
431 2953 663 3020 iurisdictiones
691 2953 941 3034 communitatis,
973 2953 1026 3035 qui
1055 2952 1300 3035 consignabatur
1329 2971 1349 3016 a

115 3058 231 3126 comite
254 3058 294 3124 ad
317 3057 463 3124 comitem
491 3065 525 3124 et
553 3059 585 3123 in
613 3077 652 3124 eo
680 3057 854 3141 legebatur,
886 3059 962 3140 quid
991 3057 1157 3140 spectabat
1184 3055 1290 3122 comiti
1318 3063 1351 3123 et

113 3162 187 3244 quid
217 3163 453 3245 communitati3
481 3181 537 3230 vos
566 3167 688 3244 autem,
720 3168 757 3229 ut
784 3167 938 3246 granam,
969 3161 1145 3244 occupastis
1173 3162 1212 3227 de
1243 3161 1350 3226 nrultis

113 3267 328 3350 spectantibus
346 3266 536 3350 specialibus
558 3267 703 3351 personis
726 3274 761 3332 et
782 3266 1006 3334 communitati.

153 3391 327 3459 Declarant
348 3391 454 3470 etiam,
477 3392 562 3474 qued
584 3391 704 3458 iudices
725 3395 958 3457 consueuerant
980 3407 1049 3454 cum
1074 3387 1250 3455 rectoribus
1273 3387 1350 3454 scri·

113 3498 188 3566 bere
210 3495 253 3562 ed
274 3495 431 3562 banchum
466 3496 543 3562 iuris
563 3497 603 3564 ad
625 3495 840 3582 iudicandum3
873 3513 928 3564 vos
951 3494 1045 3574 enim,
1068 3500 1105 3560 ut
1125 3497 1269 3576 granant,
1292 3493 1352 3558 hoc

114 3601 172 3669 sibi
195 3601 378 3685 denegastis
401 3605 435 3668 et
450 3601 627 3668 consentire
643 3599 796 3680 noluistis,
821 3599 952 3682 proinde
968 3603 1018 3666 est
1031 3597 1164 3681 petitum
1181 3596 1351 3680 prouideri.

154 3725 232 3792 Ideo
256 3742 294 3790 en
316 3723 400 3790 dicto
416 3728 525 3790 nostro
541 3721 641 3789 offitio
656 3722 747 3789 uobis
766 3739 914 3806 expresse
929 3721 1124 3802 mandamus,
1148 3727 1184 3787 ut
1197 3723 1231 3786 in
1246 3738 1348 3804 poena

115 3829 299 3897 ducatorum
321 3829 563 3913 quingentorum
585 3827 617 3893 in
640 3827 758 3894 uestris
779 3827 887 3906 benis,
912 3827 939 3891 si
962 3845 1054 3898 secus
1076 3823 1232 3903 feceritis,
1262 3823 1348 3892 aufe·

116 3935 225 4016 renda,
248 3934 373 4002 omnino
396 3933 569 3999 obsemare
592 3931 736 3998 debeatis
771 3932 832 4016 ipsi
862 3929 1077 3998 communitati
1106 3947 1197 3995 suum
1225 3928 1352 4011 priuile

117 4040 199 4124 giunr
223 4058 283 4122 per
304 4038 538 4106 serenissimum
561 4037 673 4104 ducale
696 4037 868 4104 dominium
894 4037 1049 4103 indultum
1081 4039 1114 4102 at
1144 4054 1203 4101 sua
1233 4039 1354 4101 statuta

118 4144 311 4223 confirmata,
334 4143 381 4208 ita
403 4161 473 4207 cnm
495 4140 623 4222 eiiectu,
646 4142 731 4224 quod
755 4141 920 4226 corrigatis
936 4161 984 4222 ea,
1008 4143 1040 4207 in
1056 4141 1170 4224 quibus
1185 4145 1351 4207 conmane-

117 4249 205 4315 nietis
229 4251 262 4313 et
284 4247 396 4313 exinde
418 4265 457 4314 ea
478 4247 583 4313 omnia
613 4248 646 4312 in
678 4247 824 4313 omnibus
847 4253 880 4314 ct
902 4265 960 4329 per
982 4247 1088 4312 omnia
1119 4245 1296 4312 obseruatis
1319 4250 1352 4310 et

118 4353 279 4420 obseruari
301 4351 436 4431 faciatis,
459 4352 505 4417 ita
528 4369 598 4416 cum
620 4349 745 4434 effectu,
769 4353 854 4434 quod
878 4351 1013 4434 amplios
1038 4351 1169 4434 querela
1192 4350 1232 4417 de
1260 4367 1352 4432 prae

118 4457 204 4525 dictis
226 4475 290 4524 non
313 4457 470 4540 audiatur,
494 4475 534 4521 ne
557 4474 707 4540 cogamur
723 4457 817 4524 aliter
832 4457 1019 4540 prouidere3
1042 4455 1248 4538 prouidenter
1264 4454 1348 4537 quod

120 4564 192 4631 satis
215 4563 273 4630 fiat
294 4565 371 4645 ipsis
393 4560 571 4628 oratoribus
594 4580 653 4645 pro
676 4581 734 4628 suo
756 4563 873 4628 salario
896 4569 929 4630 et
950 4555 1106 4645 expensis,
1126 4561 1278 4626 facientes
1293 4559 1351 4627 has

120 4673 240 4736 nostras
263 4667 414 4752 (litteras)
437 4669 469 4732 in
493 4666 571 4734 actis
594 4667 694 4733 uestri
716 4667 875 4750 regiminis
899 4666 1138 4732 adfuturorum
1165 4666 1347 4732 memoriam

122 4775 281 4859 registrari
303 4793 374 4840 cum
406 4773 525 4842 eisdem
558 4773 703 4856 capitulis
727 4777 759 4840 et
781 4771 966 4855 registratas
999 4771 1101 4838 dictae
1134 4769 1349 4838 communitati
