3422 5364
1314 445 1377 512 265

193 673 263 720 ῦΔΡι
286 675 353 719 m.
376 675 419 718 DI
440 675 526 719 mh
548 673 680 720 UXOR!
701 673 889 719 mmm!
911 675 951 718 H
971 673 1073 718 ΔΙιῙΔΙ
1095 675 1328 720 mmmm.

184 790 357 858 Mihesimo
380 791 527 874 cccxlviij‚
551 791 604 860 dia
625 792 669 874 iij.
692 791 837 874 ianuarii,
861 797 1005 874 tempore
1027 791 1145 858 domini
1167 791 1254 858 Petri
1276 789 1381 859 hiemo

144 903 274 978 raptum
297 894 366 981 tuit,
390 896 475 978 quod
498 897 525 964 si
547 895 618 979 quis
639 895 788 962 habuerit
802 913 932 963 uxorem
954 902 988 962 et
1009 896 1103 962 aliam
1119 897 1298 979 sumpserit,
1322 913 1382 978 pc·

144 1006 247 1068 testas
262 1019 320 1066 seu
335 1019 440 1067 comes
456 1000 573 1068 habeat
586 1001 744 1068 licentiam
755 1007 788 1068 et
802 1001 984 1068 libertatem
999 1001 1150 1083 puniendi
1165 1017 1382 1082 quoscumque

145 1111 299 1172 uxoratos
321 1106 415 1172 aliam
438 1123 568 1172 uxorem
591 1107 783 1190 accipientes
806 1125 864 1188 pro
886 1104 976 1172 libito
1000 1123 1058 1187 sue
1081 1105 1267 1172 uoluntatis.

477 1353 544 1398 on.
567 1353 621 1398 XV.
651 1355 694 1398 D!
715 1353 841 1398 flffl'ffl
863 1355 1051 1400 racemus.

189 1469 313 1538 Eodem
335 1469 500 1537 millesimo
522 1471 681 1556 temporc²
704 1477 736 1538 at
758 1471 810 1538 die
832 1471 897 1554 viiJ'.
919 1470 1055 1554 ianuarij
1072 1475 1198 1555 captum
1215 1477 1274 1558 est,
1297 1471 1383 1555 quod

143 1574 189 1641 ed
211 1573 281 1656 noe,
304 1579 341 1641 ut
363 1575 476 1641 ciuitas
498 1572 620 1658 Spalati
651 1577 693 1642 sit
714 1577 798 1643 beno
820 1575 916 1643 odore
947 1575 1098 1659 opulenta
1128 1581 1161 1643 et
1190 1595 1253 1644 non
1282 1576 1384 1659 fetido

142 1679 280 1764 polluta,
303 1680 387 1764 quod
411 1686 546 1763 quatuor
560 1681 705 1748 homines
719 1681 930 1766 inueniuntur,
954 1681 1007 1764 qui
1023 1681 1215 1747 salarientur
1229 1699 1287 1764 per
1302 1700 1385 1749 ccm-

144 1803 253 1868 mune‚
278 1785 333 1868 qui
353 1784 495 1852 habeant
516 1783 649 1853 offitium
671 1786 829 1869 purgandi
852 1791 969 1853 stratas
993 1787 1165 1853 communis
1188 1783 1319 1870 Spalati.
1341 1787 1386 1854 Et

145 1891 172 1955 si
197 1889 274 1955 dicti
298 1889 344 1956 sic
365 1890 485 1957 inuenti
508 1909 572 1956 nou
595 1891 811 1974 purgaueriut,
838 1891 1009 1974 puniantur
1024 1891 1065 1956 ad
1085 1891 1250 1958 arbitrium
1268 1889 1384 1958 domini

143 1993 281 2060 comitis.

203 2225 272 2270 OAP.
294 2225 362 2268 m.
385 2225 469 2278 QUOD
493 2225 687 2270 contammata
709 2225 953 2270 ardumum
975 2226 1044 2269 SINT
1065 2225 1319 2270 namurcum.

189 2341 360 2410 Miheaimc
383 2341 550 2424 cccarlriij.²
572 2342 624 2408 die
646 2343 727 2425 xxvj.
753 2343 890 2428 augusti,
914 2347 1059 2426 tempora
1075 2343 1150 2410 dicti
1165 2343 1283 2410 domini
1299 2341 1386 2409 Patri

145 2445 254 2514 Memc
272 2451 399 2528 captum
415 2453 474 2525 ast,
495 2446 579 2528 quod
598 2463 668 2512 cum
684 2447 880 2516 examinatur
895 2449 972 2513 satis
988 2446 1148 2515 sufficiens
1162 2465 1226 2513 nou
1240 2447 1388 2514 uideatur

146 2551 191 2617 ad
214 2551 455 2618 examinandum
477 2551 699 2628 instrumenta
724 2553 809 2632 quod
832 2552 1000 2634 consiliarij
1025 2553 1251 2620 sententiarum
1274 2553 1387 2619 amodo

145 2660 286 2738 possunt
314 2655 496 2722 examinare
526 2657 746 2722 instrumenta
784 2656 827 2722 Et
855 2657 888 2722 in
922 2657 983 2724 boc
1013 2675 1090 2724 casu
1120 2656 1299 2724 habeantur
1329 2675 1386 2740 pro

145 2761 374 2829 examinatore.

423 2992 491 3038 ΟΔΡ.
514 2993 593 3036 xm.
623 2993 666 3036 DE
687 2993 869 3038 mummulus
890 2993 1117 3037 mensumn.

197 3111 278 3177 Item
308 3110 352 3193 hij
393 3108 544 3178 officiales
574 3115 744 3178 teneantur
772 3115 806 3178 et
841 3110 980 3178 debeant
1008 3111 1173 3194 precipere
1200 3110 1388 3180 habentibus

147 3215 371 3282 immunditias
393 3221 469 3282 anta
491 3233 565 3283 suas
587 3216 709 3301 domus,
732 3221 769 3282 nt
791 3216 921 3282 easdem
945 3214 1083 3283 debeant
1097 3221 1227 3298 portare
1242 3235 1299 3284 seu
1315 3236 1388 3299 pcr-

147 3321 214 3387 tari
236 3320 343 3386 facere
366 3325 456 3386 extra
478 3321 643 3387 ciuitatem
664 3319 748 3387 infra
768 3320 899 3387 terciam
924 3319 1008 3386 diem
1030 3325 1104 3403 post
1126 3327 1312 3404 preceptum
1329 3322 1389 3388 sibi

148 3425 272 3492 factum
295 3425 354 3490 sub
377 3442 462 3508 pana
484 3425 633 3508 superius
656 3429 819 3492 annotata.
850 3425 943 3491 Etsi
965 3443 1028 3491 non
1050 3425 1194 3506 sanarint,
1226 3429 1302 3492 tunc
1322 3425 1390 3492 offi-

149 3531 251 3598 ciales
273 3529 408 3612 predicti
429 3534 599 3596 teneantur
623 3529 707 3596 illico
728 3528 884 3612 preterita
906 3530 1042 3596 termino
1072 3529 1235 3596 notificare
1264 3529 1389 3598 dominc

148 3635 258 3705 corriti
280 3639 314 3702 ct
334 3652 485 3702 accusare
508 3639 542 3700 et
563 3633 706 3702 babeant
726 3634 929 3702 medietatem
953 3651 1046 3717 pena.

478 3881 544 3926 CAP-
568 3881 659 3926 xvm.
683 3883 726 3926 DE
747 3883 891 3927 aarum
912 3883 1063 3928 chamna

192 3999 275 4066 Item
298 4000 331 4066 in
353 3999 437 4068 dicto
457 4005 610 4083 tempore,
635 4001 686 4068 die
703 4001 860 4068 secund0³
875 4000 1051 4068 decembris
1069 4004 1195 4084 captum
1211 3999 1279 4076 fuit,
1304 4001 1389 4080 quod

151 4105 286 4188 qrrilibet
309 4103 483 4186 bacharius,
508 4105 561 4188 qui
585 4111 634 4172 est
656 4110 690 4172 at
712 4105 766 4187 qui
786 4123 843 4188 per
857 4111 1002 4188 tempora
1017 4103 1123 4185 fuerit,
1147 4105 1263 4170 debeat
1277 4108 1387 4170 tenere

150 4208 277 4292 pondus
301 4209 394 4275 unius
417 4210 509 4291 libre,
534 4209 652 4294 dimidij
677 4214 711 4276 et
733 4209 838 4291 quarti
860 4209 940 4290 libre
964 4215 997 4276 et
1019 4209 1134 4276 abinde
1154 4229 1251 4294 supra
1273 4215 1306 4276 et
1328 4228 1390 4277 non

153 4315 280 4397 possint
302 4314 442 4383 uendere
465 4333 578 4382 carnes
600 4315 713 4382 minori
735 4313 878 4398 pondere
900 4315 940 4382 de
962 4319 1075 4398 quarto
1098 4315 1190 4396 libre.

197 4543 323 4605 1Deest
351 4563 399 4623 ap.
430 4545 539 4623 Ljub.
631 4541 775 4609 ¹ibid:
808 4543 940 4623 „Eodem
966 4544 1148 4606 millasim0“.
1244 4541 1390 4605 ⁸ibid.:

155 4631 357 4709 „undecima¹‘.
