3396 5402
331 469 388 538 rie

322 685 354 749 in
376 681 519 748 manibus
541 681 665 762 publice
687 701 745 763 per
767 679 928 749 ciuitatem
951 678 1114 748 offerendo
1130 685 1164 746 et
1179 678 1385 748 monstrando
1402 677 1562 758 omnibus,

322 789 377 853 illa
399 806 470 854 esse
492 787 658 853 vendenda
679 806 738 868 per
760 789 827 854 dies
850 793 921 855 octo
939 789 1080 872 proxime
1102 789 1325 854 subsecuturos
1347 785 1435 852 adie
1449 803 1561 867 recep·

322 893 417 959 tionis
446 892 571 957 illorum
601 892 822 958 numerandos.
853 893 933 958 Post
962 910 1055 974 quern
1085 891 1253 958 terminum
1282 891 1423 974 regimen
1450 890 1563 956 habita

322 995 476 1063 relatione
499 996 538 1061 ab
560 995 628 1077 ipso
652 995 791 1077 plenario
814 997 854 1062 de
876 996 1063 1064 decursione
1085 997 1160 1062 dicti
1182 997 1308 1062 termini
1329 1001 1363 1062 et
1377 995 1417 1061 de
1439 995 1562 1061 denun-

322 1101 454 1168 tiatione
468 1099 555 1166 iacta
569 1101 705 1166 debitori
722 1101 762 1166 de
778 1100 1007 1168 deliberatione
1022 1100 1135 1183 fienda,
1159 1107 1306 1168 teneatur
1322 1102 1363 1166 ad
1378 1102 1563 1168 instantiam

324 1206 501 1285 creditoris,
525 1205 609 1286 quod
637 1206 737 1287 primo
762 1207 904 1290 voluerit,
928 1207 979 1272 die
1002 1205 1118 1272 festino
1142 1208 1213 1288 ipsa
1234 1206 1368 1290 pignora
1391 1205 1563 1272 deliberari

324 1309 429 1377 lacere
452 1311 611 1388 creditori,
635 1316 689 1375 aut
713 1311 804 1376 alteri
827 1311 897 1392 plus
920 1310 1066 1377 offerenti
1089 1317 1122 1377 et
1144 1311 1326 1377 immediate
1349 1311 1495 1377 soluenti.
1519 1309 1564 1374 Et

325 1416 352 1481 si
376 1416 507 1498 pignora
533 1415 602 1496 ipsa
623 1434 681 1497 pro
712 1417 890 1518 quantitate
921 1417 1039 1483 debita'
1060 1416 1210 1484 creditori
1240 1434 1304 1482 non
1333 1417 1560 1496 venderentur,

324 1519 449 1586 debitor
472 1526 602 1604 cogatur
632 1519 708 1586 dare
737 1522 870 1604 pignora
902 1520 1091 1589 sufficientia
1122 1539 1180 1604 pro
1205 1521 1331 1606 integra
1347 1520 1563 1588 satisfactione

327 1624 491 1692 creditoris
513 1625 689 1705 vendenda,
713 1633 747 1690 vt
771 1645 875 1708 supra,
908 1645 965 1708 pro
996 1645 1129 1708 quornm
1158 1628 1320 1694 exactione
1340 1633 1493 1710 patronus
1516 1624 1563 1708 pi-

323 1748 474 1812 gnorum,
505 1718 647 1813 debitor,
678 1730 795 1797 habeat
825 1750 953 1813 semper
982 1731 1150 1798 terminum
1182 1732 1302 1800 diennn
1327 1738 1397 1798 octo
1420 1729 1564 1814 proxime

324 1834 562 1902 subsecutorum
575 1853 595 1899 a
607 1835 658 1901 die
670 1834 906 1902 deliberationis
921 1835 1023 1902 factae
1039 1837 1080 1902 ad
1095 1837 1343 1903 deliberandum.
1366 1835 1436 1914 Quo
1452 1834 1562 1916 elapso

324 1941 458 2007 termino
474 1941 607 2023 pignora
622 1941 690 2022 ipsa
705 1946 890 2008 remaneant
912 1941 1013 2007 libera
1034 1942 1066 2006 in
1088 1947 1247 2024 potestate
1270 1941 1423 2023 emptoris
1440 1940 1563 2021 absque

325 2044 457 2112 alicuius
481 2044 635 2112 obstaculi
657 2045 890 2127 impedimento.
915 2045 985 2111 Hoc
1007 2045 1126 2124 addito,
1152 2047 1236 2126 quod
1259 2045 1395 2112 lorensis
1416 2063 1481 2112 non
1503 2044 1562 2109 ha-

324 2149 430 2216 bitans
452 2151 485 2216 in
508 2149 645 2216 Curzula
668 2169 730 2215 non
752 2151 854 2232 possit
875 2151 1008 2235 pignora
1029 2151 1102 2234 ipsa
1124 2169 1238 2217 emere.

395 2365 462 2410 ΟΔΡ.
484 2366 599 2410 onxvn.
623 2367 665 2408 DE
687 2365 882 2408 nnonlfflonn
904 2367 1036 2409 DUOEUM
1058 2367 1193 2410 TESTIUH
1215 2367 1289 2408 FIDE
1311 2367 1488 2410 monem.

369 2483 459 2562 Item,
484 2483 558 2565 quia
580 2501 635 2548 ore
657 2482 821 2548 Dominico
845 2482 967 2564 dicitur,
983 2483 1016 2548 in
1039 2501 1095 2549 ore
1110 2483 1243 2550 duorum
1260 2483 1312 2549 uel
1328 2485 1422 2548 trium
1438 2487 1564 2549 constet

326 2607 417 2656 omne
440 2589 578 2668 verbum,
610 2595 772 2668 repertum
802 2594 852 2654 est
881 2607 951 2654 esse
973 2593 1157 2654 consuetum
1181 2594 1214 2654 et
1236 2593 1398 2656 seruatum
1421 2593 1455 2655 et
1477 2603 1563 2652 nune

326 2693 359 2758 in
382 2698 476 2758 antea
498 2712 555 2775 pro
582 2698 701 2759 statuto
732 2691 929 2758 decernimus
959 2711 1029 2758 esse
1059 2693 1266 2776 seruandum,
1301 2693 1385 2774 qnod
1414 2691 1563 2775 probatio

327 2798 460 2862 duorum
482 2799 522 2863 ad
545 2798 647 2864 minus
670 2798 799 2862 testium
829 2795 891 2863 fide
914 2797 1089 2879 dignorum,
1122 2817 1156 2863 se
1179 2799 1211 2862 in
1234 2815 1342 2863 eorum
1367 2797 1458 2862 dictis
1481 2801 1563 2862 atte-

327 2903 478 2968 stantium
500 2907 533 2968 et
554 2901 822 2981 conformantium,
847 2903 1113 2984 probantiumque
1136 2903 1176 2968 de
1192 2903 1261 2968 visu
1276 2907 1310 2968 et
1325 2901 1434 2968 auditu
1450 2906 1484 2968 et
1498 2918 1563 2966 non

327 3007 527 3072 attinentium
549 3007 582 3072 in
604 3006 873 3087 consanqninitate
896 3007 967 3088 plus
990 3009 1060 3087 vni,
1091 3027 1184 3089 quam
1215 3007 1307 3072 alteri
1338 3006 1476 3088 partium
1499 3006 1563 3071 liti·

328 3113 469 3196 gantium
492 3113 525 3176 in
547 3111 687 3192 qnalibet
710 3129 805 3177 cansa
827 3109 911 3176 ciuili
934 3117 967 3177 et
989 3111 1141 3177 criminali
1164 3113 1256 3193 plene
1285 3109 1430 3176 sufficiat.
1467 3109 1511 3174 Et
1534 3110 1563 3174 si

327 3217 397 3298 quis
419 3216 603 3298 produxerit
624 3216 810 3281 iuditialiter
832 3221 931 3283 testes
954 3216 985 3281 in
1007 3217 1142 3300 scriptia,
1167 3233 1245 3298 qnos
1265 3233 1382 3298 paenas
1408 3212 1563 3281 cancella-

326 3323 406 3388 rium
428 3321 592 3402 reliquerit
614 3321 755 3402 scriptor,
780 3328 836 3386 aut
858 3322 1042 3388 scribendos
1065 3327 1096 3389 et
1119 3321 1192 3387 inde
1215 3341 1235 3386 a
1257 3320 1443 3388 cancellario
1471 3336 1562 3385 rece-

326 3426 404 3493 dens
426 3430 460 3492 et
482 3426 524 3491 ad
552 3444 624 3492 eum
654 3425 767 3492 deinde
799 3428 950 3493 reiterato
982 3432 1146 3492 reuertens
1176 3425 1256 3491 alios
1286 3426 1428 3491 diuersos
1458 3427 1562 3489 testes

325 3550 421 3613 super
442 3549 504 3596 vna
526 3530 636 3596 eadem
658 3531 831 3598 intentione
861 3533 1025 3612 probanda
1048 3531 1166 3598 addere
1188 3531 1340 3616 voluerit,
1373 3547 1436 3594 non
1457 3528 1565 3595 valeat

324 3636 385 3702 hoc
407 3635 521 3715 lacere,
545 3653 604 3701 nec
627 3635 832 3701 cancellarius
855 3636 914 3700 sibi
937 3636 1009 3703 illos
1031 3638 1172 3718 racipere
1195 3635 1312 3702 debeat
1334 3635 1427 3700 modo
1443 3633 1561 3714 aliquo.

324 3740 396 3806 Non
417 3745 586 3822 propterea
608 3738 807 3822 infringendo
830 3739 990 3806 tamenin
1013 3740 1119 3822 aliquo
1143 3744 1297 3805 statutum
1318 3737 1491 3820 disponens
1522 3737 1564 3803 de

325 3845 488 3911 testibus.¹

325 4058 392 4104 ΟΑΡ.
416 4057 544 4100 onxvm.
576 4059 617 4100 Dm
639 4059 849 4102 nxnnmntonn
876 4059 951 4101 mun
979 4055 1142 4100 summano
1171 4057 1335 4100 SERUANDO
1358 4056 1561 4100 remersus.

367 4175 458 4254 Item,
483 4175 567 4256 quod
590 4175 793 4260 quicumque,
824 4179 889 4240 tam
917 4173 1031 4239 ciuium
1063 4172 1232 4252 Curznlae,
1264 4191 1358 4254 quarn
1388 4172 1563 4239 forensium

322 4285 454 4346 vocatus
477 4278 573 4344 fuerit
595 4297 701 4345 coram
723 4279 838 4344 iudicio
868 4278 1023 4344 Curzulae
1050 4297 1261 4360 responsurus
1291 4278 1435 4360 petitioni
1458 4277 1563 4342 cuins·

321 4401 456 4465 cumque
479 4382 622 4454 forensis.
645 4384 804 4449 ininsula
830 4403 893 4451 non
914 4383 1096 4463 habitantis,
1127 4383 1264 4464 petentis
1294 4383 1412 4448 habere
1434 4382 1564 4462 quanti-

323 4495 424 4555 tatem
453 4505 681 4572 quamcumque
706 4489 867 4572 pecuniae,
896 4489 1133 4570 mercimoniae,
1164 4488 1214 4552 vel
1243 4489 1397 4554 bonorum
1426 4487 1564 4552 aliorum

327 4773 341 4834 f
371 4683 552 4831 ¹Disposittio
569 4685 639 4745 baec
654 4684 731 4746 iacta
752 4687 795 4744 est
818 4701 867 4758 per
890 4683 1115 4743 reformationem
1139 4681 1269 4756 superius
1286 4699 1360 4756 cap.
1383 4680 1477 4740 XXV.
1494 4681 1562 4741 Re·

344 4791 430 4836 orm.
448 4775 505 4834 uita
519 4789 573 4832 arn,
