3434 5368
1380 363 1417 424 31

173 573 327 646 mortuno,
351 567 404 633 uei
426 566 570 632 emiserit
592 584 731 648 sensum,
761 565 812 631 uei
835 565 1022 644 membrum,
1046 567 1119 648 igne
1144 566 1365 647 comburetur;
1390 572 1423 632 et

176 661 289 738 sinon
313 672 493 749 moriretur,
516 669 568 736 uei
592 688 654 735 non
678 668 839 735 emitteret
862 687 999 748 sensum,
1025 668 1076 734 uei
1100 669 1285 742 membrum,
1322 669 1364 732 sit
1387 669 1417 732 in

172 774 383 857 prouidencia
405 775 507 855 curie;
532 779 565 838 et
589 773 615 836 si
639 771 766 854 iugen't,
791 771 833 836 sit
856 772 887 836 in
910 771 1014 837 banno
1034 778 1064 838 et
1085 772 1200 853 perdet
1216 773 1323 838 omnin
1341 774 1424 838 bone

170 899 239 962 ena,
263 896 327 958 que
350 877 520 942 denenient
544 875 576 938 in
602 892 775 940 commune.

429 1034 497 1077 (ΕΔΒ.
521 1035 612 1078 xvm.
637 1035 678 1076 DE
701 1033 961 1077 rnnousslorueus
984 1035 1162 1078 utrumnum.

218 1136 300 1200 item
324 1139 478 1199 statutum
501 1139 535 1198 et
557 1133 737 1198 ordinatum
761 1137 821 1211 eet,
845 1132 980 1214 quodsi
1003 1132 1108 1214 ulique
1131 1133 1281 1201 mulieres
1305 1152 1416 1214 percu·

171 1243 280 1308 terent
302 1255 337 1302 se
361 1236 539 1302 edinuicem
563 1235 603 1300 de
626 1241 734 1317 petre,
769 1235 821 1301 uel
844 1253 949 1316 mapa,
986 1241 1043 1300 eut
1064 1234 1208 1300 fecerent
1236 1243 1413 1318 percutere,

171 1343 237 1420 ille,
262 1358 325 1421 qne
348 1337 414 1422 eriti
435 1337 611 1420 culpabiliS,
635 1339 751 1419 perdet
765 1355 921 1420 yperpera
937 1356 1009 1416 sex3
1033 1345 1067 1404 et
1089 1337 1169 1423 (si)'
1190 1357 1252 1404 non
1268 1339 1416 1404 hebuerit

171 1443 255 1509 vnde
278 1443 413 1519 soluere,
437 1447 501 1506 stet
523 1443 556 1506 in
578 1441 757 1506 carceribus
780 1439 929 1522 quamdiu
953 1441 1162 1521 persoluerit3
1198 1449 1232 1508 et
1253 1443 1281 1507 si
1305 1461 1415 1526 percu·

171 1553 258 1613 teret
281 1545 498 1624 demonibus,
534 1543 648 1625 perdat
670 1562 826 1626 yperpera
849 1544 926 1622 trin3
962 1555 993 1608 et
1018 1545 1045 1608 si
1069 1561 1132 1609 non
1154 1544 1302 1610 habuerit
1334 1546 1417 1612 vnde

173 1649 317 1726 soluere,
352 1647 469 1714 stetin
493 1645 690 1726 carceribuS‚
726 1647 876 1728 quamdiu
906 1645 1130 1730 persoluerit;²
1159 1648 1243 1713 etsi
1266 1647 1445 1729 percussn'

170 1753 353 1835 moriretur,
378 1750 538 1833 percutrix
560 1769 618 1832 pro
641 1749 800 1814 homicida
822 1750 1088 1832 condempnetur;
1112 1755 1145 1816 et
1168 1752 1196 1816 si
1218 1769 1279 1816 vna
1301 1751 1417 1818 dixerit

171 1855 266 1922 alteri
290 1853 505 1936 obprobrium,
529 1853 644 1934 perdet
664 1870 853 1936 yperpernm
878 1871 982 1931 vnum,
1007 1852 1033 1918 si
1056 1853 1225 1935 probatum
1241 1852 1338 1920 inerit
1357 1873 1417 1936 per

172 1977 267 2024 vnum
290 1957 437 2023 idoneum
461 1961 587 2039 testem,
611 1960 644 2020 et
667 1956 812 2020 iniuriam
836 1975 931 2037 posse
947 1955 1066 2020 habeat
1081 1957 1284 2022 medietatem
1300 1957 1415 2038 banni3

171 2069 206 2128 et
228 2062 256 2126 si
279 2079 430 2145 percussa
453 2059 603 2142 perderet
625 2059 753 2140 aliquod
776 2059 960 2142 membrum,
983 2059 1188 2142 intelligetur,
1213 2067 1246 2126 ct
1267 2062 1417 2142 puniatur

170 2164 332 2248 percutn‘x
348 2169 382 2230 vt
400 2165 547 2245 superius
563 2162 742 2228 declaretur
756 2163 787 2227 in
804 2167 925 2229 statuto
941 2163 981 2228 de
997 2163 1180 2244 perdicione
1192 2165 1415 2231 membrorum.

485 2342 552 2384 GAP.
577 2341 642 2383 xlx.
667 2342 709 2382 DE
731 2340 893 2383 FALSABHS
917 2340 1099 2384 buencum.

215 2443 296 2508 Item
322 2447 477 2507 statutum
501 2445 535 2505 et
557 2439 737 2504 ordinatum
760 2447 818 2517 est,
843 2439 928 2520 quod
950 2439 1005 2504 iile
1028 2441 1083 2520 qni
1098 2440 1211 2505 iecerit
1225 2441 1416 2506 instrumen-

169 2553 240 2610 tum
262 2544 377 2611 falsum
401 2549 434 2609 et
456 2543 625 2626 probatum
661 2542 759 2608 inerit
781 2561 839 2624 per
861 2543 941 2608 duos
963 2544 1095 2609 idoneos
1127 2550 1245 2629 testes,
1281 2545 1418 2626 scriptor

170 2649 288 2730 perdat
308 2667 434 2714 menum
458 2647 631 2714 dexteram.
655 2647 699 2712 ut
720 2646 783 2730 iile,
807 2647 861 2728 qui
881 2645 993 2712 iecerit
1015 2646 1092 2726 fieri,
1117 2647 1169 2710 uel
1186 2648 1335 2714 conduxit
1351 2649 1416 2715 tale

171 2754 416 2818 instrumentum
441 2750 554 2818 falsum
577 2769 636 2832 pro
660 2768 717 2816 sno
739 2749 898 2816 innomine
922 2751 963 2815 cd
986 2749 1145 2831 placitum,
1181 2750 1296 2832 perdet
1318 2751 1413 2833 piaci-

171 2861 249 2934 tum,
275 2853 343 2940 (et)
367 2872 524 2938 yperpere
553 2853 667 2936 uiginti
689 2853 846 2919 communi
868 2852 1058 2935 applicanda
1080 2859 1113 2919 et
1135 2853 1302 2920 ueritatem
1324 2875 1414 2922 suern

171 2959 204 3024 in
227 2964 416 3041 perpetuum
438 2959 469 3022 in
494 2958 646 3023 omnibus.
671 2957 715 3021 Et
738 2957 765 3021 ei
787 2963 875 3022 corte
895 2955 992 3022 fuerit
1007 2945 1116 3037 petris,
1142 2957 1261 3038 mairie,
1285 2959 1337 3025 uel
1353 2961 1413 3040 eni,

172 3068 231 3128 eut
252 3080 382 3128 suorum
405 3067 639 3128 antecessorum
663 3065 697 3126 et
719 3061 844 3126 uenerit
866 3060 908 3125 od
929 3060 1078 3141 placitum
1102 3080 1173 3126 cnm
1196 3081 1251 3142 ee,
1287 3067 1321 3128 et
1343 3082 1415 3144 pro·

172 3165 248 3231 beta
270 3171 303 3231 et
326 3164 466 3232 iudicem
487 3162 584 3229 fuerit
614 3163 695 3230 ielse
717 3183 775 3245 per
797 3164 915 3230 curiam
939 3163 991 3228 uel
1015 3182 1073 3245 per
1095 3165 1247 3231 nroiorem
1280 3171 1415 3248 portem,

171 3259 225 3335 uel
249 3270 382 3349 inicio,
406 3268 459 3334 uel
482 3269 514 3332 in
536 3273 637 3349 purte,
662 3267 713 3333 uel
738 3267 863 3347 uiciate,
894 3267 948 3333 ille
970 3267 1023 3348 qui
1048 3267 1174 3334 duxerit
1196 3285 1276 3348 eam,
1300 3277 1415 3353 purget

172 3392 208 3438 se
230 3373 407 3438 iuramento
440 3371 626 3437 duodecime
648 3389 742 3435 monn
766 3389 840 3449 suc,
877 3371 960 3451 quod
984 3377 1103 3436 certem
1126 3373 1212 3437 illum
1237 3391 1299 3438 non
1322 3373 1416 3438 sciuit

171 3493 245 3542 esse
266 3474 388 3554 falsam,
413 3493 472 3540 nec
495 3473 570 3538 iecit
592 3491 662 3539 eam
684 3473 761 3551 iieri,
786 3491 844 3538 nec
861 3475 953 3539 sciuit
968 3472 1141 3554 falsarium,
1165 3495 1224 3541 nec
1240 3490 1411 3558 augumen-

170 3580 253 3644 teuit
275 3595 425 3659 comper
447 3597 491 3657 se,
527 3577 576 3642 uel
600 3593 658 3658 per
680 3577 759 3642 alios
781 3581 815 3641 et
837 3577 954 3658 perdet
978 3583 1100 3642 tentum
1130 3577 1297 3662 placitnm3
1333 3586 1366 3646 et
1388 3581 1415 3645 si

170 3701 231 3764 per
252 3681 384 3747 idoneos
406 3687 508 3748 testes
531 3681 699 3763 probatum
721 3678 833 3763 fuerit,
869 3679 953 3760 quod
976 3679 1125 3746 hebuerit
1147 3681 1272 3764 culpem
1295 3681 1336 3749 de
1358 3682 1415 3748 ilio

171 3795 279 3864 corte,
314 3784 428 3866 perdat
462 3784 612 3866 placitum
636 3789 670 3849 et
691 3803 850 3866 yperpero
879 3783 992 3867 uiginti
1014 3788 1048 3848 et
1070 3784 1238 3851 ueritatem
1269 3804 1359 3850 suem
1382 3791 1416 3850 et

170 3888 234 3972 (si)
258 3887 363 3954 iurare
387 3905 448 3954 non
475 3888 600 3970 poterit,
625 3887 757 3954 eandem
773 3905 894 3968 penem
918 3887 1070 3969 pacietur.

563 4065 631 4108 one.
655 4067 708 4108 xx.
735 4065 776 4108 ou
798 4065 895 4108 nuso
919 4067 1024 4110 unere.
1101 4041 1104 4045 ’

219 4164 301 4229 item
323 4167 478 4229 statutum
501 4170 534 4229 et
556 4161 734 4230 ordinatum
758 4170 824 4240 est,
850 4163 982 4244 quodsi
1007 4163 1077 4244 quis
1103 4170 1234 4231 uocatus
1267 4165 1362 4232 fuerit
1386 4167 1417 4231 in

176 4273 309 4346 testem,
333 4275 365 4332 et
388 4267 501 4333 dixerit
523 4265 638 4332 falsum
660 4267 875 4333 testimonium
898 4272 932 4332 et
954 4267 1121 4347 probatum
1144 4267 1239 4335 inerit
1261 4288 1318 4352 per
1340 4271 1418 4336 duos

220 4422 230 4460 1

221 4427 438 4594 ’gaebbffibt
453 4513 485 4572 si
502 4515 750 4587 percuterem,
767 4529 857 4586 neque
872 4515 925 4573 ed:
945 4515 1142 4594 „quamdiu
1160 4515 1412 4591 perstrictim

170 4599 279 4658 derunt
295 4599 325 4658 in
340 4601 383 4659 ed.
401 4598 470 4658 Ven.
540 4657 541 4660 ,
