3436 5362
199 392 368 515 Ι74

325 659 436 722 oontm
469 654 608 736 aliquem
639 653 756 719 niuem¹
791 651 931 734 Spalati3
972 653 1058 734 quod
1093 653 1337 720 instrumentum
1370 653 1413 719 sit
1446 651 1577 719 luourm
1713 679 1714 688 ¹

325 765 416 827 extra
445 758 606 825 ciuitatem
629 755 748 840 Spalati
778 762 812 822 et
841 757 1027 836 districtum,
1051 757 1097 822 illi
1126 759 1335 824 instrumento
1358 774 1422 824 uon
1445 757 1575 825 debeat

325 863 471 929 adhiberi
493 862 600 944 aliqua
622 859 713 943 fides,
736 861 797 928 nisi
819 860 882 940 ille,
914 862 969 943 qui
999 862 1184 944 produxerit
1213 862 1279 928 tale
1310 861 1575 938 instrumentum,

326 965 502 1034 ostenderit
524 984 619 1032 ueras
641 965 764 1032 litteras
794 965 1026 1032 testimoniales
1056 965 1141 1030 illins
1163 970 1269 1046 terre,
1302 965 1337 1031 in
1358 982 1422 1046 qua
1443 962 1575 1030 fuctum
1712 951 1714 1028 ἶ

326 1069 424 1136 luerit
445 1069 525 1136 illud
546 1071 800 1153 instrumentum,
830 1069 983 1152 sigillatas
1012 1069 1115 1152 sigillo
1147 1068 1321 1136 eommunis
1351 1069 1435 1149 done
1466 1073 1573 1147 terre,

328 1172 428 1256 quodl
450 1173 504 1240 ille
526 1174 678 1256 notarius,
702 1174 756 1256 qui
777 1172 855 1240 feeit
876 1173 954 1239 illud
969 1175 1222 1250 instrumentum,
1246 1172 1289 1240 sit
1304 1172 1407 1239 bonus
1421 1172 1573 1238 notarius

326 1283 361 1344 et
390 1277 519 1360 legalis,
550 1279 602 1344 uel
632 1277 731 1344 uerba
761 1277 876 1366 similia
905 1277 959 1344 uel
989 1275 1218 1360 equipolleutia
1247 1276 1288 1343 sd
1317 1274 1497 1344 iaciendum
1528 1275 1574 1340 de

327 1380 413 1448 dioto
435 1381 581 1448 nomine⁸
601 1381 729 1464 plenam
750 1379 855 1447 fidem.

415 1609 483 1654 our.
506 1611 571 1653 x1v.
595 1611 637 1654 sa
658 1611 888 1655 mensunusum
910 1589 1026 1670 sns1s⁴,
1050 1613 1111 1655 usn
1133 1611 1249 1654 mursa
1271 1607 1474 1653 uuunsrnms.

366 1725 448 1791 Item
471 1730 625 1792 statutum
648 1732 681 1793 et
703 1727 884 1793 ordinatum
914 1732 972 1808 est,
1005 1727 1089 1808 quod
1117 1727 1144 1792 si
1168 1725 1298 1808 aliquod
1325 1723 1486 1808 publicum
1520 1725 1571 1790 in·

324 1833 536 1896 strumentum
559 1831 601 1896 sit
623 1831 747 1896 rasum⁶
769 1832 822 1896 nel
844 1831 1025 1913 aliqualiter
1048 1831 1250 1897 deuastatum
1271 1835 1404 1912 propter
1419 1832 1570 1896 uetusta·

322 1937 388 1999 tem
403 1938 437 2000 et
451 1933 572 2000 ueritas
586 1935 763 2004 litterarum
779 1940 890 2018 posset
904 1955 943 2002 ex
958 1953 996 2002 eo
1015 1933 1239 2017 comprehendi
1251 1939 1284 2000 et
1294 1939 1382 2001 reeta
1394 1933 1568 2018 sententia,

326 2036 529 2103 nihilominus
551 2038 617 2104 tale
639 2039 884 2104 instrumentum
906 2038 1013 2105 ualeat
1043 2043 1077 2104 et
1107 2039 1204 2105 robur
1227 2038 1372 2105 obtinent
1394 2035 1568 2104 firmitatis.

514 2285 582 2330 OAP.
605 2285 658 2328 XV·
681 2287 724 2329 DE
746 2287 976 2332 mensunusum
999 2287 1141 2330 emme
1164 2285 1372 2330 mumma.

367 2402 449 2469 Item
479 2407 634 2468 statutum
666 2410 700 2469 et
733 2403 911 2469 ordinatum
935 2407 993 2482 est,
1018 2402 1102 2485 quod
1123 2401 1276 2483 notarius,
1299 2401 1327 2466 si
1349 2399 1566 2483 publicauerit

323 2505 419 2572 alicui
438 2505 566 2588 aliquod
581 2505 825 2573 instrumentum
840 2512 874 2572 et
888 2507 990 2588 ipsum
1005 2506 1249 2572 instrumentum
1264 2504 1407 2570 restituit
1421 2503 1568 2584 publiea-

324 2614 392 2673 tum
408 2613 441 2675 et
455 2609 517 2686 ille,
535 2611 585 2675 oui
596 2615 647 2676 est
662 2609 820 2676 redditum
832 2610 1076 2676 instrumentum
1091 2609 1143 2674 uel
1159 2609 1209 2674 sni
1220 2607 1355 2676 heredes
1367 2606 1569 2689 perdiderint

324 2709 405 2777 illud
428 2713 670 2780 instrumentum
686 2717 719 2778 et
733 2713 793 2779 hoo
806 2712 983 2778 iurauerint
1005 2731 1111 2778 coram
1133 2717 1257 2779 rectore
1278 2717 1312 2778 et
1333 2716 1456 2792 petant,
1480 2711 1566 2798 qnod

324 2815 467 2881 notarius
483 2813 617 2882 relfioiat
632 2815 750 2882 dietum
764 2815 1027 2883 instrumentum⁶
1040 2819 1072 2883 in
1088 2816 1248 2900 publicem
1268 2814 1418 2896 iormam;
1435 2821 1512 2881 tuno
1523 2814 1565 2880 ei·

324 2922 411 2984 tetur
426 2917 635 2998 aduersarius,
658 2919 690 2984 in
710 2919 799 2985 ouius
820 2919 1025 3002 preiuditium
1048 2921 1166 2986 dietum
1182 2920 1425 2986 instrumentum
1441 2919 1564 3000 petitur

323 3021 438 3087 iterum
460 3021 613 3103 publicari
635 3027 669 3088 et
690 3025 784 3090 detur
806 3023 867 3089 sibi
889 3025 1044 3091 terminus
1066 3028 1267 3105 competens
1291 3023 1318 3088 si
1348 3021 1422 3087 uult
1443 3021 1563 3103 aliquid

324 3143 485 3207 opponere
507 3126 559 3192 uel
581 3128 725 3208 probare,
749 3145 848 3208 quare
871 3127 988 3194 dietum
1011 3128 1254 3194 instrumentum
1278 3143 1341 3191 non
1363 3125 1483 3191 debeat
1503 3124 1562 3190 ite-

323 3247 392 3294 rum
413 3228 577 3310 publicari.

366 3331 410 3397 Et
432 3331 459 3398 si
481 3331 563 3398 intra
585 3332 704 3398 dietum
726 3335 896 3401 terminum
919 3334 997 3400 nihil
1019 3335 1160 3416 legitime
1182 3333 1382 3416 opposuerit,
1414 3332 1468 3396 uel
1489 3349 1564 3413 pro·

323 3434 458 3514 bauerit
482 3440 588 3502 rector
610 3437 782 3518 compellat
804 3438 963 3504 notarium
978 3439 1018 3504 ad
1037 3435 1256 3505 roffioiendnm
1273 3442 1306 3502 et
1320 3434 1563 3518 publicanduml

323 3536 441 3602 dietum
463 3538 705 3606 instrumentum
728 3543 761 3606 et
783 3541 888 3623 ipsum
910 3541 1061 3607 restituat
1082 3541 1128 3619 ei,
1160 3540 1250 3606 errius
1272 3539 1408 3604 interest
1440 3543 1475 3605 et
1495 3537 1560 3619 ille,

323 3642 378 3723 qni
409 3639 486 3707 feeit
516 3640 617 3708 reifici
647 3644 818 3710 etiterum
848 3645 1002 3727 publicari
1035 3643 1153 3710 dietum
1182 3644 1445 3722 instrumentum,
1477 3641 1562 3707 iuret

322 3744 531 3826 corporaliter
559 3746 600 3812 ad
633 3751 744 3812 saneto
772 3747 825 3814 dei
853 3748 1035 3832 euangelia,
1070 3747 1157 3830 quod
1187 3763 1385 3829 quocumque
1414 3751 1559 3827 tempore

322 3846 441 3914 dietum
464 3847 719 3930 instrumentum,
741 3850 825 3931 quod
849 3849 1014 3918 dicebatur
1035 3868 1106 3917 esse
1128 3851 1304 3934 perditum,
1327 3847 1504 3932 reperierit,
1528 3853 1561 3914 et

322 3951 508 4033 peruenerit
536 3951 578 4017 ad
608 3970 722 4018 manus
752 3971 844 4038 suas,
875 3955 960 4036 quod
982 3953 1079 4019 illud⁸
1100 3955 1250 4021 restituat
1272 3953 1356 4020 dioto
1379 3952 1504 4020 notorio
1526 3955 1559 4018 et

320 4053 401 4120 illud
423 4053 665 4122 instrumentum
689 4074 796 4122 eoram
818 4061 942 4124 rectore
964 4057 1109 4124 totaliter
1130 4056 1339 4136 destruaturl,
1371 4061 1408 4120 nt
1430 4055 1471 4121 de
1493 4073 1556 4120 uno

367 4263 487 4327 1ΟοᾶΙ
511 4267 616 4327 seed.
640 4266 667 4327 A
690 4273 720 4327 et
741 4267 783 4328 B:
827 4262 1004 4345 „ciuitatis“.
1086 4263 1100 4302 ²
1121 4266 1177 4344 Ap.
1202 4265 1329 4343 ujus:
1353 4264 1562 4344 „continentes

317 4351 427 4428 qnod“.
511 4349 522 4386 ⁸
554 4353 664 4414 ibid:
701 4353 864 4432 „notario“.
957 4351 1109 4430 ‘Sinam
1133 4353 1242 4429 Ljub.
1274 4351 1360 4413 Ood.
1384 4349 1555 4412 aeadd:

323 4439 449 4516 „rosis“,
473 4439 552 4499 ood.
575 4439 617 4500 B:
644 4441 783 4513 „rosels-⁴⁴.
855 4437 934 4502 lOf.
957 4441 1048 4499 adnot
1069 4439 1204 4502 anteced,
1276 4437 1288 4473 ⁶
1309 4439 1402 4498 Deest
1422 4438 1453 4496 in
1476 4437 1556 4499 eod.

319 4524 423 4586 suad.
447 4525 482 4587 B.
565 4521 693 4586 'cod
716 4525 821 4587 aoad.
852 4526 893 4587 B:
927 4527 1082 4609 „iterum“.
1164 4521 1556 4602 8llp.Ljnb.:„reddst

321 4605 382 4671 et‘.
454 4605 796 4672 ⁹ibid.:inoidatnr“.
