3422 5364
349 430 412 492 254

350 630 428 696 latio
452 636 485 695 et
507 629 662 695 dictarum
684 630 912 696 sententiarum
943 625 1096 695 diffinicio
1118 629 1151 693 in
1173 628 1294 695 altero¹
1317 628 1472 695 dictonrm
1495 628 1591 695 colle

353 734 477 816 giorum
505 731 591 798 iacta
621 733 718 800 robur
749 733 893 799 obtineat
921 732 1018 814 plene
1049 737 1082 798 et
1115 737 1271 814 perpetue
1302 730 1470 798 firmitatis.
1507 732 1594 810 Quas

353 837 481 919 quidem
513 837 619 920 regios
651 836 775 902 litteras
806 836 954 920 egregius
984 841 1018 902 et
1048 840 1163 918 potens
1194 837 1285 902 miles
1313 837 1421 920 regius
1451 837 1595 902 dominus

353 941 516 1008 lohannes
539 940 580 1007 de
601 939 785 1024 Crizogonis
808 941 849 1006 de
868 940 1003 1012 Yadera
1028 940 1221 1007 honorabilis
1245 958 1353 1007 comes
1370 945 1403 1006 et
1418 940 1544 1006 nobiles
1559 957 1594 1005 aa

354 1045 575 1127 circumspecti
588 1045 649 1110 uiri
662 1044 780 1112 domini
791 1043 979 1110 Franciscns
992 1044 1148 1120 llamiani,
1162 1043 1291 1110 Balcius
1302 1045 1391 1111 Petri
1403 1051 1436 1111 et
1447 1043 1598 1109 Albertus

354 1147 460 1228 Michq
476 1149 609 1228 iudices,
632 1147 783 1232 generale
798 1147 963 1213 consilium
979 1153 1012 1214 et
1027 1164 1194 1213 commune
1210 1148 1349 1214 ciuitatis
1368 1147 1517 1230 predicte
1533 1147 1597 1213 ala·

355 1253 461 1318 oribus
484 1252 597 1318 animis
620 1257 655 1316 et
678 1251 787 1316 debita
808 1250 985 1332 gratiarum
1009 1251 1163 1317 relatione
1185 1258 1397 1334 susceperunt
1418 1259 1453 1318 et
1467 1249 1597 1328 merito;

353 1357 431 1438 quid
452 1355 536 1423 enim
558 1355 732 1436 reipublice
755 1355 859 1438 magis
880 1355 1024 1434 interest,
1060 1372 1156 1437 quem
1186 1360 1223 1421 ut
1242 1356 1369 1422 iusticia
1399 1357 1597 1439 obserantur,

355 1459 445 1525 cuius
474 1457 563 1524 nulla
591 1459 692 1524 maior
721 1458 882 1524 euidentia
911 1476 985 1524 esse
1014 1465 1131 1541 potest
1166 1477 1263 1541 quam
1294 1464 1330 1524 nt
1360 1459 1468 1541 legum
1503 1458 1598 1541 periti

357 1563 479 1629 iudices
501 1563 696 1646 ordinentur,
718 1563 794 1644 quia
815 1563 870 1628 uix
890 1569 1026 1644 possunt
1047 1563 1218 1646 negligere,
1242 1565 1297 1644 qui
1311 1561 1487 1628 nouenmt’
1511 1562 1597 1643 eqni·

360 1671 471 1751 tatem,
493 1683 554 1732 neo
575 1665 678 1732 facilis
701 1665 818 1732 erroris
832 1665 915 1732 uicio
932 1665 1130 1748 sordescunt,
1147 1684 1227 1748 quos
1243 1666 1387 1733 doctrina
1401 1666 1597 1748 purgauerit.

356 1769 446 1836 'lunc
468 1771 551 1838 enim
573 1769 646 1836 lelix
670 1773 722 1836 est
744 1775 778 1834 et
799 1775 888 1836 certa
910 1770 1050 1836 condicio
1073 1772 1285 1852 negociorum,
1310 1771 1436 1852 quando
1459 1771 1507 1836 illi
1522 1789 1594 1836 sen-

354 1875 489 1941 tentiam
513 1873 630 1958 dicunt,
654 1873 708 1955 qui
730 1891 793 1938 non
816 1879 953 1955 possunt
973 1873 1131 1958 ignorare,
1152 1874 1238 1955 quod
1260 1874 1391 1957 eligunt

404 1977 552 2056 Proinde,
577 1977 661 2059 quod
677 1977 828 2060 generale
850 1977 1015 2043 consilinm
1032 1978 1117 2058 dictq
1134 1977 1273 2044 ciuitatis
1289 1977 1341 2044 die
1355 1977 1456 2044 tercio
1478 1977 1596 2045 mensis

358 2081 549 2164 septembris
578 2081 721 2162 proxime
751 2081 897 2162 preteriti
928 2099 987 2163 per
1016 2080 1277 2148 reformationem
1308 2082 1408 2164 ipsius
1439 2083 1598 2165 generalis

355 2185 488 2268 consilij,
521 2185 672 2266 scriptam
702 2203 761 2267 per
782 2203 833 2250 me
856 2185 1014 2251 notarium
1045 2185 1140 2266 plena
1163 2191 1197 2252 et
1218 2185 1320 2252 bbere
1350 2185 1527 2252 auctoritas
1549 2189 1601 2250 est

355 2290 405 2359 et³
427 2307 579 2356 concessa
593 2287 655 2354 luit
676 2288 811 2370 prefatis
834 2288 969 2354 dominis
993 2289 1099 2355 comiti
1116 2295 1150 2355 et
1165 2287 1321 2355 iudicibus
1344 2295 1442 2372 atque
1465 2288 1597 2354 consilio

359 2393 526 2474 credenciq
550 2393 636 2473 dicte
660 2391 798 2458 ciuitatis
815 2391 912 2458 dandi
935 2391 1077 2458 ordinem
1093 2396 1128 2459 et
1141 2393 1270 2458 modum
1293 2392 1433 2475 ipsarum
1457 2391 1601 2474 appella·

359 2498 481 2564 tionum
497 2502 530 2563 et
545 2495 586 2562 ad
602 2497 819 2562 executionem
842 2495 997 2561 dictarum
1019 2495 1197 2562 litterarum
1220 2497 1376 2579 regalium
1399 2503 1497 2579 atque
1522 2514 1598 2578 pro·

287 2683 293 2696 ἱ
360 2601 499 2676 uidendi,
531 2599 703 2683 statuendi,
734 2599 902 2666 ordinandi
932 2603 965 2665 et
992 2597 1189 2665 reformandi
1219 2601 1391 2682 superinde
1421 2607 1519 2683 prout
1549 2599 1599 2665 eis

356 2705 518 2772 uidentur.
551 2703 594 2770 Et
617 2705 672 2783 ita,
704 2704 790 2786 quod
820 2703 968 2786 quicquid
996 2721 1055 2784 per
1077 2703 1173 2785 ipsos,
1203 2704 1256 2769 uel
1287 2704 1438 2796 maiorem
1467 2709 1598 2785 partem

359 2828 469 2877 eorum
491 2806 585 2875 fieret
607 2809 638 2872 in
654 2807 827 2890 premissis,
851 2807 950 2873 robur
971 2813 1126 2889 perpetue
1148 2806 1308 2874 firmitatis
1331 2809 1483 2887 obtinere,
1508 2827 1548 2874 ac
1569 2808 1599 2875 si

358 2913 477 2980 lactum
501 2911 618 2978 diisset
632 2930 690 2994 per
705 2913 809 2994 ipsum
831 2911 982 2994 generale
1004 2911 1168 2976 consilium
1185 2911 1269 2991 dicte
1291 2911 1431 2977 ciuitatis
1447 2916 1481 2976 et
1496 2911 1600 2976 etiam

358 3018 391 3082 in
413 3015 576 3082 uolumine
597 3021 789 3081 statutorum
806 3015 891 3094 dicte
908 3013 1045 3079 ciuitatis
1067 3013 1143 3095 poni
1165 3014 1305 3082 deberet
1328 3015 1373 3080 Et
1389 3015 1462 3081 ideo
1477 3013 1604 3096 prelati

358 3121 477 3187 domini
500 3137 615 3198 comes,
642 3119 764 3186 iudices
787 3125 821 3185 et
843 3118 1005 3184 consilium
1032 3116 1206 3198 credentis,
1237 3117 1408 3202 diligenter
1436 3119 1597 3200 inspectis

360 3230 395 3290 et
409 3223 540 3290 attentis
560 3222 704 3288 omnibus
721 3229 754 3288 et
769 3221 901 3304 singulis
924 3219 1017 3286 iactis
1040 3227 1138 3302 atque
1161 3221 1269 3288 debita
1290 3222 1496 3289 meditatione
1520 3241 1603 3304 pen-

359 3328 438 3395 satis
460 3327 668 3410 diligentique
691 3325 846 3408 colloquio
869 3331 903 3391 et
924 3329 1065 3390 tractatu
1088 3342 1126 3391 ac
1148 3325 1284 3406 prouida
1306 3327 1546 3392 examinatione
1572 3331 1605 3393 et

355 3435 482 3498 matura
505 3429 736 3498 deliberatione
759 3430 920 3495 intereos
942 3427 1133 3510 prebebitis,
1166 3428 1310 3494 ordinem
1335 3429 1523 3495 atmodum
1548 3429 1606 3495 de·

358 3535 475 3601 derunt
496 3535 574 3617 ipsis
597 3532 863 3616 appellationibus
878 3536 912 3598 et
925 3533 959 3597 in
973 3531 1059 3608 facto
1074 3533 1215 3616 ipsarum
1238 3533 1487 3616 appellationum
1504 3539 1607 3615 atque

356 3638 399 3706 ad
418 3639 635 3707 executionem
651 3638 807 3702 dictarum
830 3636 1010 3702 litterarum
1031 3637 1193 3719 regiarum
1207 3655 1245 3703 ac
1260 3637 1356 3703 etiam
1378 3637 1604 3721 prouiderunt,

355 3747 536 3809 statuerunt
558 3747 592 3809 et
614 3741 845 3808 ordinauerunt
876 3745 973 3823 atque
1003 3739 1261 3808 reformauerunt
1291 3741 1470 3826 superinde,
1493 3747 1536 3807 ut
1559 3741 1606 3807 in·

354 3843 455 3912 serius
477 3845 666 3912 continetur.

357 4039 425 4085 oxa.
449 4039 563 4085 xxxma
593 4039 699 4085 monus
722 4038 946 4085 oasaaumroua
968 4039 1123 4083 murram
1143 4039 1187 4082 an
1211 4039 1400 4102 commerear,
1430 4039 1563 4094 cumo
1583 4040 1605 4084 a

663 4127 838 4171 saunasrrx
859 4127 1045 4172 ronasmms
1066 4105 1297 4170 mammonae

400 4222 571 4306 Inprimis
602 4243 740 4307 namque
761 4224 1027 4305 reformatorunt
1061 4224 1283 4307 prouiderunt,
1317 4223 1553 4292 ordinauerunt
1574 4227 1607 4290 et

360 4331 555 4409 statuerunt,
579 4329 665 4411 quod
688 4330 878 4412 quicumque
893 4346 933 4394 ex
946 4329 1144 4412 litigantibus
1166 4347 1230 4395 non
1252 4327 1349 4395 fuerit
1372 4333 1545 4395 contentus
1566 4327 1605 4392 de

408 4504 493 4583 1Αρ.
514 4507 645 4584 Ljub.:
672 4505 847 4585 „alterum“.
917 4501 930 4540 ¹
951 4505 1062 4566 ibid:
1088 4504 1273 4588 „nouerint“.
1345 4501 1357 4540 ⁸
1375 4508 1440 4581 „est
1454 4504 1500 4564 et‘
1521 4505 1602 4564 deest

356 4593 450 4653 ibid.
543 4591 634 4669 ‘Ap
665 4594 776 4670 Ljub.
806 4597 836 4652 et
866 4593 945 4652 eod.
976 4593 1083 4652 acad.
1113 4593 1155 4654 B:
1190 4591 1312 4671 „Modus
1340 4591 1545 4652 obseruandus
1571 4591 1597 4648 in

356 4678 499 4738 mibendo
521 4677 722 4758 (mittendum)
744 4679 784 4740 ad
806 4673 993 4753 colleginm“.
