3376 5392
321 442 381 510 rm

318 653 536 736 pitulariorum
560 655 612 720 uei
635 656 894 734 commissionum,
918 655 1156 737 annichilcntur,
1185 657 1383 738 corrigantur
1398 656 1548 724 0100101-

318 763 444 824 mentur
465 760 498 824 in
520 759 603 824 hunc
625 759 768 838 mo'dum3
791 759 952 826 uidelicet:
979 761 1064 841 quod
1086 779 1194 828 omnes
1218 759 1378 841 officiales,
1402 747 1550 845 rectores,

319 863 573 944 ambasciatores,
598 865 781 946 prouisores
804 865 856 930 uel
879 865 930 946 aiij
954 883 1151 948 quocumque
1181 867 1306 933 nomine
1328 871 1550 946 nuncupentur

319 973 383 1032 tam
406 968 499 1046 intua,
524 988 618 1050 quam
641 962 739 1047 entra,
772 970 825 1051 qui
848 970 888 1036 de
911 976 1016 1036 cetero
1037 972 1172 1050 conuicti
1193 970 1311 1036 tuerint
1331 990 1391 1052 per
1413 972 1548 1036 aduoca-

319 1080 408 1138 tores
431 1074 614 1162 communis,
639 1075 723 1154 quod
745 1073 841 1140 furati
863 1074 981 1140 fuerint
1003 1075 1154 1142 debonis
1178 1081 1212 1141 et
1233 1075 1352 1142 hauere
1376 1075 1549 1141 communis

316 1177 414 1242 libras
439 1184 479 1244 50
502 1179 542 1243 ad
565 1197 709 1260 grossum
734 1180 786 1244 uel
809 1179 882 1245 inde
904 1199 1001 1261 supra
1023 1187 1078 1246 ant
1108 1182 1288 1263 acceperint
1310 1182 1350 1247 ab
1381 1181 1453 1246 aliis
1477 1199 1548 1246 con-

317 1289 368 1347 tra
384 1285 631 1365 commissiones
652 1285 705 1349 uel
721 1285 906 1366 capitularia
922 1305 980 1350 000
995 1286 1091 1352 libras
1108 1293 1170 1353 500
1192 1286 1233 1352 ad
1250 1303 1386 1370 grossos,
1404 1285 1456 1350 uel
1477 1284 1550 1349 inde

315 1405 412 1470 supra
433 1389 526 1454 modo
549 1389 653 1470 aliquo
676 1390 728 1454 uel
750 1389 892 1472 ingenio,
921 1391 1138 1474 intelligantur
1160 1409 1199 1455 ex
1228 1409 1310 1455 nunc
1332 1390 1486 1456 cecidisse
1509 1389 1548 1454 ad

316 1492 502 1558 soluendum
526 1494 670 1574 capitale,
699 1500 732 1563 et
754 1496 947 1560 tantumdem
971 1513 1028 1577 pro
1051 1514 1169 1577 poena,
1200 1513 1301 1576 usque
1324 1495 1366 1560 od
1390 1501 1456 1560 tres
1480 1494 1547 1559 dies

316 1603 481 1678 postquam
505 1597 623 1664 tuerint
651 1599 787 1664 conuicti
814 1600 872 1666 sub
902 1618 1004 1682 poena
1026 1601 1202 1676 solidorum
1227 1601 1365 1682 quinque
1388 1619 1446 1682 pro
1470 1599 1550 1664 libra

196 1789 201 1798 ι
314 1708 380 1768 tam
403 1702 556 1790 capitalis,
580 1722 675 1785 quem
697 1723 827 1789 poenae,
854 1723 935 1786 quae
950 1723 1052 1788 poena
1068 1705 1228 1771 diuidatur
1243 1724 1301 1787 per
1330 1704 1479 1781 medium,
1504 1703 1548 1767 ui·

315 1807 430 1874 delicet
451 1809 606 1874 medietas
630 1811 671 1874 sit
692 1809 890 1876 aduocatoris
914 1815 947 1874 et
968 1811 1120 1878 medietas
1142 1811 1331 1888 communis;
1355 1816 1389 1874 et
1411 1807 1550 1874 01100011

315 1919 488 1992 accusator,
513 1933 616 1996 poena
639 1914 798 1978 diuidatur
820 1933 878 1996 per
903 1916 1032 1980 tertium
1054 1922 1086 1982 et
1109 1916 1151 1982 sit
1172 1916 1212 1982 de
1235 1915 1397 1981 credentia
1414 1919 1449 1978 et
1463 1913 1548 1978 ultro

315 2017 375 2082 hoc
397 2019 461 2082 sint
483 2024 638 2098 perpetuo
661 2021 778 2100 priuati
800 2020 943 2085 omnibus
968 2017 1087 2102 offitijs,
1115 2007 1330 2104 regiminibus,
1354 2019 1493 2099 consitiJ'a
1516 2025 1548 2082 et

314 2119 475 2204 beneficijs
499 2123 671 2188 communis
693 2123 896 2190 Venetiamm
919 2129 983 2188 tam
1005 2126 1099 2204 intus,
1124 2143 1218 2206 quam
1233 2130 1323 2190 extra
1338 2131 1372 2190 et
1386 2123 1550 2188 cridentur

316 2227 349 2290 in
372 2226 465 2308 pleno
488 2228 598 2292 maiori
621 2229 752 2293 consilio
776 2227 816 2294 (10
839 2227 922 2294 10010
945 2229 1077 2294 solemni
1100 2229 1231 2308 cnidum,
1255 2229 1306 2295 001
1328 2229 1360 2292 10
1376 2246 1446 2311 quo
1470 2226 1549 2293 fiant

316 2332 357 2397 (10
382 2336 430 2396 12.
454 2332 660 2415 regiminibus
684 2351 859 2415 perunum
883 2353 921 2399 ex
948 2334 1193 2400 aduocaturibus
1222 2335 1405 2399 communis.
1429 2331 1549 2398 Vemm

316 2438 343 2502 si
365 2436 518 2519 praedicti
540 2435 682 2502 furantes
706 2438 746 2503 de
769 2439 860 2509 bonis
883 2439 1063 2518 communis,
1087 2439 1139 2506 uel
1161 2439 1254 2505 aliter
1276 2438 1317 2504 ab
1339 2439 1410 2522 aiijs
1432 2437 1547 2518 accipi-

317 2549 407 2609 entes
430 2545 540 2609 contra
569 2543 814 2622 commissiones,
843 2545 894 2610 uel
917 2542 1104 2626 capitularia
1126 2563 1192 2623 sua,
1225 2544 1336 2610 uolent
1365 2544 1548 2620 restituere,

316 2653 349 2714 et
371 2649 539 2713 restituent
561 2665 662 2729 usque
684 2647 724 2712 ad
748 2654 813 2714 tres
836 2649 903 2715 dies
925 2655 1094 2730 postquam
1121 2648 1241 2714 fuerint
1262 2648 1406 2730 requisiti
1429 2647 1471 2712 ab
1494 2645 1548 2710 ad-

315 2753 518 2818 uocatoribus
541 2771 603 2818 non
625 2754 837 2835 permittendo
860 2773 895 2820 se
918 2755 1070 2834 conuinci,
1094 2753 1150 2820 sed
1173 2753 1350 2820 confitendo
1366 2770 1401 2818 se
1424 2749 1546 2814 iuratos

314 2857 413 2924 fuisse
437 2859 588 2924 debonis
611 2859 793 2938 communis,
816 2859 869 2924 uel
891 2860 983 2924 aliter
1005 2859 1175 2940 accepisse,
1200 2859 1251 2925 uel
1274 2859 1314 2924 ab
1338 2857 1412 2938 alijs
1434 2861 1546 2922 contra

316 2963 551 3030 commissiones
575 2981 659 3040 0000,
683 2969 758 3028 1000
788 2969 952 3029 teneantur
977 2963 1101 3030 soluere
1124 2964 1259 3045 capitale
1284 2967 1318 3028 et
1339 2961 1546 3044 medietatem

316 3070 388 3152 plus
410 3085 604 3150 pro-poena,
627 3085 709 3148 qnae
733 3067 891 3133 diuidatur
913 3074 950 3132 ut
969 3087 1073 3149 supra,
1105 3075 1138 3134 et
1160 3069 1245 3134 ultra
1266 3068 1328 3133 hoc
1350 3069 1414 3134 sint
1436 3085 1550 3148 perpe

315 3180 371 3240 tuo
395 3173 511 3255 priuati
536 3171 643 3256 offitio,
667 3172 720 3237 nel
743 3173 904 3256 regimine,
929 3173 983 3238 ubi
1006 3173 1239 3238 commisissent
1261 3173 1412 3240 delictum
1434 3177 1466 3238 et
1489 3173 1549 3236 cri·

317 3278 433 3344 dentur
455 3277 550 3342 etiam
580 3277 618 3341 in·
642 3278 753 3343 maiori
782 3278 912 3343 consilio
942 3283 978 3342 ut
1000 3278 1117 3342 dictum
1148 3283 1206 3343 est.
1242 3275 1275 3342 Si
1306 3295 1382 3342 uero
1416 3275 1550 3358 predicti

315 3383 450 3448 conuicti
464 3381 582 3448 fuerint
596 3381 718 3448 furatos
733 3381 831 3448 fuisse
846 3401 865 3447 a
880 3381 967 3447 libris
981 3383 1115 3448 5010100
1131 3383 1171 3447 (10
1192 3383 1285 3447 50010
1300 3381 1475 3447 communis
1497 3380 1550 3445 001

317 3488 358 3552 00
380 3487 452 3570 alijs
476 3487 633 3569 accepisse
656 3493 765 3552 contra
789 3487 973 3568 capitularia
995 3493 1027 3553 et
1050 3487 1286 3553 commissiones
1309 3503 1384 3551 suas
1404 3491 1437 3550 et
1452 3485 1550 3550 libras

316 3598 442 3658 centum
464 3592 504 3657 ad
527 3609 664 3673 grossos,
686 3597 763 3656 tnnc
785 3592 940 3674 praedicti
963 3593 1125 3658 incurrant
1139 3593 1179 3656 ad
1197 3591 1382 3657 soluendum
1406 3590 1546 3672 capitale

317 3706 350 3764 et
372 3698 572 3762 medietatem
595 3697 667 3778 plus
698 3715 755 3777 pro
786 3713 889 3777 poena
918 3696 957 3760 ad
987 3697 1104 3762 dictum
1131 3696 1298 3762 terminum
1323 3703 1356 3762 et
1380 3695 1440 3761 sub
1463 3694 1549 3759 dicta

315 3822 429 3887 poena,
452 3821 533 3884 quae
555 3801 715 3866 diuidatur
745 3805 781 3866 ut
808 3819 904 3882 supra
927 3807 960 3866 et
981 3802 1065 3866 ultra
1087 3800 1147 3866 hoc
1169 3803 1232 3867 sint
1253 3805 1408 3882 perpetuo
1431 3800 1547 3880 priuati

317 3905 426 3986 offitio,
457 3907 507 3972 uel
530 3907 689 3987 regimine,
713 3906 767 3972 ubi
790 3906 1018 3971 commisissent
1047 3905 1195 3971 delictum
1226 3911 1259 3970 01
1288 3905 1487 3988 publicentur
1517 3905 1549 3968 10

316 4013 426 4078 maiori
450 4013 578 4078 consilio
603 4031 659 4094 per
681 4011 889 4076 aduncatores
913 4011 1084 4076 communis
1107 4017 1143 4076 ut
1165 4011 1280 4075 dictum
1303 4015 1361 4088 est,
1385 4014 1420 4075 et
1441 4010 1469 4074 si
1491 4027 1550 4075 uo⁴

315 4119 385 4183 lent
407 4118 575 4183 restituere
598 4123 631 4180 01
651 4118 829 4200 restituent,
859 4116 911 4180 uel
935 4116 1059 4181 soluere
1090 4121 1123 4180 et
1145 4115 1270 4182 soluent
1292 4133 1393 4195 usqne
1416 4115 1457 4179 ad
1482 4120 1549 4180 tres

317 4222 385 4287 dies
409 4227 575 4302 postquam
598 4220 716 4284 fuerint
738 4220 880 4302 requisiti
901 4220 941 4283 ab
966 4219 1219 4301 aduocatoribus,
1251 4237 1313 4284 non
1335 4218 1549 4300 permittendo

317 4345 352 4391 se
375 4326 525 4396 conuinci,
550 4325 607 4390 sed
630 4323 819 4408 confitendo,
845 4343 879 4388 se
897 4323 1019 4388 furatos
1042 4323 1139 4390 tuisse
1162 4324 1315 4390 debonis
1342 4324 1549 4390 communisa

317 4429 405 4495 libris
431 4436 470 4496 50
494 4429 577 4494 infra
599 4430 640 4494 ed
663 4447 801 4511 grossos,
825 4430 876 4494 001
898 4429 937 4494 ab
954 4429 1024 4511 alijs
1041 4430 1132 4495 aliter
1155 4429 1314 4510 accepisse
1331 4429 1454 4493 alibris
1477 4446 1548 4494 cen-

317 4541 383 4599 tnm
408 4533 490 4598 inira
512 4535 552 4599 ad
575 4551 712 4617 grossos,
736 4538 811 4597 tunc
834 4533 875 4597 ad
898 4533 1015 4598 dictum
1038 4535 1205 4598 terminum
1222 4539 1255 4598 et
1270 4534 1328 4598 snb
1345 4532 1430 4598 dicta
1444 4551 1549 4614 poena

317 4645 487 4704 teneantur
509 4639 634 4703 soluere
658 4637 791 4719 capitale
814 4641 847 4702 ct
868 4640 995 4703 tertium
1019 4639 1090 4720 plus
1113 4657 1170 4720 pro
1192 4657 1304 4720 poena,
1329 4657 1410 4720 quae
1426 4637 1549 4704 diuida-

317 4751 369 4812 tur
390 4749 426 4809 ut
449 4763 546 4828 supra
568 4749 602 4809 et
624 4744 709 4808 ultra
730 4742 789 4810 hoc
811 4743 978 4823 priuentur
1000 4742 1109 4829 offitio,
1132 4745 1183 4809 uel
1207 4743 1369 4824 regimine,
1394 4744 1547 4809 0101οο10-
