3398 5354
1284 523 1342 590 let

100 735 136 802 in
171 738 298 805 centum
320 733 409 802 luins
440 732 691 812 condemnetur¹,
720 733 747 800 ei
771 749 848 799 uero
870 731 939 799 eius
963 729 1103 814 militem,
1133 731 1166 798 in
1188 731 1342 813 quinqua·

98 841 194 923 ginta
216 841 315 923 libris,
337 839 446 906 habita
470 837 583 921 supra²
606 837 727 904 ratione
743 841 775 904 et
797 836 999 903 distinctione
1015 836 1056 902 sd
1072 836 1194 902 uultum
1210 841 1243 902 et
1259 835 1338 902 alias

98 951 213 1027 partes
237 945 386 1028 corporis.
409 943 453 1010 lit
475 943 502 1010 si
518 943 634 1009 dictam
654 939 963 1008 condemnationem⁸
985 940 1110 1008 soluere
1131 959 1194 1007 non
1209 941 1339 1022 poterit,

100 1049 312 1116 abscindatur
333 1049 394 1115 sibi
414 1066 527 1115 manus
551 1049 692 1113 dextere.

144 1153 192 1219 Et
214 1153 246 1218 in
269 1153 328 1220 hoc
351 1171 428 1220 casu
449 1157 555 1218 rector
576 1149 717 1216 ciuitatis
741 1147 862 1233 Spalati
885 1150 1001 1218 habeat
1022 1149 1149 1233 plenum
1171 1150 1338 1216 arbitrium

100 1253 287 1338 inquirendi
310 1257 378 1323 sine
400 1256 507 1339 aliqua
536 1253 736 1321 accusatione
766 1253 819 1320 uel
851 1253 1098 1334 denuntiatione,
1129 1254 1204 1320 dum
1234 1261 1343 1319 tamen

100 1360 137 1426 in
170 1359 424 1430 condemnando⁴
454 1357 718 1426 contrafacientes
748 1375 863 1440 penam
895 1358 1070 1440 predictam
1101 1358 1254 1425 excedere
1282 1376 1346 1426 non

101 1464 215 1533 ualeat
237 1465 301 1532 ullo
323 1465 427 1532 modo.

150 1567 198 1634 ut
226 1569 254 1636 si
285 1569 432 1651 aliquod⁶
454 1571 609 1634 statutum
638 1573 749 1632 contra
778 1583 912 1648 presens
934 1570 1087 1634 statutum
1111 1569 1287 1649 reperiatur
1311 1568 1344 1632 in

101 1673 250 1756 presenti
279 1673 441 1740 uolumine
471 1676 671 1750 statutorum,
702 1689 764 1736 non
787 1669 905 1746 ualeat,
935 1671 992 1737 sed
1022 1688 1155 1754 presens
1189 1676 1345 1738 statutum

102 1778 149 1843 sit
185 1777 420 1862 derogatorinm
451 1776 597 1842 omnibns
629 1775 700 1858 alije
733 1775 870 1858 statrrtis,
906 1780 971 1840 tam
1004 1775 1214 1857 generalibus,
1252 1792 1344 1857 quam
1454 1811 1456 1818 ,

102 1881 307 1963 specialibus,
339 1898 402 1964 que
426 1880 485 1948 ad⁶
506 1883 689 1964 presentem
712 1879 878 1945 materiam
901 1895 1099 1962 quocumque
1126 1879 1220 1945 modo
1242 1877 1347 1948 lacere

101 1985 321 2069 personetur
351 1983 437 2068 quod
466 2001 602 2066 presens
634 1987 788 2050 statuam
819 1983 944 2050 omnino
973 1981 1209 2050 inuiolabiliter·
1229 1983 1346 2050 debeat

104 2087 284 2155 obseruari.

391 2233 458 2278 our.
482 2233 603 2278 oxxvn.
627 2233 670 2300 nu
692 2231 877 2278 comesu
898 2208 1069 2275 mnnrml.

149 2329 232 2399 Item
248 2336 402 2398 statutum
418 2336 452 2398 et
467 2331 647 2398 ordinatum
670 2337 721 2398 est
741 2349 798 2414 per
818 2328 1038 2413 infrascriptos
1054 2329 1240 2416 sapientes⁸,
1258 2329 1343 2413 quod

104 2442 251 2518 potestas
272 2435 326 2502 nel
348 2437 418 2504 eius
440 2435 534 2502 miles
554 2435 607 2502 uel
628 2442 735 2503 rector
749 2435 887 2502 ciuitatis
903 2433 1034 2520 Spoleti,
1058 2435 1112 2516 qui
1126 2454 1185 2518 pro
1201 2439 1345 2518 tempore

104 2537 206 2606 fuerit
236 2539 269 2605 in
292 2541 363 2622 ipsa
392 2539 524 2606 ciuitate
555 2545 590 2606 et
619 2539 753 2622 quilibet
781 2541 923 2622 ipsorum
951 2540 1053 2623 possit
1080 2559 1138 2624 pro
1167 2537 1284 2606 debitis
1313 2538 1347 2605 in

105 2647 213 2711 causis
236 2644 380 2711 ciuilibus
403 2645 570 2727 precipere
594 2651 628 2711 ct
649 2663 765 2728 penam
788 2645 950 2728 imponere
974 2644 1158 2727 cuicumque
1180 2643 1239 2710 sibi
1257 2645 1344 2710 uide-

104 2749 195 2816 bitur
210 2766 311 2830 usque
327 2749 368 2833 ad
384 2749 597 2831 quantitatem
613 2749 721 2816 decem
736 2749 898 2826 librarum.
914 2748 952 2814 Iu
967 2747 1224 2815 condemnando⁹
1237 2755 1344 2814 eutem

106 2853 214 2935 possit
242 2871 359 2936 penam
389 2854 544 2939 mitigare,
578 2853 723 2935 inspecta
752 2853 932 2919 conditione
961 2871 1097 2935 persone
1128 2853 1345 2935 etqualitate

106 2957 197 3039 meti,
218 2967 318 3040 prout
340 2957 400 3024 sibi
421 2957 532 3025 melius
555 2957 715 3024 uidebitur
737 2957 920 3026 conuenire.

594 3147 865 3217 commemorarem.

153 3267 225 3351 Qoe
248 3271 470 3352 correctiones,
492 3269 689 3340 addictiones
713 3275 747 3338 et
769 3277 890 3338 statuto
912 3271 1129 3354 suprascripta
1151 3268 1276 3340 firmata
1296 3271 1345 3338 lu-

108 3381 206 3442 erunt
227 3374 261 3439 in
282 3374 409 3457 publico
432 3381 467 3442 et
487 3375 630 3458 generali
653 3375 783 3442 consilio
805 3375 943 3442 ciuitatis
959 3371 1081 3458 Spalati
1100 3375 1141 3442 ad
1156 3393 1268 3443 uocem
1286 3395 1344 3460 pre

107 3480 198 3546 conis
220 3484 255 3546 et
277 3497 389 3546 sonum
411 3497 564 3564 campane
588 3481 621 3546 in
650 3481 769 3575 palatio
803 3481 976 3548 communis
1006 3479 1155 3547 mandato
1178 3481 1292 3547 nobilis
1315 3487 1349 3548 et
1456 3487 1459 3491 '

107 3583 251 3666 potentis
273 3583 334 3650 uiri
356 3583 484 3666 Andree
507 3585 628 3653 domini
650 3585 807 3652 Dominici
830 3586 870 3652 de
892 3584 1029 3652 Marehis
1050 3585 1090 3653 de
1112 3585 1228 3666 Firmo,
1251 3584 1349 3651 hono·

107 3689 219 3755 rabilis
242 3691 410 3772 potestatis
433 3691 571 3759 ciuitatis
593 3690 770 3774 predicte¹¹
785 3709 873 3756 more
889 3689 983 3756 solito
1005 3695 1197 3773 congregato
1217 3694 1250 3757 et
1264 3690 1346 3770 lecte

108 3811 170 3876 per
193 3811 243 3860 me
266 3794 502 3872 Quilielmum¹²
524 3794 669 3862 Seruidei
684 3796 724 3862 de
738 3795 854 3874 Firmo,
877 3793 1034 3861 notarium
1057 3795 1132 3860 dieti
1155 3793 1272 3862 domini
1288 3813 1344 3877 pc·

110 3900 241 3964 testatis
272 3903 305 3964 et
334 3900 472 3967 ciuitatis
495 3899 617 3982 Spalati
646 3901 704 3967 sub
733 3919 816 3966 anno
840 3899 957 3966 domiui
978 3899 1140 3983 Mcccxiiij,
1173 3899 1347 3967 indiccione

109 4013 169 4086 xp·
192 4009 336 4086 tempore
353 4003 526 4071 Clementis
548 4022 630 4088 pape
648 4005 758 4088 quinti,
775 4005 826 4072 die
840 4005 931 4086 xviij·
951 4003 1069 4085 aprilis.
1093 4002 1261 4070 Nomina¹⁸
1282 4009 1346 4071 sta·

109 4113 255 4174 tutorum
277 4115 310 4176 et
332 4111 566 4192 suprascriptas
589 4109 809 4194 correctiones,
832 4108 1011 4175 additiones
1033 4115 1067 4176 et
1089 4113 1251 4174 statutum
1272 4105 1348 4174 iaci·

158 4285 170 4324 ¹
200 4289 288 4354 eoo.
321 4291 428 4353 acad.
460 4291 503 4351 B:
537 4283 813 4369 „condempnettrr“.
905 4285 918 4323 ²
947 4289 1004 4364 Ap.
1032 4287 1152 4365 upon:
1184 4289 1350 4367 ,semper“.

115 4374 236 4439 ⁸Cod.
260 4377 363 4438 acad.
385 4379 427 4440 B:
455 4378 792 4454 „condempnationem“.
898 4373 910 4409 ⁴
931 4375 1037 4436 ibid:
1063 4373 1351 4449 ,condempnassent

115 4461 195 4542 ‘Ap
220 4465 342 4542 ujus:
368 4461 496 4544 „aliud“.
559 4463 696 4525 tibin:
721 4461 870 4544 „quoad“.
933 4460 1077 4522 ⁷ibid:
1100 4459 1354 4538 „Quodpotestas

112 4553 206 4628 possit
220 4568 325 4632 penam
341 4553 490 4628 imponere
504 4551 534 4610 in
549 4553 646 4612 causis
661 4545 826 4610 ciuilibnn“.
886 4545 898 4582 ⁸
912 4547 998 4610 ibid.
1015 4551 1045 4607 et
1058 4547 1088 4606 in
1104 4545 1181 4606 cod.
1197 4547 1296 4607 acad
1312 4547 1356 4612 B:

114 4634 337 4722 ¹,statutar·ioe⁰‘.
401 4635 471 4701 ⁹cf.
488 4639 554 4698 adn.
572 4637 606 4716 4)
668 4634 696 4671 ²⁰
717 4637 810 4695 Deest
831 4653 879 4712 ap.
904 4635 930 4694 L
934 4634 1032 4712 jun:
1050 4634 1101 4693 ubi
1122 4649 1188 4709 cap.
1204 4633 1350 4697 CXXVII.

111 4726 308 4786 continuatur.
369 4721 702 4804 ¹²ibtd.:,spalati“.
758 4718 1141 4802 ¹²ibid.:„Gnidenum“.
1201 4715 1351 4782 ¹'ibide

116 4829 207 4889 ¹,nero
230 4811 483 4874 statutariornm“.
