3422 5364
1592 6 1702 430 l

371 425 434 490 286

792 652 861 698 (MP.
883 654 993 696 nxxvt.
1015 655 1058 696 DE
1080 654 1197 698 EODE-

414 769 496 834 Item
520 773 648 850 captum
671 766 741 848 fnit,
765 767 850 849 quod
873 771 1092 852 unusquisque
1112 769 1214 852 possit
1231 769 1410 853 ponderare
1430 769 1471 836 ad
1495 770 1605 837 bailus

369 871 447 938 tiam
478 889 550 937 cum
584 871 739 938 bellantia
772 877 896 938 tantum
932 874 1032 956 ipsius
1062 875 1207 957 comereij
1238 892 1342 956 usque
1374 875 1416 940 ad
1437 893 1498 940 xxv
1519 875 1608 943 libras

373 975 533 1059 ponderis.

417 1078 589 1146 Millesimo
611 1080 753 1162 ccclxxii.
778 1079 830 1146 die
853 1080 956 1162 primo
977 1081 1100 1164 marcij,
1123 1083 1155 1147 in
1170 1079 1449 1149 reformationibus
1463 1082 1609 1164 predictis

375 1191 503 1268 captum
534 1185 583 1251 et¹
605 1183 770 1251 uenditum
800 1181 861 1248 fuit
891 1201 980 1250 more
1001 1183 1096 1251 solito
1126 1204 1196 1250 cum
1226 1185 1417 1264 conditione,
1446 1186 1532 1268 quod
1559 1205 1612 1269 pro

375 1289 556 1356 arboratico
579 1287 658 1353 nibil
680 1287 878 1371 acciperetur
902 1285 1119 1371 Segnensibus
1141 1297 1175 1355 et
1189 1287 1428 1368 Ancbonitanis,
1453 1289 1528 1371 quia
1541 1289 1613 1354 nibil

374 1394 533 1477 accipiunt
555 1391 736 1476 spalatinis.

371 1625 439 1669 on·
462 1625 584 1668 mm.
610 1623 694 1678 QUOD
724 1623 910 1668 OONDUO'POB
938 1624 1002 1667 101
1031 1623 1195 1668 commu
1223 1623 1281 1666 RES
1310 1625 1372 1668 m
1393 1625 1463 1668 m
1484 1623 1613 1668 Hm&

418 1741 500 1808 Item
531 1748 659 1824 captum
689 1739 758 1820 fuit
799 1741 885 1822 quod
914 1740 942 1806 si
972 1739 1146 1807 conductor
1175 1740 1321 1824 cornercij
1353 1741 1467 1808 emerit
1496 1740 1618 1822 aliquas

375 1845 594 1926 merchantias,
627 1845 680 1912 uel
715 1850 839 1928 partem
862 1831 993 1912 babebit
1022 1845 1055 1909 in
1078 1843 1236 1926 aliquibus
1257 1844 1355 1910 rebus
1378 1852 1412 1912 et
1437 1845 1618 1927 meronntiJs

376 1950 503 2032 emptis,
525 1967 588 2016 non
610 1950 723 2035 possit,
756 1967 861 2031 neque
883 1948 994 2014 ualeat
1015 1966 1071 2014 ess
1100 1967 1152 2015 res
1175 1955 1210 2016 et
1230 1949 1421 2016 mercantias
1442 1948 1620 2032 ponderare

377 2074 436 2139 per
457 2072 501 2134 se,
525 2071 585 2121 nec
606 2073 665 2137 per
688 2054 785 2120 alium
813 2053 882 2121 eius
912 2053 1041 2136 socium,
1071 2051 1241 2121 habentem
1264 2060 1390 2136 partem
1411 2053 1445 2119 in
1474 2053 1531 2132 eis,
1560 2052 1619 2118 snb

376 2176 461 2241 pena
482 2157 634 2224 librarum
655 2176 717 2224 xxv
738 2177 797 2241 pro
820 2157 966 2241 qualibet
980 2158 1059 2234 uice,
1084 2157 1124 2222 de
1145 2174 1209 2238 qna
1223 2173 1308 2240 pena
1322 2163 1489 2224 accusator
1501 2156 1621 2224 babeat

377 2262 593 2342 medietatem,
615 2261 644 2328 si
665 2269 832 2328 accusator
854 2261 951 2330 fuerit
971 2267 1007 2329 et
1028 2261 1124 2327 ubam
1146 2261 1352 2329 medietatem
1375 2280 1557 2342 commune;
1588 2265 1623 2326 et

377 2367 403 2434 si
427 2371 595 2434 accusator
617 2385 679 2432 non
700 2364 806 2446 fuerit,
830 2373 899 2433 tota
921 2365 964 2434 sit
994 2366 1167 2432 communis
1190 2371 1224 2430 et
1245 2371 1350 2434 rector
1372 2367 1500 2450 exigere
1527 2369 1616 2430 tane-

377 2477 452 2539 atur
474 2469 577 2555 ipsam
599 2487 715 2554 penam
738 2475 772 2538 et
794 2471 836 2537 ad
857 2471 1023 2537 introilum
1047 2471 1222 2538 communis
1243 2471 1319 2554 poni
1341 2469 1459 2538 fauere.

376 2703 445 2749 011>-
467 2701 603 2746 fflVlII·
627 2701 712 2756 Quom
733 2700 799 2746 NON
812 2700 977 2746 EOBUATUB
993 2701 1177 2802 00²ffl01U1
1191 2701 1252 2746 uo
1267 2701 1447 2747 Utinm!
1462 2700 1625 2746 OOBDUOEO

876 2788 937 2832 1³20
959 2789 1017 2833 8ῦο
1055 2789 1126 2834 ΠΙῦ.

421 2905 589 2974 Millesimo
619 2903 757 2989 cccxlvij.
788 2903 840 2971 die
869 2904 925 2988 iiij.
955 2903 1023 2989 iulij
1053 2905 1087 2970 in
1116 2904 1396 2972 reformationibus
1425 2903 1545 2972 domini
1565 2903 1623 2972 Jo-

380 3009 493 3078 bannis
516 3009 697 3078 Gradenico
721 3027 819 3091 super
841 3009 1058 3076 declaratione
1080 3015 1202 3077 statuto
1225 3009 1373 3092 comercij
1398 3015 1529 3091 captum
1553 3007 1626 3087 fnit,

380 3115 465 3198 quod
487 3118 652 3198 portantes
675 3119 708 3182 et
730 3113 944 3182 conducentes
968 3112 1141 3197 lignamina
1156 3119 1191 3180 et
1209 3118 1333 3196 petram
1351 3119 1474 3181 cocum
1489 3131 1549 3196 pro
1565 3131 1626 3178 usn

381 3225 414 3286 et
436 3217 596 3286 loborerio
618 3217 759 3301 proprio,
782 3235 847 3285 non
865 3221 1035 3284 teneantur
1050 3218 1092 3284 ad
1107 3217 1245 3300 aliquam
1261 3217 1452 3286 solutionem
1469 3215 1628 3299 mmerdj.

423 3322 468 3390 Et
489 3323 550 3389 boc
571 3331 709 3406 ponatur
730 3323 763 3390 in
786 3321 916 3390 statutis
939 3325 974 3389 et
991 3340 1050 3406 pro
1073 3326 1194 3389 statuto
1217 3321 1417 3390 obseruetnr.

727 3553 795 3598 w-
818 3553 929 3597 Irm-
953 3551 1036 3597 ORDO
1057 3551 1280 3597 mun-num.

425 3669 594 3738 Millesimo
617 3669 734 3737 ccclxx.
757 3671 809 3738 die
831 3671 934 3752 primo
956 3669 1135 3737 decembris
1156 3671 1190 3736 in
1205 3667 1485 3750 reformationibus
1507 3667 1632 3751 Angeli

381 3774 422 3841 de
444 3774 604 3841 Fabriuno
626 3779 754 3857 captum
772 3781 831 3854 ost
855 3775 941 3857 quod
962 3773 1020 3840 fiat
1042 3793 1125 3840 unus
1147 3773 1228 3842 liber
1250 3791 1393 3856 magnus,
1428 3773 1463 3838 in
1485 3790 1550 3856 qno
1574 3791 1632 3855 pa-

381 3877 474 3960 cunie
498 3878 682 3958 communis,
706 3883 877 3961 antequam
900 3877 1129 3961 expendantur,
1152 3878 1335 3944 scribantur
1356 3883 1389 3944 et
1412 3877 1509 3944 simili
1533 3876 1631 3944 modo

382 3981 533 4048 introitus
556 3983 730 4049 communis
752 3983 806 4062 ita,
839 3983 925 4065 quod
947 4001 1057 4048 omnes
1090 3983 1230 4048 rationes
1260 3981 1446 4048 introituum
1469 3987 1505 4049 et
1526 3981 1634 4049 extors

385 4085 462 4152 dicti
485 4087 659 4152 communis
680 4086 862 4153 scribantur
876 4088 908 4152 in
925 4086 1010 4153 dicto
1034 4092 1201 4169 quaterno,
1225 4091 1262 4150 ut
1283 4086 1353 4169 ipse
1375 4086 1518 4152 rationes
1541 4085 1632 4152 clarc

382 4195 417 4255 et
440 4189 544 4257 lucide
567 4191 768 4272 reperiantur
783 4198 817 4258 et
838 4190 1008 4256 uideantur
1030 4197 1064 4256 et
1086 4207 1180 4256 nemo
1203 4191 1307 4272 possit
1333 4189 1454 4272 aliquid
1477 4189 1554 4254 dare
1579 4189 1636 4254 nel

382 4294 524 4376 recipere
543 4295 691 4360 debonis
707 4294 898 4378 etpecunijs
921 4294 1005 4376 dicte
1029 4294 1212 4374 communis,
1236 4293 1298 4359 nisi
1320 4295 1422 4377 primo
1444 4291 1635 4359 scribantur

382 4397 415 4462 in
439 4397 523 4464 dicto
545 4397 637 4464 libro.

428 4501 474 4566 nt
495 4501 555 4568 boe
577 4502 616 4568 de
639 4501 821 4569 introitibus
843 4507 878 4568 et
899 4502 1047 4584 expensis
1069 4501 1240 4583 ordinariis
1263 4501 1473 4582 intelligatur.

432 4693 444 4728 ²
465 4696 558 4756 Deest
579 4695 609 4754 in
632 4694 710 4756 eod.
734 4695 841 4756 acad.
864 4695 902 4756 Α.
972 4689 1095 4755 'cod
1119 4693 1268 4756 cuiun:
1294 4687 1466 4779 ,proprio⁸.
