3388 5356
11 851 13 920 ἶ
145 866 206 936 Per
235 887 385 950 possesso
408 869 439 936 d’
447 869 522 936 altri
550 868 685 938 benefici
708 870 850 954 complici
873 887 933 938 con
955 867 997 954 gl'

230 973 290 1038 alli
343 1022 999 1040 .............
1044 973 1103 1038 lire
1125 973 1176 1060 iij;
1209 973 1294 1039 coldi
1315 973 1347 1054 ij.

11 1053 12 1098 ³
145 1073 206 1140 Por
229 1075 321 1158 copia
343 1075 375 1142 di
396 1077 537 1158 parterii
560 1083 673 1160 questo
696 1078 888 1160 conseglio.
935 1127 942 1142 .
988 1125 995 1140 .
1083 1114 1127 1124 —
1199 1077 1283 1142 solda·
1304 1077 1369 1162 viij.

147 1178 209 1246 Per
231 1181 323 1262 copia
346 1179 378 1246 di
400 1187 490 1263 pario
513 1181 597 1247 della
612 1183 887 1266 congregatione.
935 1232 941 1245 .
988 1230 995 1244 .
1084 1219 1126 1228 -
1201 1179 1285 1246 caldi
1307 1180 1370 1264 viij.

144 1283 205 1349 Per
227 1284 320 1368 copie
342 1284 457 1368 d’ogni
486 1285 637 1352 electione
666 1285 696 1350 d’
706 1283 815 1370 offitio,
843 1290 862 1350 o
893 1285 998 1351 carica

228 1387 261 1452 di
284 1393 397 1470 questa
419 1389 498 1454 cille
550 1438 990 1456 .........
1079 1424 1121 1436 -
1194 1387 1277 1452 soldi
1299 1389 1340 1454 iv.

10 1505 12 1558 ἴ
147 1489 207 1556 Per
229 1492 304 1573 ogni
326 1497 418 1573 parte
441 1491 494 1558 del
516 1492 663 1578 conseglo
686 1493 719 1558 di
740 1495 793 1577 xij.
824 1511 883 1576 per
905 1509 995 1560 occa·

10 1651 12 1678 ,
231 1595 322 1662 sione
345 1595 377 1661 di
397 1594 545 1680 naufragi
609 1646 995 1664 ........
1084 1632 1127 1642 -
1201 1595 1283 1660 solda·
1303 1597 1367 1678 viij.

9 1715 10 1784 3
148 1695 209 1763 Per
230 1697 439 1764 l'interuento
462 1699 514 1766 dcl
544 1701 730 1768 cancelliere
757 1701 809 1768 nel
833 1699 992 1784 conseglio

9 1815 11 1888 l
231 1801 403 1869 medesimo
427 1803 586 1871 conforme
607 1805 834 1874 l'osserualo.
882 1857 888 1869 .
936 1855 943 1870 .
989 1851 997 1867 .
1042 1805 1101 1868 lire
1122 1803 1162 1886 ij,
1206 1803 1290 1868 solda·
1312 1805 1352 1886 ῆς

9 1921 11 1982 ;
144 1905 205 1970 Per
227 1907 363 1988 registro
386 1907 417 1972 d’
428 1909 501 1991 ogni
525 1910 643 1991 partito
663 1909 703 1975 de
723 1909 795 1976 libri
818 1927 836 1974 e
858 1908 898 1974 de
913 1910 998 1974 conli

9 2013 11 2040 ²
231 2010 300 2078 sino
324 2012 354 2077 nl
377 2029 507 2079 numero
531 2013 571 2080 de
594 2014 739 2094 quindeci
774 2063 997 2078 .....
1087 2048 1127 2057 -
1201 2011 1284 2075 aoldi
1305 2013 1345 2077 iv.

8 2195 10 2228 Ι
146 2115 205 2181 Dal
229 2132 361 2180 numero
373 2116 413 2182 de
428 2116 564 2198 quindici
576 2135 635 2197 per
647 2115 709 2183 lino
722 2117 762 2182 ad
776 2117 850 2198 ogni
867 2133 997 2196 summo,

8 2287 10 2304 ,
228 2238 286 2302 par
310 2224 399 2285 carta
422 2220 455 2286 in
477 2225 590 2286 stretto
614 2221 773 2286 ordinario
832 2269 838 2282 .
885 2271 891 2284 .
939 2269 946 2284 .
993 2270 1000 2282 .
1090 2257 1132 2265 —
1205 2219 1288 2283 aoldi
1309 2219 1372 2302 viij.

8 2315 9 2320 ’
144 2323 204 2388 Por
226 2325 463 2405 presentatione
494 2324 534 2390 de
563 2324 751 2405 responsali,
775 2344 793 2390 e
816 2324 995 2406 deppenna·

8 2439 9 2448 ’
225 2427 313 2493 tione
336 2427 420 2494 delle
441 2428 614 2510 pieggiarie
636 2446 692 2508 per
715 2428 745 2492 le
767 2428 885 2494 barche
908 2432 927 2492 a
948 2426 994 2492 lo·

228 2529 354 2597 rastieri
376 2537 409 2596 et
432 2551 451 2597 a
472 2531 521 2598 lor
543 2549 636 2598 nome
657 2531 834 2598 solamente
879 2582 886 2596 .
933 2583 940 2596 .
988 2580 995 2594 .
1086 2569 1124 2578 -
1202 2531 1284 2596 aoldi
1305 2533 1366 2615 xvj.

227 2652 290 2700 non
313 2633 461 2701 douendo
487 2635 499 2699 i
525 2635 671 2715 massin,
701 2653 741 2702 no
770 2635 843 2700 altri
874 2635 997 2702 terrieri

230 2755 318 2804 osser
341 2739 442 2804 tenuti
467 2743 690 2821 apegannenlo
706 2738 818 2805 alcum
835 2737 995 2806 conionne

226 2841 488 2909 Interminatione
505 2841 566 2908 del'
577 2842 836 2909 eccellentissimo
852 2843 909 2926 sig.
922 2861 994 2925 pro·
1014 2911 1018 2920 ,

226 2946 372 3013 uaditore
393 2945 522 3028 general
544 2945 673 3012 Molino.

7 3097 8 3132 ἒ
142 3049 204 3116 Per
224 3050 461 3132 presenocione
483 3051 523 3115 do
552 3050 727 3131 responsali
750 3051 782 3114 in
805 3052 925 3116 cndaun
949 3050 994 3116 al·

228 3159 280 3219 tra
303 3153 444 3232 materia,
462 3172 480 3219 a
496 3153 751 3236 deppennaliono
766 3153 798 3219 di
821 3154 995 3237 pieggiario

226 3276 246 3323 a
267 3258 278 3322 i
301 3257 425 3324 terrieri
1080 3295 1121 3306 -
1195 3259 1278 3324 aoldi
1300 3259 1363 3343 viij.

7 3329 9 3336 ‚
143 3360 171 3425 ll
193 3359 309 3442 doppio
332 3359 525 3428 llorastieri
547 3359 653 3444 giusta
675 3359 707 3425 la
722 3365 809 3428 lassa
824 3359 993 3427 vecchioe

225 3463 247 3528 l'
272 3471 440 3531 ossoruato
502 3511 997 3530 ..........
1085 3501 1128 3512 -
1201 3466 1283 3531 ooldc'
1304 3469 1365 3550 xvj.

143 3567 205 3634 Per
226 3567 424 3651 responsale,
440 3567 498 3634 che
521 3568 548 3632 si
571 3567 603 3633 la
624 3568 657 3632 in
675 3569 777 3650 quesl'
794 3566 893 3636 offitio
939 3619 946 3635 .
993 3619 1000 3634 .
1090 3605 1130 3618 -
1204 3571 1288 3636 colda'
1309 3571 1361 3653 xij.

141 3672 204 3737 Per
227 3673 300 3756 ogni
323 3672 463 3752 liceras,
495 3675 514 3738 ὸ
544 3671 677 3740 bollella
706 3671 934 3740 d’estraltione
962 3673 994 3738 di

228 3775 324 3842 merci
347 3793 366 3841 c
389 3775 513 3842 d'oltro
536 3775 586 3841 col
608 3793 665 3840 suo
689 3776 824 3858 registro
883 3825 891 3841 .
938 3823 945 3838 .
993 3827 999 3842 .
1087 3811 1131 3824 -
1206 3778 1288 3842 caldi
1311 3779 1373 3861 viij.

142 3877 319 3962 Pornopia
349 3877 380 3945 d’
398 3878 470 3962 ogni
500 3878 661 3960 proclama
682 3879 756 3945 dell’
779 3879 993 3947 illustrissimo

230 3982 403 4066 regimento
448 4031 997 4048 ...........
1086 4021 1128 4032 -
1201 3985 1283 4050 ccidi
1305 3985 1358 4068 xij.

143 4084 207 4150 Por
227 4085 375 4152 rescrilto
399 4089 418 4150 l
439 4085 553 4153 lettere
575 4091 609 4152 et
630 4085 733 4152 ordini
756 4085 796 4154 de
826 4087 992 4171 superiori,

230 4187 278 4254 ool
301 4189 439 4272 registro
506 4235 999 4270 ..........
1045 4193 1109 4256 liro
1128 4193 1157 4276 j;
1207 4193 1289 4258 aoldi
1310 4193 1351 4258 iv.

141 4289 202 4356 Per
225 4293 297 4377 ogni
320 4293 459 4378 capitolo
482 4294 523 4360 da
545 4312 663 4377 prouar
684 4293 717 4359 in
740 4293 833 4362 ciuile
886 4345 893 4360 .
940 4347 947 4360 .
993 4345 1000 4360 .
1089 4331 1126 4342 -
1205 4295 1288 4360 soldi
1309 4295 1353 4379 iij.

141 4394 202 4464 Per
223 4397 373 4464 mandato
395 4397 510 4480 pcnala
562 4445 1002 4462 .........
1090 4435 1132 4446 -
1208 4400 1290 4464 soldi
1311 4399 1343 4482 ij.

7 4489 9 4496 ’
140 4499 202 4567 Per
223 4501 247 4566 il
269 4519 327 4568 suo
349 4503 485 4585 registro
509 4547 1003 4568 ..........
1092 4539 1135 4550 -
1207 4503 1289 4568 coldo·
1311 4504 1342 4585 ij.

140 4603 202 4671 Per
224 4605 379 4674 ralolione
402 4605 442 4672 do
464 4606 558 4689 periti
580 4605 613 4670 in
635 4606 710 4690 ogni
733 4623 844 4673 caso.
892 4657 898 4670 .
946 4657 952 4671 .
999 4657 1005 4670 .
1094 4644 1137 4655 -
1211 4607 1293 4672 soleii
1315 4607 1356 4672 iv.

140 4707 202 4775 Per
224 4709 385 4777 noalione
408 4709 458 4776 del
481 4711 605 4776 notorio
628 4728 687 4776 con
710 4711 740 4777 le
764 4729 821 4778 sue
842 4711 996 4794 paterii.
1042 4711 1101 4775 lira
1123 4711 1183 4794 vij3
1251 4743 1290 4758 -

142 4811 203 4880 Per
225 4812 416 4896 priuileggio
440 4813 470 4878 d’
479 4813 707 4898 aggregatione
730 4817 749 4880 a
771 4820 885 4896 questa
900 4815 991 4880 cilla-

226 4915 362 4984 dinanza
391 4965 992 4998 ............
1038 4919 1101 4983 liro
1119 4921 1150 5000 j;
1202 4919 1285 4984 soldi
1306 4920 1347 4986 iv.
