3434 5368
1329 438 1388 506 XV

194 651 254 718 Hic
284 669 411 734 quoque
442 652 535 736 liber,
568 671 723 734 nusquam
753 652 985 750 1116161111,
1020 655 1146 733 praeter
1173 657 1385 732 monumenta,

145 774 233 836 quae
256 776 353 838 supra
375 757 437 822 iam
460 757 561 835 attoli,
587 757 672 822 haud
696 757 916 838 spernendum,
940 763 976 822 ut
998 756 1072 822 mihi
1095 756 1221 837 quidem
1246 756 1381 834 videtur,

146 869 374 944 argumentum
404 861 513 927 haberi
543 867 666 944 potest,
701 859 971 926 Reformationmn
1002 860 1217 928 collectionem
1247 881 1282 926 re
1312 879 1388 926 vera

144 961 305 1046 Stephani
328 964 437 1048 Magni
460 965 611 1048 temporis
633 963 807 1032 conlectam
838 971 872 1030 et
902 961 1020 1030 finitam
1049 983 1127 1032 esse.
1164 963 1277 1031 Omnia
1306 966 1388 1032 enim

143 1069 263 1150 capita,
288 1071 423 1152 quaein
446 1071 584 1138 editione
613 1069 737 1136 Veneta
759 1075 856 1151 caput
877 1067 939 1136 CC.
962 1076 1144 1151 sequuntur,
1169 1071 1200 1134 in
1223 1069 1283 1134 boc
1306 1069 1388 1141 libro

148 1174 356 1240 continentur
377 1175 415 1240 iis
438 1174 524 1251 locis,
549 1174 581 1238 in
605 1175 719 1256 quibus
742 1193 780 1242 ex
802 1193 956 1240 annorum
981 1174 1091 1238 ordine
1113 1174 1262 1256 ponenda
1283 1181 1382 1254 erant,

146 1295 258 1359 neque
280 1277 378 1342 ullum
402 1295 440 1342 61
463 1279 726 1361 praecedentibus
750 1279 905 1360 capitibus
924 1277 967 1342 ibi
990 1278 1158 1344 invenitur.
1280 1283 1284 1299 '

192 1381 230 1446 In
253 1382 325 1463 ipsa
346 1382 415 1448 eius
436 1382 509 1448 libri
531 1381 672 1449 editione
695 1381 853 1448 scribendi
876 1382 1001 1462 rationi,
1025 1399 1088 1463 qua
1110 1383 1245 1464 scriptor
1268 1381 1384 1448 codicia

147 1503 228 1551 navas
252 1491 320 1564 est,
344 1505 475 1568 prorsus
497 1505 548 1552 me
579 1487 795 1564 accomodari,
821 1486 1011 1564 1111111611,
1047 1492 1082 1550 ut
1112 1486 1221 1552 literas
1249 1487 1385 1552 initiales

147 1609 292 1673 magnas,
316 1591 371 1658 ubi
393 1609 524 1658 necesse
547 1591 723 1670 videbatur,
747 1591 853 1674 parvis
874 1591 1140 1656 commutaverim.

192 1731 236 1741 —
258 1694 349 1760 Haec
372 1694 469 1776 igitur
491 1701 694 1761 monumenta
716 1696 817 1776 primo
840 1696 997 1761 volumine
1021 1697 1138 1780 operis,
1163 1695 1248 1777 quod
1264 1701 1387 1762 statuta

147 1803 182 1865 et
203 1799 293 1882 leges
316 1799 555 1883 complectetur,
579 1799 676 1866 edere
698 1799 830 1866 institui.
862 1799 912 1867 De
935 1818 1067 1882 quorvmr
1091 1801 1289 1879 auctoritato,
1314 1818 1386 1884 grn-

150 1902 250 1968 vitate
274 1909 499 1982 6111116111,
524 1921 586 1984 quo
609 1905 649 1969 ad
672 1903 751 1968 iuris
774 1903 937 1970 historiam
954 1903 1117 1972 slavorum
1135 1904 1385 1971 meridionalimn

149 2006 373 2074 illustrandam
396 2007 467 2086 sint,
492 2007 644 2074 hocloco
667 2009 773 2074 dicere
795 2009 922 2090 longum
946 2015 1004 2076 est.
1029 2008 1098 2075 Hoc
1122 2015 1245 2074 tantum
1266 2027 1387 2090 moneo,

148 2110 230 2192 proi.
251 2111 449 2177 Weuzelium
469 2111 622 2178 nonnulla
645 2111 799 2194 quaedam
816 2112 855 2178 de
870 2113 930 2178 hac
952 2131 986 2180 re
1008 2113 1040 2178 in
1066 2113 1230 2192 „Ambivio
1253 2111 1386 2180 11111111

151 2214 536 2282 1111111116111611111161
563 2217 763 2298 protulisse*

193 2317 241 2384 Ut
262 2326 537 2388 monumentorum
561 2321 672 2386 horum
696 2321 834 2405 cognitio
860 2323 931 2403 ipsa
953 2321 1074 2388 facilior
1104 2329 1188 2390 esset
1213 2340 1386 2404 eorumque

149 2442 228 2490 usus
251 2424 348 2490 latius
370 2431 505 2507 pateret,
529 2424 660 2491 editioni
683 2433 810 2507 praeter
832 2427 971 2507 capitum
993 2427 1114 2493 indices
1140 2445 1245 2493 rerum
1261 2444 1387 2510 quoque

150 2529 292 2610 ipsarum
316 2528 450 2595 indicem
474 2529 581 2594 addidi
594 2528 836 2610 alphabeticum,
860 2530 1013 2613 glossario
1037 2538 1143 2597 autern
1166 2528 1386 2613 difficiliorum,

151 2651 233 2715 quae
257 2633 300 2699 ibi
324 2633 547 2718 obversantur,
579 2633 745 2700 verborum
776 2635 859 2700 inter
867 2637 1099 2717 praelationem
1121 2637 1229 2704 adieci.
1254 2635 1292 2702 In
1315 2655 1388 2703 con·

150 2735 283 2804 finiendo
315 2738 376 2805 hoc
405 2738 558 2821 glossario
590 2739 818 2821 aliquantulum
846 2721 1041 2808 Glossarium
1064 2740 1186 2807 mediae
1209 2747 1242 2806 et
1262 2739 1388 2808 intimae

152 2843 320 2910 latinitatis
342 2842 543 2928 Ducangeii
565 2844 634 2922 (111,
660 2845 725 2926 ed.)
748 2851 781 2912 et
801 2865 947 2928 magnum
970 2845 1096 2928 liuguae
1120 2845 1245 2912 italicae
1263 2846 1385 2912 lexicon

150 2945 331 3014 Tommasei
354 2967 405 3014 me
428 2949 624 3014 adiuverunt.
1477 3028 1479 3034 ¹

194 3052 364 3134 Reliquum
386 3059 452 3136 est,
476 3057 512 3118 ut
535 3053 610 3119 viris
633 3053 851 3134 amplissimis,
881 3054 934 3136 qui
956 3074 1007 3121 me
1029 3055 1061 3119 in
1083 3053 1267 3138 colligendis
1296 3054 1388 3120 fonti·

150 3157 211 3222 bus
237 3157 441 3240 paratissima
465 3177 562 3241 opera
585 3163 681 3240 atque
705 3157 852 3226 comitate
875 3159 1073 3239 adiuvarunt,
1101 3158 1182 3226 dom.
1207 3159 1286 3242 proi.
1311 3157 1385 3224 Sim.

151 3261 295 3343 Ljubitio
318 3263 533 3344 Zagrabiensi‚
561 3262 710 3330 canonico
737 3263 803 3328 Dri.
828 3263 862 3328 O.
896 3263 1090 3344 Petkovidio,
1114 3263 1171 3330 Dri
1194 3265 1230 3330 R.
1254 3263 1387 3330 Arnorio

150 3372 185 3432 et
207 3366 345 3434 familiae
368 3367 541 3450 Caporensi
566 3365 830 3446 Cuvzulensibus,
861 3369 1089 3436 sincerissimas
1118 3388 1199 3452 quse
1230 3369 1387 3435 debentur·

151 3471 273 3553 gratias
295 3491 396 3556 agam.
1041 3471 1051 3488 '

195 3575 370 3659 Zagrabiae
391 3575 463 3644 XII.
487 3583 561 3645 ante
583 3578 744 3646 Kalendas
769 3577 935 3646 Februarii
957 3577 1262 3648 Mooocnxxvll.

1158 3873 1195 3932 J.
1215 3873 1253 3930 J.
1271 3874 1317 3932 ΙΙ.

145 4697 356 4709 Ὰ--ι--ηιμ-

180 4765 195 4799 *
214 4767 317 4822 Archiv
335 4767 379 4822 tor
397 4766 493 4823 Kuude
512 4769 750 4826 dsterroicbisrher
767 4769 1051 4841 Geachiclrts·Quellon
1081 4775 1157 4828 leco.
1176 4769 1202 4827 S.
1221 4777 1269 4827 vill
1290 4771 1333 4828 sii.
