3396 5402
390 523 431 588 92

392 749 463 794 cum
485 729 628 810 fecerint,
651 731 775 812 possint
796 737 830 798 et
853 733 979 798 valeant
1001 737 1118 808 tenere,
1142 733 1315 816 possidere,
1349 731 1621 796 usufructuareet

390 853 514 900 omnem
538 853 626 900 suam
648 835 841 902 voluntatem
864 835 979 922 facere,
1001 839 1045 902 uti
1070 837 1110 903 de
1131 858 1168 904 re
1190 857 1248 902 sua
1262 837 1406 919 propria,
1432 841 1464 900 ct
1479 834 1621 920 similiter

388 957 448 1004 ser.
472 939 611 1006 Joannes
633 939 809 1006 Radmilich
831 947 865 1006 et
887 961 996 1008 omnes
1019 942 1071 1024 olij
1090 940 1303 1008 Curzulenses
1318 940 1501 1007 habitantes
1518 938 1619 1004 facere

388 1043 541 1129 volentes,
576 1044 744 1110 dummodo
768 1063 829 1110 non
852 1046 1025 1128 impediant
1048 1063 1191 1130 campum
1214 1046 1314 1126 vallis,
1355 1047 1424 1111 sine
1447 1043 1618 1129 sigillare

388 1167 522 1232 grmrnrs.

449 1381 516 1424 GAP·
540 1381 627 1424 xom.
657 1381 835 1426 nonnosum
858 1381 1125 1426 monstruosum
1147 1382 1324 1427 HGNAHIM
1345 1381 1568 1425 mmmmm.

433 1514 513 1580 Item
536 1521 661 1598 captum
684 1515 759 1597 fuit,
795 1517 879 1600 quod
910 1518 1125 1600 unusquisque
1153 1519 1315 1584 insulanus
1348 1517 1450 1600 possit
1479 1517 1620 1598 accipere

392 1621 550 1686 manerias
572 1626 606 1686 et
627 1621 760 1704 zeligam
781 1623 974 1704 quibuslibet
1005 1622 1183 1690 forensibus
1210 1622 1379 1704 lignamina
1410 1619 1620 1686 incidentibus

391 1742 486 1806 super
507 1724 650 1806 insulam,
674 1728 741 1794 sine
764 1727 866 1812 sigillo
888 1727 1058 1812 regiminis,

475 1957 541 2000 car.
565 1959 649 2002 xorv.
673 1961 715 2002 nn
737 1961 911 2004 nrnnnrann
933 1961 1120 2011 maurusam
1143 1960 1266 2003 conum
1287 1935 1539 2002 1111111101011113.1

430 2092 510 2157 Item
533 2100 661 2176 captum
684 2095 762 2174 brit,
796 2096 879 2177 quod
911 2094 1102 2177 infrascripti
1133 2095 1255 2161 nobiles
1288 2094 1382 2160 simul
1415 2112 1487 2159 cum
1523 2092 1620 2158 tubus

388 2195 543 2261 iudicibus
577 2198 715 2264 debeant
744 2217 802 2281 per
836 2200 1070 2280 inquisitionem
1105 2199 1276 2281 procedere
1310 2203 1419 2264 contra
1452 2215 1566 2262 omnes
1593 2204 1622 2263 et

388 2299 538 2380 singulos,
561 2303 614 2384 qui
637 2307 821 2382 tractarent,
844 2305 894 2370 vcl
910 2305 1126 2382 tractandum,
1152 2305 1337 2382 scriberent
1361 2303 1411 2368 vel
1428 2303 1619 2384 scripserint.

388 2404 537 2488 dicerent,
561 2407 610 2471 vel
634 2408 778 2481 dixerint,
816 2414 880 2473 tam
904 2411 935 2474 in
958 2411 1149 2492 praeterito,
1185 2427 1279 2491 quom
1301 2409 1333 2473 in
1355 2406 1478 2484 futuro,
1516 2413 1621 2472 contrs

389 2509 541 2576 bonorem
564 2516 597 2578 et
619 2517 737 2578 statum
761 2513 941 2578 Communis
964 2513 1128 2592 (tumulae,
1153 2515 1203 2578 vel
1226 2513 1358 2578 alicuius
1380 2511 1531 2593 specialis
1554 2529 1620 2593 per·

388 2632 493 2690 sonae,
518 2615 597 2681 dans
620 2621 653 2682 et
675 2617 850 2684 concedens
866 2618 967 2699 ipsum
984 2619 1146 2685 consilium
1173 2617 1325 2700 praefatis
1346 2616 1507 2682 nobilibus
1530 2613 1619 2681 simul
1683 2681 1684 2688 p

391 2737 461 2784 cum
483 2719 638 2786 iudicibus
661 2721 787 2803 plenum
811 2729 843 2787 et
867 2723 999 2788 liberum
1023 2724 1187 2789 arbitrium
1210 2721 1396 2803 inquirendi,
1420 2719 1576 2804 puniendi
1591 2723 1620 2784 et
1683 2709 1684 2716 '

388 2823 614 2890 condemnandi
637 2844 757 2906 omues,
781 2832 814 2892 et
836 2827 984 2910 singulos,
1009 2833 1073 2892 tam
1097 2828 1129 2892 in
1152 2845 1296 2910 persona,
1319 2845 1411 2908 quam
1434 2827 1465 2890 in
1489 2824 1618 2908 habere,

388 2946 467 3010 quos
490 2930 550 3010 ipsi
573 2931 731 3011 reperient
753 2932 784 2996 in
803 2932 907 3012 aliquo
930 2931 1080 3017 fefebsse,
1104 2933 1153 2998 vel
1169 2931 1356 2998 infuturum
1379 2929 1493 2996 fallare
1513 2935 1619 3003 contra

388 3033 489 3114 ipsum
513 3032 693 3116 Commrme,
718 3037 768 3100 vel
791 3036 928 3118 aliquam
951 3037 1118 3124 specialem
1141 3055 1308 3118 personam
1329 3036 1362 3100 in
1385 3033 1535 3100 Ourania.

510 3266 576 3308 OAP·
599 3265 670 3310 XOV·
693 3267 876 3312 nummum
898 3268 1078 3314 mosomum
1099 3269 1189 3312 rmus
1211 3267 1320 3310 banna
1340 3266 1494 3310 PATRONO.

428 3399 508 3464 Item
530 3401 562 3464 in
582 3399 693 3467 eodem
729 3403 858 3469 oonsilio
889 3409 1015 3486 captum
1038 3403 1114 3487 fuit,
1149 3405 1232 3485 quod
1255 3403 1433 3484 quicunque
1466 3405 1619 3484 patronus

387 3501 576 3584 animalium,
599 3505 649 3571 vel
672 3513 783 3588 pastor
805 3507 918 3588 perdet
940 3509 1077 3590 aliquam
1092 3509 1239 3587 bestiam,
1263 3515 1327 3573 tam
1344 3507 1503 3586 bouinsm,
1528 3524 1618 3588 quam

389 3607 547 3689 caprinam
570 3615 604 3676 et
625 3610 810 3692 pecudinam
832 3617 867 3678 et
889 3612 998 3689 sciret,
1034 3613 1118 3693 quod
1141 3612 1255 3694 aliquis
1285 3611 1420 3677 forensis
1451 3611 1617 3694 acceperit,

389 3710 536 3786 credatur
558 3713 630 3780 talis
653 3721 813 3796 patronus
838 3735 895 3784 sou
918 3723 1026 3800 pastor
1049 3735 1119 3784 curu
1143 3737 1199 3784 suo
1221 3717 1406 3782 iuramento.

595 3945 661 3990 oar.
683 3947 768 3990 xovr.
791 3947 954 3992 amoenum
977 3949 1209 3994 menusanum
1231 3925 1415 3992 aruncum.⁸

431 4075 512 4142 Item
535 4077 566 4142 in
589 4079 698 4147 eodem
733 4082 862 4148 consilio
893 4089 1018 4165 captum
1041 4083 1116 4163 fuit,
1151 4084 1235 4168 qood
1268 4084 1379 4166 aliquis
1401 4091 1530 4166 pastor,
1566 4103 1617 4153 seu

386 4179 504 4246 celniob
528 4183 578 4248 vel
601 4192 671 4252 arat
673 4204 708 4251 or
730 4203 794 4252 non
815 4187 916 4269 possit
942 4187 1104 4272 assignare
1120 4189 1275 4272 animalia,
1299 4207 1355 4254 seu
1370 4189 1469 4255 boues
1486 4195 1617 4272 patrono

385 4303 450 4364 suo,
474 4285 534 4351 nisi
567 4287 670 4356 soluat
693 4289 752 4356 sibi
786 4291 876 4358 debit
862 4299 928 4358 tum
962 4293 1123 4360 immodici
1109 4300 1156 4372 to,
1191 4295 1223 4360 in
1246 4311 1308 4374 quo
1331 4299 1380 4360 est
1409 4291 1555 4372 debitor3
1587 4297 1617 4358 et

384 4388 527 4456 similiter
549 4399 701 4473 patronus
723 4413 785 4461 non
808 4399 911 4478 possit
933 4417 988 4464 eos
1005 4399 1220 4481 constringere
1235 4403 1381 4481 pastores
1397 4413 1455 4462 sou
1474 4403 1615 4464 aratores

385 4493 426 4560 ad
448 4495 635 4564 soluendum
657 4499 744 4567 debit
730 4505 808 4584 tum,
832 4503 906 4567 dum
930 4507 1017 4568 tenet
1040 4503 1145 4582 boues,
1169 4522 1225 4570 seu
1249 4501 1403 4568 animalia

434 4723 445 4760 ¹
461 4726 504 4788 ili.
520 4745 606 4802 sopra
620 4747 694 4804 cap.
711 4729 827 4790 LXXII.
845 4729 999 4792 Reform.

432 4811 501 4876 ”Of
519 4831 594 4890 cap.
611 4815 733 4880 oxmv.
750 4813 911 4882 Statuti.
