3416 5350
334 413 395 476 120

374 615 435 692 Qni
458 615 614 682 diuisores
638 615 763 680 uinculo
787 614 977 680 sacramenti
1000 611 1106 680 facere
1128 619 1297 680 teneantur
1320 613 1420 696 ipsam
1443 612 1564 679 diuisio-

330 739 403 786 nem
425 721 522 802 pure‘
545 725 579 786 et
601 719 748 802 legaliter
770 723 835 784 tem
859 736 917 800 pro
941 724 1101 800 presente,
1126 735 1219 798 quam
1243 735 1302 799 pro
1323 717 1467 796 absente,
1490 717 1566 784 bona

330 822 394 890 fide
417 824 486 890 sine
509 822 631 890 fraude.

372 928 414 992 Et
436 928 582 992 mittatur
605 931 638 992 et
660 926 717 992 liat
739 927 812 1008 ipsa
835 926 949 991 diuisio
973 944 1031 1007 per·
1060 927 1148 1008 ipsos
1183 926 1341 992 diuisores
1373 926 1413 990 ad
1442 931 1566 1008 sortem,

330 1033 391 1112 ite,
425 1031 510 1112 quod
540 1049 610 1096 sors
642 1050 699 1112 per
722 1029 860 1097 sortem²
890 1029 1059 1111 illapsura,
1091 1046 1153 1110 que
1177 1029 1348 1095 obuenerit
1370 1030 1416 1114 ei,
1446 1029 1501 1112 qni
1522 1034 1568 1095 est

331 1151 466 1217 presens
497 1133 532 1198 in
562 1133 683 1198 ciuitati
708 1131 830 1214 Spelati
853 1133 895 1198 sit
917 1138 951 1198 et
973 1151 1044 1197 esso
1068 1132 1186 1198 debeat
1216 1150 1274 1196 sue
1303 1137 1338 1197 et
1360 1151 1429 1198 eam
1451 1137 1567 1214 partem

334 1237 438 1319 possit
460 1239 622 1318 pastinare
645 1236 685 1302 ad
703 1254 793 1301 snam
808 1236 1023 1318 uoluntatem3
1047 1236 1110 1302 alia
1125 1253 1203 1302 uero
1219 1254 1294 1317 pars
1309 1241 1472 1302 remaneat
1487 1236 1565 1301 socio

333 1359 392 1407 suo
422 1341 565 1406 absenti:
597 1341 643 1406 ito
666 1346 789 1425 tomen,
814 1340 899 1422 quod
927 1341 967 1405 de
990 1340 1060 1421 ipsa
1083 1339 1240 1405 diuisione
1262 1337 1333 1404 lieri
1358 1339 1494 1405 debeant
1515 1358 1567 1421 pn·

331 1443 415 1514 blica
436 1445 656 1528 instrumenta,
680 1445 735 1529 ita,
759 1444 844 1526 qnod
859 1442 947 1509 frans
962 1443 1006 1508 ibi
1022 1443 1161 1508 commiti
1175 1461 1238 1509 non
1255 1443 1367 1525 possit.

377 1548 420 1614 Et
442 1548 469 1614 si
492 1547 606 1630 aliquis
629 1567 667 1614 ex
690 1547 786 1631 socijs
808 1548 910 1630 ipsam
934 1552 1052 1614 terram
1067 1547 1209 1629 pastinet
1228 1547 1374 1630 predicto
1391 1548 1500 1614 ordine
1515 1563 1570 1614 non

333 1651 530 1736 obseruato⁸‚
563 1657 711 1717 teneatur
740 1651 817 1718 dare
840 1651 980 1717 consorti
1004 1668 1062 1716 suo
1092 1655 1216 1733 partem
1244 1651 1306 1716 sibi
1336 1651 1566 1734 contingentem

332 1761 399 1824 tam
420 1755 461 1823 de
483 1755 568 1822 dicte
591 1759 679 1822 terra
701 1755 873 1840 pastinata,
898 1773 993 1836 quom
1017 1755 1057 1820 de
1080 1760 1167 1821 terra
1190 1773 1253 1820 non
1276 1755 1447 1836 pastinata.

334 1968 402 2013 cae.
427 1968 502 2012 exn.
525 1967 568 2010 ne
594 1965 697 2010 annno
720 1969 760 2010 ar
782 1965 887 2010 mosao
909 1965 1056 2011 occanere
1082 1968 1141 2010 ran
1165 1968 1315 2011 oomsarr
1345 1966 1492 2026 comm,
1514 1967 1570 2010 nan

812 2053 887 2096 SUOS
911 2053 1104 2098 01¹·1o101an1ns.

379 2153 460 2218 Item
485 2157 640 2218 statutum
664 2157 699 2217 et
721 2152 900 2217 ordinatum
923 2157 989 2230 est,
1020 2153 1107 2233 qnod
1136 2153 1163 2218 si
1194 2152 1234 2218 de
1265 2153 1361 2218 terris
1392 2158 1445 2216 aut
1474 2151 1569 2217 uineis

336 2256 469 2322 alicuius
501 2255 579 2321 ciuis
612 2254 734 2338 Spoleti
764 2257 807 2320 sit
829 2261 1011 2337 acceptum,
1043 2255 1095 2320 uel
1128 2255 1271 2321 ablatum
1301 2257 1430 2337 aliquod
1451 2255 1569 2320 bladum
1650 2312 1654 2321 .

336 2360 388 2425 uel
411 2359 568 2425 mustnm⁴
590 2364 647 2424 aut
669 2359 723 2440 alij
747 2357 870 2425 fructus
893 2375 952 2441 per
974 2358 1134 2424 dominum
1159 2360 1316 2443 comitem,
1346 2360 1401 2425 nel
1422 2361 1487 2425 eius
1508 2356 1571 2426 oifi·

336 2462 441 2542 dales,
473 2462 539 2528 tale
571 2463 737 2528 damnum⁶
773 2464 871 2528 silet
893 2481 963 2529 esse
987 2462 1105 2529 debeat
1127 2479 1292 2529 commune
1314 2464 1398 2530 inter
1421 2463 1570 2529 dominnm

338 2571 372 2632 et
388 2566 618 2631 ‘laboratorem
649 2567 699 2632 lle
722 2567 852 2632 residuo
875 2571 981 2632 autem
1013 2565 1148 2648 quilibet
1177 2585 1288 2634 eorum
1319 2567 1436 2634 debeat
1463 2566 1572 2632 babere

338 2675 463 2751 partem
485 2669 546 2736 sibi
569 2670 815 2752 contingentem.

339 2881 406 2927 OAP.
427 2883 515 2926 oxm.
532 2882 615 2935 QUOD
631 2883 734 2925 ΤΒΗ
749 2883 789 2925 ΕΤ
805 2883 910 2942 ΠῘΝΕΕ,
927 2884 990 2935 Qum
1005 2884 1209 2940 eunocum,
1225 2883 1324 2927 emo
1338 2884 1571 2927 mammea.

383 2981 464 3047 Item
487 2985 641 3048 statutum
665 2984 699 3046 et
719 2980 900 3047 ordinatum
922 2987 983 3064 est,
1008 2983 1094 3064 quod
1114 2999 1223 3050 omnes
1238 2992 1325 3062 terre
1341 2987 1376 3048 et
1390 2983 1495 3064 uince,
1517 2999 1572 3064 que

340 3083 532 3166 nendnntur,
555 3084 657 3166 primo
681 3084 821 3151 debeant
836 3085 1014 3151 mensurari
1033 3090 1066 3152 et
1080 3103 1138 3167 per
1153 3087 1311 3152 notarium
1326 3086 1359 3152 io
1373 3087 1574 3154 instrumento

340 3188 506 3270 scribatur,
530 3193 608 3269 quot
629 3188 754 3254 ureteni
777 3194 861 3255 sunt.

384 3396 452 3441 ΟΔΡ.
476 3398 559 3441 (IXIV.
583 3399 625 3440 DE
649 3400 830 3444 smannens
853 3403 910 3446 RES
933 3401 1090 3446 ruanluas
1113 3402 1135 3445 Δ
1150 3401 1288 3462 somma,
1311 3403 1374 3446 uma
1388 3403 1432 3446 AB
1447 3403 1540 3447 aldea
1686 3449 1687 3472 ἦ

383 3497 466 3563 Item
496 3500 651 3564 statutum
683 3503 718 3564 et
746 3499 927 3566 ordinatum
950 3505 1016 3580 est,
1051 3501 1135 3581 qnod
1166 3501 1193 3566 si
1216 3502 1287 3584 quis
1309 3502 1424 3568 emerit
1447 3503 1577 3584 aliquam
1686 3501 1687 3504 ’

339 3619 407 3667 rom
429 3598 580 3666 furtinem
604 3599 645 3666 ab
669 3601 774 3683 aliquo
798 3601 923 3685 Salano,
958 3604 1010 3670 nel
1033 3603 1073 3670 ab
1096 3604 1202 3685 aliquo
1225 3610 1394 3684 extrane03
1418 3605 1445 3672 si
1462 3611 1579 3688 emptor
1686 3619 1687 3624 ’

340 3704 459 3783 poterit
483 3704 652 3770 ostendere
675 3705 883 3784 uenditorem,
907 3708 959 3772 uel
984 3727 1099 3774 nomen
1123 3709 1190 3774 cius
1213 3708 1372 3786 indicare,
1403 3710 1457 3775 nel
1488 3708 1580 3774 mani·

340 3803 460 3870 laetare
490 3806 558 3872 siue
588 3825 669 3889 non,
702 3808 774 3874 talla
804 3827 855 3875 res
879 3816 987 3893 empta
1009 3809 1178 3893 perueniat
1199 3811 1241 3878 ad
1264 3830 1376 3877 manus
1399 3813 1579 3894 perditoris,

340 3907 510 3974 dummodo
539 3909 655 3990 probet
686 3910 843 3993 legitime,
875 3932 942 3979 ram
973 3933 1044 3981 asse
1076 3933 1166 3980 suam
1200 3920 1234 3981 et
1263 3915 1360 3981 etiam
1383 3917 1503 3998 probet
1532 3935 1582 3998 per

340 4009 508 4076 manifesta
525 4010 652 4098 indicia,
669 4014 786 4080 dictam
801 4035 868 4082 rem
885 4017 944 4083 sibi
959 4017 1059 4084 luisse
1074 4017 1227 4084 iuratam:
1252 4018 1424 4085 dummodo
1441 4020 1584 4088 dominns

339 4113 403 4181 rei‘
417 4113 523 4182 soluat
538 4117 674 4197 emptori
690 4123 812 4185 tantum
832 4122 984 4204 precium,
1007 4128 1160 4204 quantum
1176 4122 1245 4205 ipsa
1264 4127 1389 4207 emptor
1404 4125 1588 4206 probauerit

340 4236 376 4284 se
399 4217 514 4284 emisse
537 4218 654 4285 dictem
677 4239 753 4287 rem.

278 4379 283 4387 ’
387 4389 478 4468 ²Ap.
500 4393 628 4470 LJ'ub.:
657 4397 779 4470 „bene“.
880 4398 1029 4463 ²Verba:
1055 4405 1116 4487 „ite
1139 4439 1180 4448 -
1204 4408 1331 4466 sortem“
1358 4407 1467 4466 desunt
1488 4407 1577 4468 ibid.

346 4473 464 4540 ⁸Ood.
498 4481 604 4542 acad.
636 4483 660 4541 B
691 4488 720 4542 et
749 4503 797 4561 ap.
828 4487 955 4562 njub.:
989 4485 1156 4566 „sernato“.
1250 4490 1373 4554 ‘Ood
1404 4493 1512 4554 acad.
1540 4493 1581 4554 A:

341 4565 530 4726 {lmngffib
590 4565 711 4629 ⁶Ood.
736 4573 841 4634 acad.
859 4574 900 4634 B:
927 4575 1135 4651 „dampnant
1198 4575 1209 4612 ⁸
1234 4578 1388 4657 „dominns
1410 4573 1474 4639 rei“
1499 4580 1579 4640 deest
