3416 5350
306 418 347 479 66

305 620 409 686 soluat
431 619 461 684 ei
486 638 544 701 pro
567 636 664 701 opere
686 618 770 684 illius
793 618 856 684 diei
878 617 958 684 duos
981 617 1104 684 soldos:
1123 613 1209 683 fecte
1238 613 1392 684 relatione
1419 615 1543 701 riuorij,

305 723 448 802 dicentis,
472 739 507 787 se
530 739 620 787 reum
643 721 757 787 citasse
781 721 1029 803 adpetitionem
1053 722 1182 788 actoris.

348 825 440 891 Etsi
463 844 537 891 reus
560 843 623 890 non
646 826 860 907 comparuerit
881 831 914 891 et
937 831 1026 890 actor
1048 825 1191 892 uoluerit
1217 823 1323 890 facere
1346 822 1468 890 auferri
1501 828 1551 888 ta·

305 937 425 1010 nutam,
450 935 555 995 rector
577 928 690 1010 puniat
711 947 800 993 reum
824 929 865 994 od
888 928 1078 1010 petitionem
1101 927 1218 995 octoris
1240 927 1274 992 in
1288 927 1415 993 duobus
1439 925 1565 996 soldis..

347 1032 439 1099 Etsi
461 1038 552 1098 actor
574 1051 636 1098 non
659 1032 773 1098 dixerit
795 1051 849 1098 reo
873 1032 992 1113 aliquid
1015 1037 1048 1098 et
1070 1031 1152 1098 uelit
1174 1033 1278 1114 ipsum
1307 1029 1417 1098 facere
1448 1029 1551 1108 citari,

304 1141 450 1204 teneatur
472 1135 604 1202 reficere
635 1141 669 1202 et
699 1135 826 1201 soluere
856 1153 912 1201 reo
935 1135 1052 1202 dictam
1075 1153 1192 1220 penum
1215 1137 1350 1202 duorum
1374 1134 1550 1202 soldorum

459 1367 527 1412 OAP.
549 1367 580 1409 V·
603 1367 637 1409 m
660 1367 774 1418 comus
797 1366 925 1410 cosmus
948 1366 1051 1409 Possm
1066 1366 1232 1409 summu
1247 1366 1389 1410 cauom.

351 1481 430 1547 Item
461 1487 616 1546 statutum
647 1487 680 1547 et
702 1482 881 1546 ordinatum
903 1487 969 1560 est,
1001 1483 1087 1562 quod
1114 1482 1147 1546 in
1177 1483 1322 1547 omnibus
1356 1487 1390 1546 et
1414 1480 1550 1562 singulis

309 1585 434 1650 casibus
455 1584 666 1666 infrascriptis
688 1585 789 1666 possit
811 1591 844 1649 et
867 1585 983 1651 debeat
998 1585 1169 1651 summarie
1192 1583 1323 1666 procedi
1337 1584 1408 1650 sine
1424 1581 1548 1666 libello,

309 1687 361 1754 uel
383 1688 451 1753 sine
473 1687 635 1768 petitione.

348 1789 516 1870 Inprimis
539 1789 566 1856 si
585 1791 691 1870 agitur
714 1790 755 1854 ad
785 1789 945 1870 debitum,
976 1791 1063 1872 quod
1093 1797 1143 1856 est
1164 1791 1268 1856 miuus
1290 1791 1432 1872 quinque
1454 1789 1549 1854 libra-

306 1893 401 1974 rum1,
425 1894 477 1960 uel
499 1903 614 1977 agatur
636 1894 678 1958 ad
701 1893 838 1975 ailquam
862 1913 929 1959 rem
944 1895 1105 1980 mobilem,
1129 1895 1290 1961 uolentem
1313 1899 1347 1958 et
1362 1895 1550 1959 extImatam

304 1997 406 2061 minus
429 1997 566 2078 quinque
588 1996 740 2062 librarum
762 1997 975 2063 Venetorum²
997 2016 1178 2078 paruorum.
1240 2067 1251 2084 ⁸

348 2100 429 2164 ltem
452 2100 479 2164 si
501 2118 540 2164 ex
562 2101 721 2166 sententia
743 2100 796 2165 uel
819 2121 859 2166 ex
882 2102 1120 2182 pronuciotione
1150 2100 1235 2166 lacto
1263 2101 1316 2166 uel
1346 2101 1413 2165 lato
1435 2105 1550 2166 contro

305 2203 402 2268 olium
425 2205 467 2268 sit
489 2209 622 2285 occepta
644 2211 756 2270 tenuta
771 2222 828 2285 per
844 2205 994 2270 riuorium
1010 2205 1063 2270 uel
1077 2205 1282 2270 buccharium
1298 2204 1338 2269 de
1358 2204 1451 2268 bonis
1467 2205 1549 2269 olte-

304 2307 380 2390 rius
404 2325 499 2388 quam
523 2307 608 2372 illius
632 2313 744 2373 contro
767 2327 859 2389 quem
885 2310 1124 2390 pronuntiatum
1147 2315 1212 2388 est;
1236 2315 1312 2373 tunc
1334 2309 1367 2372 in
1389 2307 1452 2373 isto
1469 2325 1549 2373 casu

303 2411 473 2476 summarie
495 2411 564 2476 sine
588 2411 698 2478 libello
721 2416 755 2476 et
777 2412 934 2492 petitione
958 2414 1061 2494 possit
1083 2413 1213 2494 procedi
1236 2413 1269 2476 in
1291 2413 1378 2477 dicto
1392 2429 1490 2476 cansa
1505 2411 1549 2476 ad

305 2511 578 2578 confirmationem
611 2515 665 2578 uel
695 2515 904 2580 cassationem
938 2517 1022 2596 dicte
1058 2521 1169 2595 tenute
1204 2515 1391 2580 examiuatis
1424 2514 1548 2579 iuribus

304 2619 470 2697 utriusque
493 2616 602 2698 portis.
628 2617 679 2681 Ita
702 2619 787 2697 quod
809 2618 1071 2699 quandocumque
1094 2619 1127 2683 in
1144 2618 1286 2685 casibus³
1301 2617 1464 2700 presentis
1480 2623 1547 2682 eta-

304 2721 365 2786 tuti
388 2719 492 2801 possit
519 2719 648 2800 procedi
678 2721 848 2787 summarie
870 2722 938 2788 sine
960 2722 1068 2788 libello
1091 2728 1124 2788 et
1153 2721 1316 2805 petitione,
1347 2727 1455 2786 tomen
1477 2719 1548 2784 iuro

303 2825 468 2906 utriusque
497 2823 599 2904 portis
629 2842 725 2905 super
754 2826 881 2905 negotio
912 2825 1079 2906 principali
1113 2825 1252 2890 debeant
1275 2823 1447 2906 diligenter
1469 2842 1544 2889 exo·

300 2927 427 3010 minori,
451 2931 517 2991 tom
540 2931 651 3010 testes,
676 2946 770 3008 quom
793 2927 1002 2994 instrumento
1027 2934 1059 2992 et
1082 2927 1296 2994 confessiones
1318 2927 1477 3009 portium3
1500 2927 1548 2990 ito

304 3031 390 3112 quod
419 3036 550 3112 propter
581 3032 784 3096 summariam
814 3032 1025 3113 cognitionem
1055 3032 1127 3096 iura
1148 3031 1288 3112 ipsarum
1319 3031 1460 3112 partium
1482 3047 1548 3095 non

304 3125 427 3215 possint
448 3134 527 3212 tolli,
551 3152 610 3200 uec
634 3134 771 3202 debeant
792 3153 889 3217 super
911 3136 1037 3217 negotio
1061 3135 1237 3216 principali.

347 3235 429 3302 Item
459 3239 629 3304 summarie
661 3257 786 3304 omnem
818 3241 983 3322 pecuniam
1015 3239 1156 3304 debitam
1179 3238 1336 3302 communi
1359 3235 1483 3318 Spoleti
1507 3253 1548 3301 ex

304 3357 401 3405 consa
424 3341 578 3406 criminali
600 3361 658 3423 pro
681 3343 998 3408 condemnationibus
1021 3341 1199 3425 exigendis,
1234 3341 1302 3406 siue
1325 3339 1469 3421 gabelus,
1493 3337 1544 3402 in-

304 3443 451 3510 troitibus
475 3451 507 3510 et
528 3444 599 3526 alijs
622 3446 744 3512 iuribus
776 3447 949 3513 communis
972 3445 1096 3528 Spoleti
1126 3443 1282 3523 uenditis,
1313 3443 1382 3510 siue
1406 3462 1446 3508 ex
1467 3459 1547 3523 quo·

304 3563 441 3628 cumque
462 3547 524 3614 olio
546 3566 642 3615 conso
663 3551 723 3632 ipsi
747 3550 905 3616 communi
927 3548 1048 3631 Spoleti
1071 3547 1192 3629 aliquid
1208 3546 1370 3626 debeatur,
1395 3549 1545 3626 potestas

304 3656 338 3716 et
360 3651 430 3717 eius
452 3651 540 3718 ouria
563 3659 713 3719 teneatur
736 3655 907 3720 summarie
930 3654 1057 3734 extgere
1071 3657 1105 3719 et
1120 3651 1203 3733 exigi
1218 3649 1325 3716 locere
1341 3667 1411 3714 cum
1427 3645 1545 3714 effectu

302 3761 336 3822 et
363 3755 526 3820 debitores
556 3757 686 3822 realiter
716 3763 750 3822 et
780 3756 992 3838 personaliter
1021 3755 1191 3822 summarie
1222 3753 1388 3820 coercere*
1411 3752 1546 3834 adipso

306 3858 415 3924 debito
438 3859 660 3940 persoluenda.

348 3961 431 4026 ltem
454 3962 494 4026 de
517 3965 602 4028 omni
625 3971 772 4042 mercato,
797 3965 882 4044 quod
904 3962 997 4030 fieret
1019 3963 1059 4028 de
1082 3961 1179 4028 rebus
1203 3959 1374 4026 mobilibus
1397 3963 1432 4025 et
1447 3959 1544 4026 stabi-

302 4063 403 4144 libus,
434 4067 467 4128 in
498 4065 613 4146 quibus
645 4069 719 4148 date
751 4075 859 4134 essent
882 4086 972 4148 arro,
1004 4067 1105 4148 possit
1133 4064 1262 4147 procedi
1286 4064 1457 4130 summarie
1480 4061 1547 4128 sine

304 4168 430 4249 libello,
455 4168 600 4235 utiocto
622 4177 830 4238 mercatorum
854 4173 916 4236 olto
939 4169 1159 4252 expedientur.

347 4271 428 4337 Item
452 4291 548 4352 cause
572 4274 794 4356 orphanorum,
818 4291 994 4355 pauperum
1017 4279 1052 4338 et
1080 4272 1308 4356 miserabilium
1338 4287 1545 4353 personarum

310 4375 404 4440 simili
427 4377 519 4442 modo
544 4381 716 4444 summarie
738 4379 959 4445 terminentur.

349 4583 440 4661 1Αρ.
464 4588 589 4662 Ljub.:
616 4587 813 4664 „Venetorum
835 4583 1020 4663 poruorum⁸.
1084 4583 1205 4648 'Ood
1229 4585 1336 4646 acad.
1360 4584 1405 4646 A:
1432 4585 1544 4662 „Vene-

302 4673 429 4733 urunt
502 4671 513 4708 ³
535 4673 642 4734 ibid:
669 4691 739 4753 „pre
762 4675 911 4751 scriptis“.
982 4669 994 4706 ²
1016 4673 1125 4734 ibid:
1151 4671 1358 4755 „cohercerc“.
