3396 5402
1362 408 1401 468 55

178 617 276 680 erunt
297 613 329 680 in
353 613 479 678 ciuitate
502 614 600 695 possit
629 614 767 676 uendere
796 617 828 676 et
865 613 941 676 dare
974 611 1135 676 licenciam
1168 611 1401 678 laudandust

167 723 274 784 autem
310 717 406 800 aliqui
440 723 585 800 peterent
619 717 704 798 ligna
727 736 783 798 pro
807 717 1036 794 comburendo,
1069 717 1209 796 regimen
1242 723 1307 782 tam
1331 735 1399 782 cum

165 825 284 906 precio,
309 841 404 904 quam
426 825 494 889 sine
516 823 622 904 precio
652 823 753 903 possit
776 821 851 888 dare
875 821 1046 886 licenciam.
1075 821 1118 884 Et
1140 821 1200 899 ille,
1226 821 1277 903 qui
1301 822 1398 888 habet

166 927 332 992 licenciam
355 924 621 1008 incidendi'IIgna
637 927 676 991 ad
692 926 947 1004 comburendum,
965 926 991 990 si
1007 925 1159 990 incideret
1177 926 1262 1010 ligna
1277 945 1398 1010 grossa,

164 1038 242 1114 apta
275 1031 316 1097 ad
339 1030 563 1108 fabricandum,
599 1031 702 1098 soluat
735 1029 890 1095 communi
923 1031 990 1094 sine
1025 1031 1207 1096 remissione
1241 1049 1397 1114 yperpera

161 1137 424 1220 uigintiquinqua,
460 1136 512 1218 qui
535 1137 654 1218 denarij
678 1136 850 1200 deueniant
872 1135 903 1200 in
927 1153 1089 1200 commune
1111 1141 1145 1200 ct
1166 1135 1281 1216 perdat
1303 1137 1396 1202 onns¹

162 1240 285 1308 suum.l

341 1423 408 1464 ΟΑΡ.
432 1423 493 1464 OXI.
516 1424 558 1464 DII
580 1423 767 1464 APERII'IONE
790 1421 953 1464 cassanum
976 1421 1218 1473 Quaruunonuol.

207 1541 288 1606 Item
313 1539 491 1623 statuimus
515 1540 598 1621 quod
622 1539 869 1620 quandocunque
893 1539 1005 1619 aliquis
1028 1538 1099 1602 uult
1125 1557 1256 1620 querere
1272 1539 1397 1620 aliquod

160 1665 255 1711 soum
279 1645 531 1724 lustramentum,
554 1645 604 1709 uel
628 1643 814 1726 scripturam
837 1645 867 1708 in
899 1645 1060 1725 quaternis
1084 1644 1264 1723 communis,
1291 1643 1393 1723 iudex,

164 1753 220 1832 qui
243 1751 340 1816 habet
365 1750 479 1829 claues
505 1749 621 1814 debeat
643 1768 774 1830 querere
797 1749 887 1815 simul
912 1768 981 1814 cum
1002 1749 1195 1826 cancellario,
1220 1767 1277 1814 uec
1297 1750 1398 1830 possit

163 1857 235 1921 sine
270 1855 457 1920 cancellario
499 1874 631 1936 querare
648 1853 799 1932 'aliquam
835 1855 1023 1935 scripturam
1057 1873 1139 1934 pena
1171 1872 1395 1936 yperperorum

159 1961 302 2042 quinque
325 1960 454 2024 cuilibet
476 1960 621 2038 iudIcum,
656 1960 774 2025 tenenti
795 1959 900 2022 claues
924 1977 1101 2038 capsarum,
1125 1958 1177 2022 vbi
1200 1963 1274 2023 sunt
1296 1960 1393 2040 sculp-

159 2071 236 2132 ture
258 2064 439 2130 communis.

455 2279 521 2321 ouo.
547 2278 620 2320 oxu.
644 2279 686 2320 ou
708 2280 901 2322 nunanoraus
925 2255 1113 2321 1.1cunuuu.⁸

211 2396 289 2460 Item
315 2395 491 2476 statuimus,
516 2397 598 2476 quod
622 2397 648 2460 si
672 2397 743 2476 quis
766 2395 917 2461 incideret
948 2396 1074 2476 aliquod
1097 2396 1253 2480 lignamen
1288 2402 1394 2478 aptum

161 2501 207 2566 ad
241 2499 463 2577 fabricandum,
489 2501 539 2565 uel
570 2502 721 2566 mlnutum
746 2507 778 2565 et
801 2507 947 2565 oneraret
981 2501 1107 2582 aliquod
1140 2501 1309 2584 nauigium,
1344 2499 1394 2565 uel

160 2607 303 2682 barcam,
328 2610 480 2686 patronus
504 2605 608 2670 soluat
630 2607 784 2670 communi
808 2625 962 2687 yperpcra
984 2606 1241 2688 uigintiquinque,
1265 2611 1298 2670 et
1327 2607 1394 2685 qui-

159 2711 245 2776 libet
278 2727 316 2774 ex
345 2709 522 2791 marinarijs
544 2728 700 2791 yperpera
734 2710 804 2788 duo,
840 2712 865 2772 si
901 2711 967 2774 sine
1001 2710 1129 2774 licencia
1162 2710 1329 2787 incideret;
1363 2715 1396 2774 et

157 2813 361 2894 intelligatur
383 2814 423 2876 de
445 2813 631 2890 forensibus
656 2821 688 2878 et
710 2815 822 2894 perdat
844 2819 943 2880 totum
967 2832 1055 2892 onus,
1087 2819 1120 2878 et
1141 2814 1202 2898 ille,
1227 2815 1279 2894 qui
1303 2832 1393 2878 accu-

129 2919 291 2996 'sauerit
311 2917 430 2982 habeat
451 2919 578 2984 terciam
602 2924 722 3001 partem
746 2919 848 2984 banni.

154 3150 228 3192 cac.
254 3149 341 3193 cam.
364 3150 406 3190 ou
427 3149 618 3191 sumamus
641 3149 809 3192 uuarnnrra
832 3149 934 3201 quon
957 3150 1033 3191 uon
1056 3151 1219 3193 aossrnu
1241 3151 1394 3192 ananau

535 3238 706 3288 corporo
729 3237 855 3278 vunan
877 3215 1035 3278 nouum.⁴

132 3429 137 3437 .
204 3371 284 3436 Item
300 3371 478 3453 statuimus,
494 3377 527 3438 et
544 3377 697 3454 perpetuo
716 3372 877 3437 obseruari
893 3371 1046 3448 uolumus
1068 3371 1151 3452 quod
1167 3389 1230 3436 nou
1246 3372 1392 3438 obstante

155 3494 348 3559 quocunque
380 3481 508 3556 statuto,
532 3476 601 3541 sine
631 3476 702 3557 lege
726 3477 837 3558 quaois
859 3477 891 3542 in
914 3477 1103 3541 contrarium
1126 3475 1282 3561 loquente,
1316 3495 1392 3558 quo-

155 3598 286 3662 cunque
319 3582 456 3661 decreto,
490 3600 546 3648 seu
575 3587 665 3662 parte
689 3587 791 3664 capta,
818 3581 870 3646 uel
893 3579 1084 3645 infuturum
1107 3581 1269 3662 capienda,
1305 3581 1388 3662 quod

154 3687 188 3754 si
211 3685 317 3767 aliqua
336 3685 448 3751 mulier
471 3692 593 3752 careret
615 3689 714 3768 patre,
738 3685 897 3760 fratribus,
927 3705 982 3750 seu
1005 3683 1104 3749 fratre
1126 3691 1158 3750 et
1191 3685 1392 3750 maritaretur

155 3809 234 3856 cum
268 3789 402 3868 dotibus
427 3790 466 3854 dc
489 3791 603 3871 quibus
626 3794 872 3868 contestaretur,
897 3808 954 3870 par
976 3789 1111 3870 aliquem
1141 3809 1230 3854 suum
1260 3807 1391 3856 consan-

151 3896 317 3978 guIneum‚
340 3895 393 3959 uel
415 3893 541 3961 affinem
564 3903 596 3960 et
618 3901 705 3960 essct
727 3893 870 3960 confessa
891 3895 971 3975 ipsa,
996 3895 1047 3959 uel
1070 3895 1137 3960 eius
1160 3893 1300 3975 maritus,
1334 3913 1391 3960 seu

150 4001 230 4082 ipsa
250 3999 318 4064 sola
340 4000 380 4064 de
402 3999 539 4080 receptis
563 4000 688 4064 dotibus
711 4005 743 4064 et
766 3999 933 4080 presertim
955 3999 1024 4081 ipsa
1054 3998 1241 4064 relutauerit
1272 3999 1386 4064 ceteris

151 4103 231 4186 alijs
253 4103 342 4168 bonis
366 4105 477 4184 quouin
500 4106 568 4168 iure
591 4105 650 4169 sibi
673 4105 898 4185 spectantibus
923 4121 981 4168 nec
1003 4104 1082 4184 ipsa,
1099 4123 1157 4195 nac
1172 4104 1303 4168 maritus
1320 4103 1388 4168 eius

153 4226 241 4274 vous
264 4206 316 4273 uel
338 4207 453 4288 plures,
484 4225 543 4273 uec
570 4208 703 4274 heredes
726 4208 834 4290 ipsine
858 4225 917 4273 nac
952 4209 1064 4290 aliquis
1098 4225 1156 4290 pro
1189 4209 1259 4290 ipsa
1291 4208 1391 4289 possit

206 4383 314 4445 ¹Ood.
332 4385 409 4460 Cap.
429 4385 568 4468 „honua“‚

204 4469 275 4533 ²cf.
292 4473 376 4532 etiam
393 4473 510 4534 iuferius
525 4490 600 4548 cap.
619 4472 705 4534 CXII.
723 4473 880 4550 statuti,
898 4475 926 4531 at
948 4490 1047 4548 capp.
1072 4473 1177 4532 LXIII.
1202 4471 1323 4534 cxclx.
1347 4489 1389 4532 ao

154 4561 219 4682 003
231 4560 385 4708 grcia&
396 4649 521 4724 capilola
537 4647 659 4708 Reform.
677 4649 740 4708 sub.
756 4665 794 4707 ca
804 4665 830 4723 p.
848 4648 904 4707 CX.
928 4648 1076 4707 Stalnti
1092 4649 1186 4709 citata,

206 4734 219 4769 ⁴
234 4735 343 4797 Verba:
360 4737 454 4820 „quod
469 4771 511 4780 —
526 4735 636 4797 dotam“
656 4737 757 4796 dosunt
771 4736 801 4796 in
817 4737 892 4796 Cod.
910 4737 989 4810 (lap.
