3376 5392
1303 471 1361 532 181

1039 591 1051 634 t

490 697 577 740 τετε.
603 696 737 740 nrrrnna
759 697 891 741 nocam
914 685 995 755 nm,

163 792 221 846 qua
238 777 344 848 denarii
364 777 513 834 hentesimi
531 777 714 834 conceduntur
731 793 780 848 pro
798 777 904 833 fabrica
920 793 1071 848 marorum
1090 785 1215 848 negatum
1233 785 1322 835 minen

417 865 521 922 decima
539 865 692 936 concellarij
712 871 739 920 et
757 865 913 922 exoneratio
932 865 1067 922 humenti.

168 1025 359 1093 Franciscus
382 1024 513 1093 Foscari
535 1023 596 1090 Dei
614 1027 722 1110 prelio
744 1027 810 1090 (luc
839 1023 1035 1092 Venellorum
1058 1037 1110 1094 etc.

166 1167 333 1236 Nobilibus
355 1173 388 1236 et
410 1168 607 1250 sapientibus
629 1168 704 1232 viris
723 1167 854 1235 Nicolao
870 1166 1063 1234 Manrooeno
1079 1169 1120 1235 de
1135 1187 1193 1236 suo
1208 1171 1358 1238 mandato

119 1273 233 1341 comiti
256 1272 414 1341 Corsulae
445 1277 479 1340 et
506 1271 742 1340 successoribus
765 1273 832 1339 suis
854 1271 1000 1340 fidelibus
1024 1272 1148 1340 dilectis
1171 1274 1363 1342 salutemet

122 1380 307 1446 dilectionis
329 1376 488 1446 affectum,

169 1501 388 1587 significamus
409 1501 510 1585 nobis,
541 1499 718 1581 quodcum
743 1505 851 1566 nostro
874 1499 1007 1582 collegio
1028 1499 1168 1568 habente
1190 1519 1209 1568 a
1232 1503 1362 1570 consilio

120 1607 319 1690 Rogatcrum
341 1606 556 1689 plenissimam
571 1605 761 1683 libertatem,
785 1603 916 1670 instanti
940 1604 990 1672 die
1013 1603 1145 1671 fecimus
1168 1607 1207 1672 ad
1224 1607 1363 1690 capitula

120 1711 217 1779 nobis
239 1716 386 1795 porrecte
406 1730 465 1794 per
488 1714 646 1778 oratorem
669 1709 752 1776 illins
767 1707 972 1776 fidelissimae
987 1711 1219 1778 communitatis
1234 1717 1362 1779 nostrae

120 1815 346 1900 infrascriptae
377 1815 610 1899 responsiones,
642 1814 725 1882 sicut
753 1815 785 1880 in
814 1812 876 1881 fine
899 1815 1069 1882 cuiuslibet
1091 1835 1200 1882 eornrn
1224 1817 1361 1899 particu-

122 1921 238 1988 lariter
260 1919 426 1998 uidebitis;
451 1926 483 1985 et
505 1919 605 2002 primo
628 1919 668 1985 ad
690 1919 826 2002 primum
850 1919 1018 1986 uidelicet:

170 2042 381 2110 Serenissimo
410 2042 552 2124 principe
583 2045 616 2108 ct
646 2040 907 2108 eccellentissimo
936 2041 1093 2124 signorie!
1131 2041 1175 2108 Mi
1204 2043 1290 2110 Juan
1322 2044 1361 2112 de

124 2147 211 2214 Nino
242 2148 281 2214 de
306 2145 444 2213 Cnrzule
473 2145 559 2212 delle
587 2147 727 2212 serenite
757 2153 865 2212 vostra
894 2146 968 2212 fidel
998 2147 1135 2214 sentitor
1164 2167 1184 2213 o
1213 2149 1298 2232 piedi
1321 2150 1361 2218 de

123 2253 233 2338 quella
262 2271 409 2336 comparo
439 2269 498 2334 per
526 2269 618 2318 nome
647 2251 687 2317 de
716 2269 822 2316 mesen
852 2251 883 2317 lo
914 2255 1005 2317 conte
1037 2258 1070 2317 et
1093 2253 1251 2336 conseglio
1274 2259 1308 2320 et
1329 2254 1361 2320 la

122 2358 318 2424 communite
348 2357 388 2424 de
410 2355 549 2422 Curzula
578 2356 863 2423 recommandando
894 2355 999 2439 quello
1030 2374 1134 2424 mesen
1158 2357 1189 2424 lo
1212 2364 1304 2426 conte
1327 2365 1361 2426 et

123 2463 286 2547 conseglio
309 2467 342 2530 et
364 2463 563 2544 communite,
588 2462 796 2544 supplicando
820 2461 1001 2528 umilmente
1024 2463 1054 2528 ei
1077 2462 1161 2544 piedi
1183 2463 1222 2528 de
1252 2469 1361 2530 vostra

121 2568 267 2635 serenici
288 2586 359 2633 cnm
386 2567 434 2634 cio
451 2567 498 2633 sia
513 2565 570 2633 che
593 2570 613 2632 o
634 2567 740 2648 quello
764 2585 885 2650 ponere
907 2567 1002 2650 luogo
1026 2570 1044 2632 e
1068 2567 1108 2634 dc
1129 2587 1207 2650 gran
1230 2587 1359 2636 necesso

123 2672 218 2740 esar
239 2673 400 2739 corrsdori
423 2677 547 2738 attomo
570 2672 716 2750 lemare,
740 2671 762 2737 li
786 2672 859 2754 qual
882 2671 935 2736 nui
951 2691 1013 2739 non
1036 2671 1170 2754 podemo
1193 2671 1242 2760 lap
1266 2692 1361 2741 senza

120 2779 218 2846 aiudo
240 2777 324 2846 delle
345 2783 453 2845 vostra
474 2777 614 2844 serenite
635 2783 668 2844 et
689 2795 747 2859 per
769 2777 874 2859 quella
896 2795 991 2843 cason
1013 2797 1070 2844 son
1093 2783 1144 2842 sta
1166 2777 1316 2844 mandato
1339 2799 1359 2846 a

121 2884 294 2966 supplicas,
321 2883 493 2966 pregando‚
518 2881 576 2949 che
598 2883 629 2948 la
643 2887 751 2948 vostre
774 2883 913 2948 serenite
929 2901 964 2948 se
979 2881 1073 2964 degni
1096 2884 1249 2950 concedet
1264 2883 1362 2966 quelli

122 2987 217 3072 pochi
241 2988 351 3054 denari
381 2986 433 3056 del
462 2987 648 3054 trentesimo
676 2987 762 3053 della
783 2992 891 3054 vostra
920 3007 1045 3054 camera
1073 2987 1125 3054 del
1148 2989 1195 3054 sal
1218 2988 1258 3055 de
1282 2987 1361 3054 (lur-

121 3093 198 3160 zula
219 3111 277 3176 per
299 3093 372 3158 anni
395 3093 517 3174 cisque,
539 3092 684 3158 accioche
706 3092 738 3158 in
761 3099 874 3174 questo
899 3098 1007 3174 tempo
1031 3093 1070 3160 de
1086 3111 1166 3175 pane
1181 3095 1235 3160 nui
1249 3095 1360 3176 poueri

122 3199 252 3266 nomeni
285 3197 326 3264 de
348 3197 485 3263 Charanla
516 3215 556 3262 ne
587 3215 733 3280 possamo
764 3195 889 3262 insortir
920 3216 938 3262 e
969 3197 1019 3264 far
1049 3197 1071 3262 li
1102 3197 1174 3263 ditti
1202 3199 1361 3266 corredori

122 3309 261 3381 antonno,
286 3301 491 3369 offerendone
512 3308 597 3368 tutto
620 3302 725 3383 quello
748 3320 783 3368 se
806 3320 904 3384 possa
926 3307 1037 3368 trouar
1060 3301 1092 3367 in
1115 3302 1220 3383 quella
1242 3303 1361 3370 Vostra

120 3425 246 3490 ponera
268 3407 460 3472 communito
482 3413 597 3472 metten
619 3407 651 3472 in
674 3407 779 3488 quelh
802 3425 881 3489 epra
903 3413 937 3473 et
959 3407 1058 3473 anche
1081 3407 1163 3473 delle
1180 3413 1288 3474 nostre
1304 3427 1360 3491 po-

122 3533 203 3580 uere
226 3513 320 3578 horse
343 3511 483 3593 segondo
506 3513 538 3576 la
560 3521 669 3578 nostra
691 3511 885 3594 possibilite;
908 3513 1060 3578 euisando
1083 3511 1114 3577 le
1143 3517 1252 3578 vostra
1273 3531 1360 3579 sere·

122 3619 203 3698 nito,
228 3615 284 3684 che
305 3618 336 3682 lo
361 3617 537 3698 sopraditto
560 3617 745 3682 trentesimo
768 3635 830 3682 non
854 3635 889 3682 se
912 3615 987 3698 puol
1010 3615 1130 3682 nender
1148 3616 1242 3684 saluo.
1254 3616 1359 3683 ducati

124 3729 177 3802 50,
201 3742 259 3806 per
280 3721 345 3787 fina
367 3721 421 3787 alli
446 3725 487 3787 60
516 3720 681 3801 all'anno;
713 3741 732 3786 e
763 3728 875 3804 questo
898 3721 1104 3788 domandemo
1127 3739 1198 3786 cum
1220 3721 1361 3788 modist

121 3826 236 3894 ordeni
259 3843 348 3894 come
370 3827 402 3892 la
423 3828 563 3892 serenite
585 3833 694 3893 vostra
714 3825 757 3890 ho
779 3827 952 3893 conceduto
968 3825 1049 3892 altre
1071 3825 1166 3904 nolte,
1190 3830 1223 3890 et
1244 3823 1360 3908 perche

122 3951 187 4000 non
211 3937 230 3998 e
251 3937 336 3998 stato
366 3931 481 4001 alcuno
513 3931 588 3998 delli
618 3934 718 3997 nostri
749 3931 861 3997 rettori
888 3931 945 3996 che
967 3949 1030 3997 non
1052 3930 1135 3998 iesse
1160 3931 1199 3995 de
1221 3929 1305 3996 belle
1328 3935 1362 3996 et

121 4040 207 4106 bone
230 4057 316 4120 opre,
339 4037 552 4103 comennando
575 4037 616 4101 da
639 4055 741 4102 mesen
763 4035 871 4103 Marco
897 4037 1076 4103 Gradenico
1099 4055 1157 4119 per
1180 4034 1221 4100 tin
1241 4035 1272 4100 al
1288 4053 1359 4118 pre-

121 4151 214 4210 sente
237 4147 270 4208 et
292 4142 517 4224 specialmente
540 4161 597 4207 ms.
621 4141 798 4208 Francesco
824 4141 1004 4208 Lomberdo
1027 4141 1095 4208 iece
1118 4139 1167 4206 iar
1186 4145 1360 4218 maiorne,

23 4231 29 4248 ⁴
122 4248 182 4317 che
213 4249 245 4314 la
276 4230 358 4314 seria
388 4248 472 4312 bona
503 4253 534 4313 et
564 4245 703 4311 landsbil
734 4247 766 4311 in
793 4247 867 4329 ogni
895 4265 1009 4328 magna
1036 4253 1140 4324 terra;
1172 4246 1199 4310 si
1223 4245 1280 4310 cho
1302 4261 1360 4326 per

122 4353 230 4438 quella
252 4370 347 4419 cason
370 4351 512 4434 supplico
537 4351 719 4417 umilmente
741 4350 914 4434 pregando,
945 4350 1058 4416 chela
1088 4349 1227 4416 serenite
1253 4353 1361 4414 vostra

122 4481 141 4527 e
170 4457 313 4544 gratioso
343 4455 502 4539 conseglio
533 4475 569 4522 se
601 4457 695 4538 degni
726 4455 900 4523 concedere
931 4455 1026 4538 quelli
1056 4453 1170 4536 puochi
1201 4453 1311 4518 denari
1340 4456 1360 4517 e

122 4564 228 4647 quella
250 4579 369 4646 ponera
391 4569 486 4642 terra,
518 4562 662 4630 accioche
692 4563 724 4628 in
756 4567 862 4644 tempo
886 4561 925 4626 (le
950 4562 1089 4645 besegne
1114 4577 1189 4626 caso
1212 4558 1359 4625 ueniente

123 4689 163 4736 ne
185 4668 378 4753 podessemo
400 4667 554 4736 delender
576 4673 685 4734 contra
708 4667 782 4735 delli
805 4668 904 4733 nostri
926 4665 1042 4732 inimici
1065 4683 1123 4749 per
1145 4682 1224 4732 onor
1246 4667 1279 4730 et
1294 4663 1358 4729 bon

124 4773 215 4842 stade
240 4771 325 4842 della
345 4779 458 4844 nostre
479 4773 626 4856 signoria.
