3416 5350
354 476 395 538 92

349 677 447 745 deerit
470 678 640 761 accepisse,
668 677 721 743 uel
736 677 778 744 ad
803 694 912 743 eorum
928 675 1166 743 extimationem
1182 673 1381 757 condignam.
1403 671 1451 739 ut
1469 673 1498 739 si
1514 688 1597 739 mor·

350 788 425 849 tuus
447 781 544 849 inerit
565 782 627 860 ille,
653 781 706 864 qui
730 780 907 865 predictam
929 778 1159 847 confessionem
1181 776 1266 858 tradi,
1290 776 1339 844 et¹
1361 775 1502 844 heredes
1527 774 1597 844 dus
1686 791 1688 886 j

350 891 384 952 et
401 886 486 952 bona
507 885 606 968 ipsius
622 884 762 952 defuncti
777 884 950 952 addictam
965 880 1215 951 satisfactionem
1237 887 1426 950 remaneant
1450 879 1594 962 obligati.
1687 895 1688 958 ξ

351 1135 418 1180 ὒΔΡ.
447 1133 499 1176 LV·
529 1135 572 1178 DE
601 1135 656 1192 HS,
687 1135 742 1187 qul
771 1133 921 1178 quanm
946 1131 1008 1176 UBI:
1038 1130 1124 1176 um
1151 1130 1351 1176 asomum
1375 1129 1510 1174 nmo!
1532 1129 1595 1174 m

901 1219 1040 1264 nusum.

392 1338 474 1403 Item
498 1341 653 1404 statutum
675 1340 708 1403 et
731 1335 913 1401 ordinatum
936 1339 997 1414 est,
1020 1333 1107 1416 quod
1129 1333 1157 1400 si
1179 1331 1295 1414 aliquis
1313 1330 1494 1414 promittit²
1516 1332 1595 1399 dare

351 1441 445 1507 alicui
469 1447 588 1507 certam
608 1441 818 1522 quantitatem
834 1439 900 1504 uini
923 1439 964 1505 de
979 1439 1036 1504 tali
1053 1438 1156 1522 uinea,
1173 1437 1226 1503 uel
1241 1442 1364 1503 tantam
1378 1437 1594 1519 quantitatem

350 1545 459 1628 grani,
491 1543 544 1611 uel
582 1543 715 1610 alterius
747 1542 833 1608 bladi
857 1541 897 1609 de
920 1541 977 1608 tali
1000 1547 1087 1609 terra
1108 1558 1166 1622 pro
1188 1546 1277 1606 certo
1296 1539 1406 1623 precio
1427 1539 1516 1607 inter
1537 1557 1593 1609 eos

348 1653 521 1726 conuento,
552 1653 587 1712 at
616 1651 748 1729 propter
775 1646 961 1729 grandinem
991 1645 1045 1712 uel
1073 1644 1167 1712 adam
1204 1649 1431 1727 tempestatem
1453 1644 1487 1710 in
1509 1645 1593 1712 dicta

346 1751 443 1816 uinea
464 1746 518 1817 uel
541 1756 629 1817 terra
651 1769 714 1818 non
734 1751 795 1818 erit
817 1755 907 1816 tanta
929 1751 1091 1832 quantitas
1114 1750 1179 1814 uini
1209 1748 1263 1816 nel
1282 1748 1379 1829 bladi,
1405 1749 1493 1831 quod
1516 1749 1591 1816 talis

347 1854 523 1936 promissor
545 1855 586 1921 ab
610 1872 659 1932 eo,
683 1855 769 1936 quod
792 1853 898 1920 iacere
920 1854 1003 1921 non³
1016 1858 1125 1937 potest
1143 1854 1184 1919 de
1199 1871 1248 1933 eo,
1271 1853 1356 1934 quod
1370 1853 1530 1934 promisit,
1551 1857 1592 1918 nt

346 1957 501 2025 liberatus
523 1962 557 2024 et
578 1957 754 2025 absolutus.
778 1957 813 2026 Si
835 1963 942 2024 maren
964 1963 1092 2042 emptor
1114 1955 1262 2036 uoluerit,
1285 1961 1420 2040 cogatur
1443 1955 1592 2024 uenditor

350 2061 428 2127 dare
451 2063 587 2145 emptori
610 2081 669 2145 pro
692 2067 763 2128 rata
785 2067 878 2145 parte
893 2061 992 2144 prqcij
1011 2061 1090 2128 illud
1106 2061 1225 2146 uinum,
1248 2061 1334 2142 quod
1348 2059 1493 2127 fueritin
1509 2060 1592 2126 dicta

348 2165 451 2248 uinea,
475 2166 528 2232 uel
550 2165 630 2232 illud
652 2166 791 2246 bladum,
816 2167 902 2248 quod
924 2165 1023 2232 fuerit
1046 2167 1079 2231 in
1102 2165 1187 2232 diota
1202 2171 1299 2232 terra.
1323 2163 1367 2231 Et
1381 2163 1427 2232 si⁴
1442 2164 1590 2231 aeneum

347 2270 489 2352 precium
500 2274 602 2337 totum
616 2269 784 2352 receperit,
800 2270 963 2337 residuum
978 2271 1078 2354 precij
1095 2269 1232 2351 emptori
1247 2269 1421 2340 restituere
1432 2274 1588 2337 teneatur.

446 2499 514 2544 ΟΔΡ.
538 2501 602 2543 ῙΝΙ.
625 2501 668 2544 DE
690 2499 927 2545 OOGUPAM'IBUS
949 2499 1076 2545 nemean
1098 2497 1315 2543 nasamone
1335 2497 1481 2542 flamm.

388 2615 470 2682 Item
502 2620 657 2682 statutum
687 2621 721 2683 et
749 2616 931 2683 ordinatum
953 2619 1019 2696 est,
1051 2613 1136 2696 quod
1169 2614 1197 2681 si
1220 2615 1291 2698 quis
1314 2615 1506 2682 auctoritate
1529 2631 1585 2680 sua

345 2720 476 2803 propria
505 2723 539 2786 et
568 2721 637 2786 sine
659 2719 787 2787 licentia
809 2725 844 2786 et
873 2719 1064 2786 auctoritate
1095 2719 1182 2799 curie
1212 2717 1391 2786 offitialium
1414 2717 1586 2785 eommunis

348 2821 479 2906 Spoleti,
503 2840 561 2888 seu
583 2842 643 2906 per
664 2823 849 2890 uiolentiam
879 2823 1002 2890 inuadit
1030 2822 1083 2888 uel
1114 2823 1266 2905 oocupat⁶
1295 2823 1431 2889 alienam
1462 2841 1587 2906 posses·

347 2927 478 3009 monem,
502 2927 555 2993 uel
579 2932 652 3008 post
673 2932 791 2994 motum
814 2926 908 2993 alicui
930 2926 1019 2993 litem
1042 2931 1075 2992 st
1090 2925 1289 3008 questionem
1304 2927 1345 2993 de
1362 2927 1469 3010 aliqua
1484 2927 1588 3009 domo,

346 3031 397 3095 uel
422 3030 622 3112 possessione
644 3030 759 3114 aliquis
783 3049 854 3124 eam
876 3030 980 3104 emit'‚
1003 3030 1056 3096 uel
1079 3029 1142 3095 aiio
1165 3029 1259 3097 modo
1274 3031 1308 3095 in
1333 3049 1369 3096 se
1395 3029 1586 3097 transferat'

348 3140 420 3216 post
442 3133 725 3214 denuntiationem,
748 3134 800 3200 uel
831 3135 1094 3216 protestationem
1124 3132 1220 3199 alicui
1249 3133 1384 3216 iactam,
1415 3153 1457 3201 ne
1486 3135 1586 3217 ipsam

346 3256 412 3304 rem
437 3243 523 3303 emat
545 3239 597 3304 uel
620 3239 682 3304 alio
702 3239 796 3306 modo
812 3239 845 3303 in
860 3257 895 3304 ss
911 3236 1110 3317 transferret,
1138 3238 1213 3320 quia
1227 3238 1297 3320 ipsa
1312 3256 1365 3304 res
1380 3243 1433 3304 est
1448 3238 1586 3318 alterius,

346 3346 379 3406 et
400 3341 470 3422 ipse
493 3346 602 3422 spreta
624 3341 857 3424 protestatione
890 3347 923 3407 et
946 3341 1188 3408 denuntiatione
1221 3341 1367 3424 predicta
1397 3343 1500 3424 ipsam
1523 3359 1588 3408 ram

345 3443 432 3526 emit,
462 3445 516 3508 uel
538 3445 601 3510 alio
630 3445 726 3512 modo
749 3446 782 3510 in
804 3463 840 3512 se
862 3443 1067 3512 transieret⁸:
1100 3445 1175 3528 quia
1196 3446 1229 3511 in
1259 3445 1329 3512 istis
1353 3446 1483 3512 casibus
1514 3463 1587 3529 prq-

347 3547 520 3614 sumendus
543 3553 593 3614 est
615 3549 699 3630 male
723 3547 798 3615 fidei
820 3566 987 3630 possessor
1015 3554 1049 3614 et
1071 3549 1177 3633 potius
1200 3550 1330 3616 inuasor
1351 3549 1404 3616 uel
1426 3549 1587 3617 uiolentus

346 3655 534 3732 occupator,
558 3651 586 3716 si
609 3658 721 3734 postea
742 3653 775 3718 in
797 3653 910 3719 iuditio
933 3672 953 3718 a
975 3653 1102 3720 domino
1126 3653 1209 3734 dicte
1233 3654 1290 3735 rei,
1313 3653 1366 3720 uel
1396 3653 1438 3720 ab
1461 3671 1512 3733 so,
1537 3652 1587 3736 qui

345 3755 394 3820 ius
417 3754 535 3821 habeat
557 3755 590 3820 in
613 3757 765 3834 dictare,
789 3757 929 3840 legitime
951 3757 1170 3836 coarmantur,
1194 3775 1258 3823 non
1281 3757 1382 3824 solum
1399 3757 1587 3824 condemna·

345 3857 416 3922 tur⁹
437 3859 479 3924 ad
501 3859 735 3926 restitutionem
760 3859 844 3941 dictq
867 3861 923 3941 rei,
947 3861 1004 3926 sed
1028 3860 1122 3928 etiam
1145 3861 1408 3927 condemnetur¹⁰
1429 3861 1472 3927 ad
1495 3859 1586 3928 rasti·

343 3962 498 4029 tutionem
529 3963 668 4030 omnium
697 3962 857 4030 fructuum
887 3983 945 4047 per
978 3981 1050 4030 eum
1083 3971 1323 4047 perceptorum,
1359 3971 1393 4030 et
1426 3965 1481 4048 qui
1505 3981 1585 4031 com-

343 4067 482 4132 muniter
503 4067 624 4149 percipi
646 4073 820 4148 potuerunt
842 4067 882 4133 de
905 4067 1054 4135 terratico
1085 4067 1184 4149 ipsius
1215 4068 1434 4149 possessionis,
1470 4069 1525 4134 uel
1549 4067 1586 4133 da

345 4175 477 4236 contura
499 4187 557 4237 seu
580 4171 781 4252 possessione
805 4171 889 4252 dicte
913 4172 1033 4237 domus.

455 4329 550 4338 ...q—-

388 4393 514 4458 ¹Deest
537 4398 567 4458 in
591 4398 671 4459 eod.
695 4397 803 4459 acad.
827 4397 852 4457 B
876 4403 906 4458 et
927 4416 976 4475 ap·
1000 4399 1110 4474 Ljub.
1192 4393 1205 4432 ¹
1227 4397 1285 4474 Ap.
1309 4396 1436 4474 ajon:
1460 4397 1585 4476 „promi

346 4476 448 4544 serit“.
513 4481 749 4546 ³Deestibid.
798 4482 1099 4546 ‘Deestineod
1122 4484 1232 4545 acad.
1254 4485 1291 4545 A.
1353 4480 1587 4560 ⁶Ap.Ljub.=

343 4569 505 4654 ¹,inuaserit
527 4589 579 4632 sen
602 4565 820 4648 occupauerit“.
892 4569 904 4606 ⁶
925 4571 1046 4632 ibid:
1073 4566 1226 4648 ,emerit“.
1297 4568 1309 4604 ⁷
1331 4569 1453 4632 ibid:
1473 4573 1585 4646 „trans-

345 4656 475 4718 tulerit‘.
546 4653 559 4691 ⁸
579 4657 696 4719 ibid:
716 4657 855 4735 ,emerit“
872 4705 879 4720 .
894 4703 901 4718 .
917 4702 924 4717 .
938 4703 946 4719 .
961 4654 1191 4736 ,acmularet
1270 4653 1282 4692 ⁹
1303 4655 1389 4720 (iod.
1413 4656 1522 4718 acad
1546 4657 1586 4718 B:

348 4738 630 4829 „condempnetur“.
701 4739 730 4778 ¹⁰
751 4743 843 4805 ibid.
867 4761 894 4806 e.
917 4761 956 4806 m.
1407 4763 1413 4776 ·
