3398 5354
350 489 408 548 194

344 689 574 756 Ordinamanta
596 709 693 772 super
715 691 782 756 sale
800 739 1412 754 ...............
1532 688 1577 770 rlj.

341 791 543 860 Deeodem.
580 842 587 858 .
624 842 630 856 .
659 829 666 841 ·
711 843 1410 858 .................
1520 792 1576 871 xlij.
1669 857 1670 862 ,

341 895 390 961 De
406 895 519 962 codem
538 945 1412 961 .....................
1507 896 1575 975 xiiij.

341 997 391 1064 De
406 999 517 1066 eodem
538 1049 1413 1065 .....................
1498 999 1578 1079 xliiij.

344 1099 449 1184 Supra
481 1102 627 1168 omnibus
658 1103 805 1184 capitulis
836 1104 1028 1185 supradictis
1058 1104 1190 1170 cuilibet
1220 1106 1263 1168 sit
1294 1103 1416 1168 licitum

382 1222 534 1270 accusare
556 1210 590 1272 et
616 1205 806 1271 denuntiare
840 1255 1412 1272 ..............
1518 1203 1576 1268 xlr.

342 1305 392 1374 De
414 1307 509 1374 blado
532 1312 567 1376 et
588 1307 655 1375 salo
676 1307 828 1391 generale
843 1313 997 1374 statutum
1018 1358 1414 1374 ..........
1508 1307 1576 1388 xlvj.

341 1571 457 1614 monum
486 1572 621 1624 eumuna
651 1572 745 1614 arans
775 1572 991 1615 ararurorrum.
1023 1573 1173 1634 mnarum,
1208 1573 1291 1623 Quor>
1321 1573 1418 1612 risun
1441 1570 1576 1622 ouaruoa

344 1657 579 1702 cursuscursus
601 1657 644 1699 nu
667 1658 840 1700 termnum
872 1658 952 1716 uras,
983 1659 1100 1756 sparus
1131 1659 1169 1700 rru
1197 1659 1323 1720 course,
1348 1657 1518 1712 munuum,
1540 1657 1576 1698 ur

900 1744 1024 1785 rurae.

386 1855 546 1924 Statutum
577 1863 611 1924 et
640 1858 819 1923 ordinatum
843 1863 901 1934 est,
933 1858 1184 1940 quodpotestas
1209 1864 1405 1936 connector,
1439 1857 1489 1938 qui
1518 1875 1572 1938 pro

348 1965 492 2042 ternpore
515 1960 613 2028 luerit
635 1962 667 2025 in
690 1962 819 2026 ciuitate
837 1959 968 2042 Spalati,
992 1967 1140 2028 teneatur
1155 1963 1281 2028 uinculo
1299 1964 1486 2027 sacramenti
1499 1961 1573 2025 infra

312 2151 313 2155 Ἰ
345 2065 480 2144 primurn
514 2083 656 2130 mensem
690 2063 737 2128 sni
769 2065 931 2145 regiminis
959 2062 1065 2129 facere
1096 2065 1189 2145 eligi¹
1219 2066 1251 2128 in
1280 2064 1423 2147 generali
1453 2065 1572 2130 consilio

344 2166 428 2246 dicte
460 2167 599 2232 ciuitatis
632 2173 769 2247 quatuor
791 2173 1024 2248 suprastantes,
1056 2167 1207 2233 uidelicet
1230 2186 1327 2232 unum
1351 2175 1570 2248 suprastantam

344 2269 377 2334 iu
401 2269 543 2352 quolibet
566 2270 730 2350 quarterio
755 2271 839 2350 dicte
864 2271 1012 2348 ciuitatis,
1041 2288 1172 2351 quorum
1197 2269 1333 2335 officium
1357 2271 1399 2335 sit
1421 2277 1523 2352 aptare
1543 2277 1572 2336 et

345 2374 451 2454 optari
474 2372 578 2439 lacere
602 2373 672 2438 uias
696 2373 847 2454 publicas,
873 2373 979 2438 tontes
1003 2381 1036 2439 et
1060 2381 1172 2456 pontes
1194 2381 1261 2438 tarn
1283 2375 1315 2438 in
1340 2373 1468 2439 ciuitate
1489 2392 1570 2454 quarn

345 2483 436 2541 extra
459 2477 619 2542 ciuitatem
644 2477 684 2541 ud
701 2483 856 2558 expensas
877 2477 1011 2554 illorum,
1037 2478 1091 2558 qui
1107 2498 1146 2543 aa
1160 2477 1264 2544 iacere
1281 2479 1400 2543 debent
1414 2477 1569 2543 secundum

343 2579 476 2672 formam
508 2581 704 2661 presentium
736 2585 937 2646 statutorum.
969 2581 1013 2645 Et
1041 2581 1181 2648 habeant
1210 2582 1287 2645 illud
1310 2581 1467 2660 salarium,
1496 2580 1569 2660 quod

343 2686 389 2752 eis
413 2703 471 2768 per
494 2683 658 2749 consilium
682 2683 830 2764 generale
855 2684 940 2764 dicte
964 2685 1102 2751 ciuitatis
1125 2685 1222 2750 fuerit
1244 2685 1435 2750 ordinatum.

387 2787 448 2866 Qui
478 2785 699 2869 suprastantes
731 2788 838 2852 iurent
868 2789 908 2852 ad
940 2795 1050 2854 sancta
1080 2789 1139 2854 Dei
1171 2788 1347 2872 euangelia,
1380 2787 1571 2870 corporaliter

344 2889 431 2957 tacti>
454 2890 545 2970 libro,
569 2907 678 2956 eorum
702 2888 838 2956 olficiurn
862 2889 969 2956 lacere
992 2897 1025 2958 et
1049 2909 1197 2958 exercere
1219 2889 1358 2958 fideliter
1381 2897 1416 2956 et
1437 2891 1570 2974 legaliter

343 2991 514 3061 bonafide
536 2996 605 3060 sina
627 2993 749 3059 fraude.
773 2994 816 3058 Et
838 2995 925 3076 quod
948 2996 1071 3076 possint
1101 2996 1319 3078 constringere
1350 3001 1382 3060 et
1413 2994 1569 3074 constringi

343 3097 450 3164 iacere
472 3098 545 3164 illos
568 3097 722 3176 homines,
747 3099 801 3180 qui
824 3105 1012 3164 tenerentur
1034 3099 1074 3164 ad
1098 3102 1291 3180 optationem
1314 3099 1445 3164 alicuius
1467 3100 1513 3176 uic
1533 3097 1568 3161 ad

343 3204 446 3285 ipsam
469 3203 554 3268 uiam
570 3203 741 3284 aptandam
760 3210 793 3268 et
808 3201 1001 3280 iaciendam3
1026 3209 1060 3267 et
1077 3204 1161 3284 quod
1176 3203 1299 3284 possint
1313 3221 1413 3284 penas
1429 3209 1461 3267 et
1476 3201 1568 3266 banna

342 3307 506 3390 imponere
529 3324 629 3388 usque
653 3307 694 3370 ad
717 3307 928 3387 quantitatem
952 3309 1091 3387 quinque
1115 3307 1276 3372 soldorum
1295 3325 1353 3388 pro
1369 3306 1506 3388 quolibet
1520 3304 1566 3381 lli,

344 3411 399 3492 qui
422 3417 588 3493 sperneret
610 3409 762 3475 mandata
777 3428 885 3475 eorum
910 3429 967 3491 pro
991 3411 1152 3491 aptatione
1176 3419 1210 3474 et
1232 3411 1433 3492 reparatione
1449 3409 1565 3475 alicniru

342 3517 404 3595 uie.
428 3515 473 3580 Et
495 3519 639 3596 potestas
663 3519 697 3579 et
719 3521 832 3592 rector,
857 3513 909 3594 qui
927 3531 984 3594 pro
1002 3521 1143 3595 tempore
1159 3513 1265 3592 luerit,
1288 3520 1436 3580 teneatur
1451 3511 1562 3577 uinculo

343 3619 537 3686 sacramenti
559 3619 636 3684 dare
659 3617 737 3699 ipsis
761 3617 800 3682 de
823 3617 949 3698 riuarijs
973 3615 1049 3681 dicti
1070 3619 1243 3683 communis
1259 3617 1299 3683 ad
1316 3617 1489 3682 laciendum
1505 3617 1565 3694 ipsa

344 3730 496 3806 precepta
518 3729 551 3790 et
580 3721 728 3787 mandata
751 3726 784 3787 et
807 3721 883 3786 dare
906 3721 953 3786 eis
983 3721 1173 3786 adiutorium
1197 3727 1230 3786 ut
1250 3720 1393 3786 fauorem
1417 3721 1455 3785 arl
1470 3735 1565 3784 comm

342 3825 479 3894 officium
505 3828 725 3893 exercendum.

788 4040 855 4081 cae.
880 4040 912 4078 rr
939 4039 980 4079 nn
1003 4015 1135 4079 noonn⁸.

385 4154 468 4220 Item
492 4160 644 4220 statuturo
671 4160 704 4218 ot
727 4155 907 4219 ordinatum
932 4159 990 4235 est,
1016 4155 1100 4234 quorl
1119 4159 1260 4233 potestas
1276 4171 1347 4217 curn
1363 4153 1454 4219 (lictis
1469 4171 1564 4233 supra·

343 4259 504 4324 sumtibus
536 4265 570 4323 et
602 4257 788 4323 officialibus
821 4264 968 4323 teneatur
998 4255 1103 4322 tacere
1135 4257 1284 4337 plancam
1315 4262 1349 4321 et
1379 4263 1488 4337 aptare
1508 4256 1566 4320 uias

339 4359 423 4426 infra
446 4363 618 4447 ciuitatem,
643 4381 705 4444 que
728 4363 908 4446 indigerent
928 4361 1034 4442 aliqua
1049 4367 1198 4442 optatura
1216 4361 1257 4426 arl
1274 4377 1430 4444 expensas
1445 4359 1565 4436 illomm‚

390 4551 402 4588 ¹
428 4555 583 4636 nvidelicet
604 4559 637 4614 ut
659 4555 754 4615 inira“
780 4554 863 4614 deest
892 4555 921 4614 in
954 4555 1032 4615 cod.
1063 4555 1168 4616 acad.
1192 4557 1226 4616 Β.
1340 4551 1431 4630 ¹Ap.
1454 4551 1565 4628 Ljub.:

345 4641 504 4715 „eligare¹‘.
544 4638 560 4690 Ρ
574 4641 631 4715 Δρ.
648 4642 673 4699 lr
678 4641 758 4717 jub.
790 4639 923 4716 sequitur
937 4645 1021 4700 tenor
1037 4659 1065 4718 pr
1074 4643 1202 4728 aasentis
1218 4641 1337 4716 capituli
1354 4641 1508 4718 capitulum
1522 4635 1565 4695 lll.

341 4733 459 4787 nostrae
480 4727 625 4786 editionis,
