3376 5392
1325 428 1384 492 135

196 623 279 692 Item
300 630 478 706 terrama,
501 627 555 692 vbi
578 627 693 694 dicitur
713 628 832 708 Picti,
857 647 926 694 curn
949 629 1148 712 pertinentija
1172 629 1248 696 suis.

196 738 278 805 Item
301 745 387 807 tarra
408 760 504 823 super
526 742 624 808 malas
648 741 899 824 Stuparinas
923 743 1001 826 pod
1023 742 1182 812 Ohnexe
1204 743 1383 825 riudabo,

149 859 224 910 oum
242 846 442 931 pertinentijs
466 849 539 914 suis.

168 957 378 1028 ,Praefatum
399 963 547 1047 regimen,
571 981 723 1028 unacum
745 963 903 1032 nobilibus
926 961 1142 1045 infrascriptis,
1160 962 1307 1030 videlicet
1322 982 1382 1030 ser.

148 1059 307 1130 Chriacho
338 1065 453 1146 Lunae,
486 1086 545 1132 ser.
576 1067 697 1150 Angelo
726 1067 878 1148 Hobradi
908 1087 969 1134 ser.
993 1067 1116 1134 Joanne
1138 1067 1292 1149 Hebradi‚
1323 1087 1384 1136 scr.

148 1166 277 1234 Marino
300 1168 472 1250 Xiloouioh‚
496 1191 557 1237 ser.
581 1171 749 1238 Francisco
770 1172 866 1254 Junij‚
891 1191 951 1238 sor.
968 1171 1109 1240 Marchio
1125 1171 1301 1253 Sincouioh,
1325 1191 1382 1239 aar.

148 1271 308 1340 Lazarino
331 1273 438 1354 Testa,
469 1294 530 1342 ser.
552 1274 689 1342 Antonio
714 1275 846 1360 Rossen,
877 1295 938 1343 ser.
963 1276 1090 1342 Simone
1112 1276 1290 1358 Michulich‚
1322 1295 1383 1342 aar.

147 1374 290 1444 Antonio
311 1378 442 1445 Joannis
473 1378 676 1448 Stoianouich
707 1390 739 1447 et
761 1381 853 1446 sudia
881 1400 940 1446 ser.
965 1381 1063 1448 Panlo
1087 1380 1258 1447 Matieuich
1282 1379 1383 1446 deela-

148 1489 306 1548 rauerunt
328 1483 396 1550 loea
417 1483 596 1552 Communis
619 1485 827 1567 infrascripta,
852 1485 1016 1551 videlicet:

639 1682 679 1749 In
701 1683 894 1750 Leombordo.

194 1821 231 1885 In
253 1820 362 1904 primis
385 1841 493 1890 omnes
515 1824 733 1905 possessiones
755 1832 924 1902 etiamne,
949 1843 1032 1906 quae
1054 1825 1215 1906 pertinent
1230 1821 1270 1889 ad
1287 1819 1380 1886 Com-

147 1944 245 1990 mune
268 1925 422 1994 Curzulae
444 1929 477 1992 in
498 1928 732 1994 Lumbarda
754 1949 773 1994 a
795 1929 816 1995 J
825 1947 954 2012 agnae
980 1927 1068 1993 rath
1091 1929 1208 1992 circum
1230 1927 1312 1992 circa
1333 1933 1382 1992 to·

146 2035 218 2094 tum
240 2031 428 2112 Petrina,
451 2051 550 2115 usque
584 2035 624 2099 ad
653 2033 839 2100 Borcona
870 2031 1220 2117 Vinogradisuhia
1249 2037 1283 2096 et
1312 2049 1382 2096 cum

145 2133 223 2214 ipsa
253 2134 514 2218 vinogradischia.
552 2137 760 2220 Intelligendo
790 2145 892 2204 terras
922 2143 955 2203 et
977 2137 1085 2204 vincas
1112 2137 1170 2202 sub
1193 2136 1303 2201 Brisi
1325 2131 1382 2204 seu

146 2244 273 2304 montes
296 2239 383 2304 iuxta
404 2239 493 2307 littus
515 2241 619 2306 maris.

193 2351 275 2416 item
297 2353 400 2419 locum
422 2353 453 2416 in
477 2331 655 2420 Pennino
677 2355 784 2420 datum
809 2355 849 2420 ad
871 2355 1093 2436 planctandum
1115 2351 1188 2436 filijs
1211 2353 1301 2418 Pauli
1317 2353 1380 2418 Go-

147 2455 283 2542 toucieh‚
305 2457 391 2522 iuxta
410 2457 544 2524 heredes
562 2457 676 2524 Boxini
697 2461 786 2526 stoici
803 2467 836 2526 et
852 2458 966 2524 Buschi
986 2457 1131 2540 calogerij
1151 2464 1183 2525 et
1202 2457 1279 2522 alios
1291 2455 1379 2523 fines

193 2569 275 2634 Item
297 2589 392 2634 vnum
414 2571 516 2636 locum
537 2573 570 2636 in
591 2572 757 2638 Plechie
781 2573 972 2654 planctatam
997 2591 1053 2654 per
1075 2570 1210 2636 heredes
1230 2569 1304 2635 dicti
1319 2567 1381 2634 Bo·

148 2673 213 2738 xini
237 2674 319 2740 circa
333 2694 427 2740 vnum
444 2677 589 2759 gognale,
613 2693 683 2741 cum
698 2677 896 2759 pertinentijs
913 2677 978 2742 suis
994 2694 1103 2742 versus
1118 2673 1380 2758 vinogradischia.

191 2787 273 2852 Item
295 2806 388 2853 vnarn
411 2789 535 2854 vincam
558 2789 751 2871 planctatam
774 2809 833 2872 per
855 2789 1004 2854 butchum
1020 2787 1271 2866 Granisiaucich‚
1294 2787 1380 2853 iuxta

147 2891 273 2956 vineam
307 2891 548 2959 Communitatis
584 2899 617 2958 et
649 2894 736 2960 iuxta
769 2895 869 2960 dictos
903 2892 986 2958 filios
1021 2893 1109 2958 Pauli
1144 2891 1318 2980 Gotouoioh
1348 2897 1381 2956 et

146 2999 229 3064 aiios
249 2996 337 3065 fines.

193 3111 274 3177 Item
298 3129 391 3176 unam
413 3112 536 3178 vineam
558 3113 750 3194 planctatam
766 3131 823 3194 per
837 3111 998 3177 Nouatum
1023 3111 1190 3194 'foragium
1216 3112 1381 3178 subvinea

145 3215 223 3282 dicti
235 3213 358 3300 Butchi,
375 3215 464 3280 iuxta
474 3221 577 3282 terras
590 3215 781 3294 Communis,
806 3233 887 3297 quae
900 3217 1035 3281 tendunt
1047 3235 1158 3281 versus
1171 3216 1260 3280 littus
1276 3217 1379 3282 maris.

191 3329 273 3393 Item
296 3347 391 3394 vnum
416 3329 528 3412 locum,
552 3331 605 3410 qui
628 3331 801 3410 antiquitus
817 3329 856 3394 ab
873 3330 962 3395 annis
980 3330 1161 3410 octuaginta
1175 3328 1235 3393 iuit
1249 3330 1380 3394 buscum

146 3439 181 3500 et
203 3451 286 3498 nunc
308 3434 502 3515 planctatum
535 3453 593 3515 per
623 3433 808 3515 Gregoriunr
842 3431 1019 3512 Scogietich
1050 3441 1083 3499 et
1114 3433 1172 3498 sibi
1196 3451 1380 3498 concessum

144 3555 206 3620 per
228 3539 356 3603 inanem
380 3538 459 3603 alias
480 3538 603 3622 Balasc,
628 3557 720 3621 quem
744 3539 846 3604 locum
870 3545 979 3604 tenent
1001 3555 1084 3603 nunc
1104 3543 1289 3618 occupatum
1306 3537 1381 3602 dicti

144 3643 283 3708 heredes
313 3642 430 3726 Belasij
461 3649 495 3708 et
524 3643 626 3710 dietus
655 3644 835 3726 Gregorius
866 3645 978 3726 quibus
1008 3661 1067 3725 per
1095 3643 1212 3708 dictum
1241 3641 1380 3725 regimen

147 3747 352 3828 consignetur
378 3749 532 3813 terminus
548 3748 590 3813 ad
605 3749 841 3814 monstrandum
858 3749 928 3813 iura
944 3767 1000 3813 sua
1015 3749 1163 3830 legitime,
1188 3746 1262 3828 quia
1276 3745 1379 3827 palam

145 3853 360 3935 praesumitur
383 3871 455 3919 esse
478 3852 666 3919 Communia.

191 3965 274 4031 Item
297 3985 392 4030 vnum
415 3966 517 4032 locum
542 3965 575 4030 in
598 3967 737 4032 Raxan
760 3967 791 4032 in
814 3968 917 4049 capite
939 3966 1061 4032 insulae
1085 3969 1218 4047 aparte
1241 3964 1379 4044 orientia,

145 4071 202 4153 qui
225 4069 313 4136 loeus
336 4073 508 4154 antiquitus
531 4070 590 4136 fuit
612 4091 722 4138 nemus
746 4079 780 4138 et
801 4075 894 4137 immo
918 4072 1132 4154 praesumitur
1147 4069 1244 4134 fuisse
1261 4074 1294 4134 et
1309 4087 1380 4134 esse

146 4174 340 4254 Communis,
364 4177 438 4256 quia
460 4175 574 4256 aliquis
598 4195 661 4241 non
683 4176 825 4260 possedit
848 4196 929 4261 eum,
952 4194 1044 4257 quem
1068 4175 1170 4239 iocum
1193 4191 1274 4238 nunc
1291 4176 1381 4237 tenet

144 4279 264 4344 Paulus
288 4279 482 4345 Mathieuich
506 4288 702 4362 occupatum,
729 4281 781 4346 vbi
800 4283 908 4346 vineas
933 4279 1124 4361 planatanit3
1158 4283 1191 4343 ot
1212 4277 1283 4342 ideo
1307 4294 1380 4359 pro·

143 4385 202 4450 bet
224 4384 264 4448 de
287 4385 356 4450 iure
379 4405 435 4450 suo
458 4386 588 4464 Paulus
612 4386 705 4450 aliter·
727 4393 889 4450 remaneat
912 4384 1085 4449 Communi.

189 4501 270 4565 item
295 4518 386 4565 unam
409 4499 653 4582 possessionem,
679 4517 748 4563 cnm
773 4499 875 4576 vinea,
900 4497 1002 4572 domo,
1025 4495 1126 4561 hortis
1158 4500 1191 4560 et
1214 4491 1378 4558 arboribus

145 4613 178 4674 et
200 4606 402 4689 pertinentijs
428 4607 493 4673 suis
516 4607 603 4672 iuxta
626 4604 774 4672 Sanctam
797 4603 979 4683 Barbarum,
1004 4621 1096 4684 quam
1122 4604 1208 4667 tenet
1222 4597 1377 4664 Radosia-

145 4731 205 4778 uus
229 4712 389 4778 Tutuman
412 4717 446 4780 et
466 4711 667 4780 Radoslauus
690 4707 829 4778 Pontici·
