3376 5392
347 473 407 540 194

347 701 473 764 quoquo
496 682 591 749 modo
614 685 767 762 uenerint,
792 681 915 751 soluere
943 685 1112 748 teneantur
1136 681 1358 766 ancheregium
1388 679 1572 764 praedictum

350 788 452 854 cilicio
474 789 672 871 prouisorum
695 795 873 855 nostrorum
897 789 1060 866 communi,
1085 789 1168 870 quod
1199 793 1405 852 connectatur
1436 788 1468 850 in
1497 787 1573 852 solu-

349 895 465 958 tionem
486 909 647 957 cursorum
672 899 848 957 nostrorum
873 897 905 957 et
925 893 957 956 in
980 892 1086 973 aliqua
1108 892 1169 956 alia
1185 911 1220 957 re
1236 891 1413 972 dispensari
1427 910 1491 957 non
1506 909 1573 972 pos

346 997 410 1060 sint
432 996 496 1061 ullo
520 1002 628 1077 paeto;
652 997 759 1062 soldos
783 1013 909 1078 quoque
930 997 1041 1076 uiginti
1069 1015 1126 1077 pro
1150 1013 1276 1076 quoquo
1300 996 1398 1061 sterio
1422 994 1574 1078 statuenti,

345 1099 447 1166 officio
463 1105 569 1166 nostro
589 1100 751 1166 bladorum
768 1109 801 1165 et
824 1102 955 1165 ducatos
977 1101 1114 1182 quinque
1128 1099 1230 1166 officio
1253 1101 1413 1164 temariae
1429 1119 1486 1181 pro
1502 1119 1573 1180 quo·

345 1205 423 1269 libet
445 1204 569 1268 milliari
598 1205 676 1282 olei;
708 1211 740 1269 et
772 1224 828 1286 pro
852 1203 983 1285 reliquis
1015 1206 1108 1270 rebus
1138 1210 1171 1268 et
1198 1204 1353 1270 mercibus
1377 1205 1496 1285 uiginti
1523 1223 1575 1285 pro

346 1310 525 1374 centenario
550 1309 633 1372 ultra
657 1295 916 1375 datia‘eonsueta
939 1315 974 1372 ut
996 1309 1141 1390 superius
1164 1311 1280 1373 dictum
1304 1314 1361 1373 est.

392 1411 459 1478 Nec
483 1413 581 1494 possit
603 1432 754 1494 praesens
777 1433 851 1494 pars
868 1413 1019 1498 reuocari,
1043 1414 1203 1496 suspendi,
1228 1413 1390 1490 declarari,
1416 1417 1472 1476 aut
1486 1412 1575 1477 aliter

351 1517 563 1598 interpretari,
589 1537 646 1583 nec
669 1520 742 1598 poni
767 1519 805 1584 de
830 1519 1057 1598 suspendendis
1088 1519 1206 1599 poenis,
1238 1538 1296 1583 nec
1325 1538 1382 1600 per
1413 1518 1575 1600 collegium

348 1623 522 1702 bladorum,
553 1642 611 1687 nec
633 1623 733 1708 aliter,
757 1623 815 1688 nisi
837 1643 895 1704 per
915 1642 969 1688 sex
992 1623 1193 1700 aurisiliarios,
1226 1623 1288 1688 tria
1310 1623 1417 1704 capita
1446 1623 1575 1704 quadra-

347 1729 434 1810 ginta
470 1733 503 1792 et
532 1732 681 1807 quattuor
710 1729 819 1807 quinta
848 1728 941 1791 huius
973 1727 1093 1808 coirsilij
1125 1727 1306 1808 eoirgregati
1337 1746 1434 1809 supra
1456 1733 1576 1792 centnm

348 1832 474 1913 uiginti,
499 1832 557 1896 sub
581 1850 684 1913 poena
707 1832 891 1898 ducatorum
915 1831 979 1895 ldlll
1004 1833 1071 1896 auri
1095 1832 1224 1897 cuilibet
1253 1833 1393 1914 ponenti,
1425 1831 1477 1898 uel
1507 1849 1575 1896 cors

348 1937 496 2002 sentienti
519 1939 551 2000 in
574 1937 764 2002 contrarium
786 1936 940 2018 exigenda
962 1955 1016 2016 per
1041 1935 1249 2001 aduocatores
1273 1937 1341 2000 sine
1356 1937 1419 2000 alio
1434 1937 1576 2014 eonsilio;

348 2043 388 2107 de
412 2059 474 2122 qua
496 2040 564 2106 fieri
581 2059 644 2108 non
660 2039 761 2122 possit
776 2040 903 2121 aliquod
919 2041 1047 2119 denum,
1072 2041 1184 2122 gretia,
1209 2040 1363 2118 remissio,
1388 2048 1446 2105 aut
1461 2057 1576 2105 reeom-
1671 2083 1673 2100 .

348 2147 493 2228 pensatio
518 2145 576 2210 sub
600 2145 710 2210 eadem
734 2163 854 2226 poena:
879 2150 912 2209 et
934 2145 1085 2228 publicari
1117 2145 1233 2210 debeat
1263 2162 1417 2226 praesens
1449 2163 1522 2227 pars
1547 2145 1576 2208 in

347 2251 406 2316 hae
428 2249 506 2315 urbe
529 2255 640 2314 nostra
661 2249 692 2312 in
716 2248 793 2314 loeis
816 2249 915 2314 solitis
947 2250 987 2313 ad
1019 2250 1154 2315 omnium
1186 2249 1346 2328 notitiam;
1376 2249 1577 2330 mittaturque

347 2355 388 2420 sd
411 2373 517 2420 omnes
539 2358 680 2419 rectores
703 2359 827 2418 nostros
850 2373 869 2418 a
892 2360 984 2435 parte
1012 2354 1107 2418 maris
1130 2360 1163 2420 et
1193 2359 1327 2435 ponatur
1358 2354 1398 2418 de
1421 2354 1575 2420 ceteroin

348 2478 456 2526 eorum
479 2458 732 2524 commisionibus
755 2463 789 2524 et
811 2459 842 2521 in
863 2458 1040 2523 incantibus
1063 2458 1219 2523 datiarum
1250 2463 1429 2523 nostrorum
1451 2457 1576 2540 posthae

348 2564 615 2642 incantandorum,
640 2581 721 2644 quae
743 2563 896 2628 incantari
920 2563 1057 2628 debeant
1080 2581 1150 2628 euin
1173 2561 1231 2626 hec
1253 2562 1440 2627 conditione.

689 2743 812 2783 xxxam.
836 2743 970 2784 marsna
992 2743 1123 2786 suenrus
1146 2729 1246 2784 auxus*

350 2823 490 2878 continens
509 2823 626 2890 quinque
644 2821 764 2892 capitula
781 2837 831 2890 pro
850 2827 927 2890 parte
946 2821 1077 2876 nobilium
1095 2839 1155 2876 eum
1177 2822 1233 2876 sais
1255 2820 1487 2890 responsionibus,
1507 2819 1574 2874 aide·

349 2911 426 2965 lieet:
445 2909 478 2963 de
496 2909 583 2964 bladis
602 2909 739 2977 quaesitis,
760 2915 788 2962 et
805 2925 859 2963 non
878 2909 1006 2978 obtentis,
1026 2907 1058 2962 de
1072 2909 1189 2977 denarijs
1208 2925 1262 2961 xxx
1281 2914 1309 2961 et
1322 2907 1349 2960 xl
1363 2925 1413 2977 pro
1426 2907 1574 2962 centenario

349 2997 483 3052 concessis
501 3013 550 3066 pro
568 2997 741 3066 reparatione
760 3003 787 3049 et
806 2997 996 3052 fortificatione
1014 2997 1162 3064 moenium
1182 2994 1215 3048 de
1233 2995 1361 3050 arsilibus
1384 3011 1435 3064 pro
1459 2993 1576 3050 facienda

349 3083 520 3154 pnrpurelle3
539 3084 572 3138 de
591 3083 751 3138 Curaulanis
768 3083 848 3137 iactis
875 3083 979 3138 ciuibus
1006 3083 1116 3136 Venetis
1134 3083 1167 3136 de
1190 3084 1263 3137 intus
1286 3088 1407 3149 tantum
1424 3081 1458 3137 de
1476 3095 1576 3137 conces

811 3170 886 3225 sione
904 3170 1119 3224 bombardsrunr.

392 3283 531 3349 Joaanes
550 3283 713 3369 Maeoniae,
737 3283 800 3348 Dei
820 3287 927 3368 pretia
950 3286 1015 3349 dare
1046 3283 1240 3350 Venellorum
1262 3294 1314 3350 ete.

392 3397 558 3464 Nobilibus
582 3404 615 3463 et
638 3398 833 3478 sapientibus
856 3399 930 3462 viris
954 3399 1117 3464 Bernardo
1140 3399 1180 3464 de
1204 3397 1314 3464 Canali
1349 3399 1389 3464 de
1413 3418 1470 3464 suo
1493 3415 1575 3461 mnn-

351 3503 426 3569 dato
449 3503 554 3568 comiti
578 3501 733 3567 Carsulae
757 3508 790 3567 et
812 3503 1045 3569 successoribus
1067 3505 1133 3568 suis
1148 3501 1293 3569 fidelibus
1308 3502 1431 3568 dilectis
1447 3503 1577 3567 salutem

350 3615 383 3674 et
406 3607 580 3673 dilectionis
603 3605 760 3672 affectum.
1671 3687 1673 3702 Ι

395 3713 555 3778 Adeuntes
577 3711 786 3792 praesentiam
810 3713 909 3776 nostri
933 3713 1060 3794 dominij
1084 3713 1204 3779 nobiles
1235 3712 1344 3778 fideles
1372 3711 1475 3777 nostri
1504 3711 1577 3776 Gre-

351 3817 460 3900 gorius
484 3817 524 3880 de
547 3815 715 3880 Gabriellis
738 3821 772 3880 et
794 3815 943 3881 Nicolans
966 3817 1006 3882 de
1030 3816 1166 3883 Obradis
1190 3821 1332 3883 oratores
1353 3816 1446 3882 istius
1468 3814 1578 3881 fidelis·
1671 3811 1673 3894 g

350 3922 448 3986 simae
477 3926 511 3985 et
538 3919 717 3984 carissimae
749 3921 979 3986 communitatis
1009 3927 1145 3999 nostrae,
1176 3922 1327 4003 expositis
1356 3920 1449 3986 nobis
1478 3921 1579 3985 multis
1672 4007 1673 4010 Ἴ

351 4025 468 4107 optime
491 4023 587 4104 gestis
611 4030 644 4090 et
667 4024 869 4088 benemeritis
892 4025 983 4090 istius
999 4023 1201 4092 fidelissimae
1217 4026 1448 4093 communitatis
1464 4033 1497 4090 et
1512 4043 1578 4106 pre
1671 4047 1673 4090 ;

351 4131 452 4211 cipue,
476 4129 601 4209 quando
623 4128 747 4193 nouiter
770 4129 879 4194 classis
901 4129 1023 4194 hostilis
1039 4131 1122 4195 istuc
1138 4149 1173 4196 se
1189 4131 1340 4208 contulit3
1361 4149 1424 4210 quo
1441 4135 1578 4211 tempore
1672 4147 1673 4160 ¹

350 4233 547 4316 apertissima
569 4233 698 4298 edidere
720 4233 907 4298 documenta
929 4235 1130 4316 integritatis,
1154 4233 1227 4301 fidei
1251 4241 1284 4300 et
1306 4236 1487 4300 deuotionis
1518 4236 1576 4298 sin·
1671 4233 1673 4240 ²

350 4338 528 4404 senissimae
550 4337 581 4400 in
605 4356 661 4402 nos
684 4345 716 4402 et
739 4343 856 4401 statum
880 4345 1029 4418 nestrum,
1062 4357 1230 4421 porrexere
1260 4340 1351 4405 nobis
1380 4339 1578 4420 infrascripta

349 4444 494 4525 capitula,
508 4443 621 4523 quibus
639 4463 696 4524 per
713 4444 873 4508 consilium
890 4451 1029 4510 nostrum
1046 4447 1240 4528 Rogatorum
1253 4445 1475 4526 respondimus
1490 4461 1575 4524 quem
1672 4479 1673 4508 r

350 4549 391 4614 ad
414 4547 542 4613 modurn
565 4546 676 4611 subtus
699 4549 943 4629 unumquodque
973 4550 1114 4630 ipsorum
1146 4571 1204 4633 per
1234 4550 1376 4630 singulas
1402 4547 1575 4630 responsio

350 4671 406 4718 nes
430 4657 554 4718 nostras
577 4651 780 4717 intuebimini.
806 4653 944 4730 Quorum
968 4656 1094 4736 quidem
1117 4655 1324 4738 capitulorum
1346 4661 1440 4720 tenor
1462 4659 1510 4718 est
1531 4651 1572 4716 in·
1672 4681 1673 4752 ]

350 4755 544 4840 [rescriptas.
