3436 5362
364 651 492 732 „Virtus
514 651 663 717 nobilitat
686 651 827 718 adinum
851 653 968 718 uirtute
995 655 1155 718 remota“:

364 754 501 838 „Migrat
523 755 555 820 iu
579 755 708 820 exilium
732 755 908 822 nobilitatis
931 754 1051 822 honor“

364 859 551 943 „Nobilitas
574 859 710 926 hominis
730 859 844 936 uirtus,
869 859 998 926 deitatis
1022 862 1170 943 ymago“‚

366 963 540 1044 „Nobilitas
563 963 698 1029 hominis
721 963 876 1028 uirtutum
899 963 985 1028 clera
1007 965 1180 1048 propago“.

365 1057 658 1150 „Nobilitas'animi
681 1067 751 1134 sola
773 1071 825 1132 est
847 1073 944 1149 atque
966 1067 1059 1132 unica
1080 1068 1215 1134 uirtus“.

365 1169 509 1252 „Credis
534 1189 611 1252 opes
631 1170 717 1237 solas
740 1175 773 1238 te
796 1189 891 1253 posse
914 1171 1020 1238 carine
1042 1170 1180 1238 beare?“

364 1274 491 1356 „Virtus
514 1279 563 1342 est
585 1274 661 1355 sole„
687 1291 749 1356 quq
772 1273 822 1341 te¹
845 1275 942 1340 beare
964 1279 1103 1356 potest“.

364 1377 484 1460 „Quem
499 1379 603 1446 uirtus
622 1379 754 1461 extollit,
778 1378 884 1464 habet,
909 1379 994 1462 quod
1015 1377 1159 1460 preferat
1182 1382 1291 1446 auro‘.

248 1515 378 1583 Debent
399 1535 472 1584 esse
496 1515 652 1600 Spoletini
675 1517 901 1600 perspicaciter
923 1517 1097 1602 sepientes,
1131 1517 1247 1600 Solone
1278 1536 1385 1586 meum
1413 1523 1447 1584 ot

198 1621 380 1702 perieulum
401 1621 556 1687 intuendo
586 1629 620 1688 et
649 1621 782 1688 uliarmn
810 1621 975 1688 ciuitatum
1004 1623 1255 1705 propinquarum
1287 1627 1321 1690 et
1351 1624 1446 1689 etiem

199 1729 407 1792 remotarum.

363 1847 482 1932 „Felirq
507 1864 602 1928 quem
624 1845 746 1913 faciunt
768 1847 873 1913 aliena
895 1847 1036 1930 pericula
1059 1851 1224 1929 cautum“;

363 1949 462 2030 „Nam
478 1956 534 2016 tua
552 1970 604 2017 res
619 1951 734 2036 agitur,
758 1953 864 2034 peries
887 1970 958 2016 curn
980 1954 1142 2034 proximus
1165 1953 1290 2033 ardet“,

363 2055 511 2138 „Ignibus
534 2053 634 2120 efflari
658 2055 801 2136 prordma
823 2073 949 2138 queque
977 2057 1112 2134 solent“‚

363 2158 495 2237 „Omnia
516 2177 587 2224 curn
610 2159 746 2241 quodam
769 2160 902 2224 ueniunt
923 2161 1091 2227 incomoda
1112 2160 1227 2244 fructu,

362 2262 451 2343 „Non
472 2268 615 2344 possunt,
640 2261 716 2328 licet
737 2262 807 2345 ipse
830 2264 921 2344 uelis
946 2282 1072 2330 cessare
1096 2264 1251 2346 sagitte“;

362 2366 518 2446 „Feruide
542 2367 644 2432 uicino
667 2365 793 2432 flamma
814 2385 930 2434 nocere
954 2368 1075 2446 solet“;

361 2469 493 2549 „Dulcia
514 2489 577 2536 non
600 2471 750 2548 meminit,
774 2471 835 2537 nisi
859 2473 912 2552 qui
934 2473 1077 2555 gustauit
1098 2474 1245 2551 amara“;

362 2573 442 2653 „Qui
464 2575 545 2656 petit
567 2574 703 2654 excelsa,
728 2575 825 2642 debet
846 2576 949 2642 uitare
976 2577 1132 2642 ruinam“.

243 2693 391 2778 Diliguut
412 2696 520 2778 itaque
543 2697 700 2762 iusticiam
724 2696 899 2782 Spoletini,
928 2702 965 2762 ut
987 2715 1057 2762 carn
1080 2697 1191 2762 ordine
1217 2695 1342 2776 iusticie
1372 2713 1442 2777 per·

200 2804 299 2882 petuo
329 2801 458 2866 ualeant
487 2799 715 2867 honorabiliter
742 2801 930 2888 gubernari:
958 2820 1028 2867 cum
1051 2801 1177 2867 iusticie
1200 2799 1243 2866 sit
1264 2798 1348 2881 tarne
1370 2817 1443 2883 per·

199 2909 296 2986 petuq
321 2902 454 2970 stabile²
475 2903 727 2970 fundamentum.

171 3028 175 3034 '
361 3024 414 3106 „si
436 3025 475 3091 lis
498 3025 644 3094 inciderit
665 3032 699 3092 te
721 3025 835 3105 iudice,
861 3026 964 3108 dirige
987 3026 1118 3092 librem“

363 3129 528 3210 „iusticie
552 3147 611 3196 neo
626 3128 735 3196 flectat
749 3147 847 3208 amor,
872 3149 931 3196 neo
949 3148 1079 3197 munere
1101 3129 1270 3212 palpent“;

359 3231 494 3314 „Munus
516 3235 599 3300 enim
622 3254 642 3299 a
665 3251 776 3300 norme
799 3235 878 3299 recti
901 3233 1082 3314 distorquet
1105 3222 1257 3299 acumcn“

360 3337 502 3418 „Judiois
526 3343 560 3404 et
581 3343 666 3404 tetra
687 3338 823 3404 inuoluit
845 3337 980 3422 caligine
1006 3341 1183 3416 mentern“;

359 3439 525 3521 „Curritur
546 3443 579 3507 iu
600 3441 740 3519 facinus;
764 3459 824 3507 nec
838 3441 927 3525 leges
949 3442 1037 3507 cuna
1059 3443 1181 3506 curat“.

241 3561 380 3644 Propter
410 3581 473 3646 quq
504 3561 661 3646 Spoletini
692 3569 815 3631 statuta
846 3581 956 3630 eorum
979 3562 1119 3628 ordinari
1150 3567 1184 3629 et
1213 3561 1356 3644 componi
1385 3579 1441 3626 uo-

198 3666 328 3732 luerunt
360 3667 532 3734 seeundum
566 3667 699 3733 formam
735 3666 868 3733 inferius
903 3666 1113 3748 declaratam,
1148 3665 1188 3732 ab
1224 3665 1442 3748 omnipotente

199 3769 268 3838 Deo
298 3789 336 3836 ac
365 3771 601 3837 venerabilibus
633 3771 777 3853 ecolesijs
806 3771 930 3836 initium
965 3769 1168 3835 assumendo.
1204 3767 1363 3852 Scriptum
1392 3773 1443 3834 est

199 3875 300 3941 enirn:
345 3873 503 3955 „Primum
541 3876 666 3956 querite
699 3893 832 3956 regnum
866 3875 926 3941 Dei
959 3879 993 3939 et
1023 3873 1181 3939 iusticiam
1216 3873 1285 3938 eius
1314 3877 1349 3939 et
1380 3871 1442 3952 hec

199 3978 305 4046 omnia
327 3978 504 4046 adicientur
525 3979 649 4046 uobis“.

358 4099 411 4180 „si
433 4102 548 4167 timeas
571 4101 740 4180 dominum,
761 4105 793 4166 te
815 4105 929 4166 cuncta
952 4104 1062 4164 creata
1084 4097 1276 4176 timebuut“,

358 4203 576 4286 „Obsequium
598 4205 689 4288 regni
711 4204 798 4286 regis
821 4205 942 4270 amicus
964 4203 1101 4282 hebet“;

357 4307 447 4387 „Non
462 4325 613 4375 renerens
629 4308 801 4386 domiuum,
818 4306 1018 4374 reuereberis
1033 4323 1126 4370 omne
1141 4307 1301 4370 oreatum“
1316 4321 1325 4382 ;

356 4411 454 4492 „Regi
477 4417 657 4497 suspectus,
681 4411 810 4476 lroude'
833 4411 969 4476 cadente
992 4411 1148 4486 tremet“;

244 4620 255 4658 ¹
277 4623 365 4684 Cod.
388 4624 494 4684 acad.
518 4623 561 4683 B:
586 4623 709 4700 „Virtus
730 4627 791 4700 eet,
818 4625 939 4698 quaete
955 4620 1120 4682 eolaetad‘.
1190 4612 1310 4679 ”cod
1331 4614 1438 4676 acad.

198 4709 240 4771 A:
266 4709 431 4793 „stabiliet
503 4707 645 4771 'ibide
671 4703 816 4786 „fronte“.
