3376 5392
1262 481 1324 544 219

81 683 170 750 tibus
196 689 261 750 tarn
284 703 343 768 per
365 685 486 752 nobiles
509 689 542 752 et
565 685 651 751 ciues
674 683 821 762 ciuitatis,
846 701 940 766 quam
963 701 1020 768 per
1043 699 1151 752 omnes
1173 682 1251 749 alios
1267 701 1326 765 par

81 789 225 854 insulam
241 789 431 872 habitantes,
452 789 537 870 quod
559 788 663 854 multa
686 793 719 853 et
741 787 980 854 innumerabilia
1011 787 1127 852 damna
1147 786 1326 854 inferuntur

84 899 118 957 et
140 911 305 974 nunquam
336 891 589 960 ‹lamnificatores
620 893 831 968 inueniuntur,
862 912 920 958 nec
951 893 1084 958 inueniri
1116 897 1257 974 possunt,
1292 893 1324 958 in

83 1015 186 1078 maus
202 999 396 1063 damnumst
412 997 635 1079 praeiuditium
651 999 793 1080 ipsorum
809 997 930 1063 fructus
945 997 1138 1077 habentium,
1156 1003 1219 1062 tam
1236 994 1323 1078 ficus,

83 1119 175 1181 uuas,
200 1121 322 1184 pomos,
347 1103 479 1181 susinas,
504 1102 637 1168 nilones
661 1109 692 1168 et
715 1121 823 1168 ornnes
847 1102 926 1168 alios
948 1101 1070 1167 tructus
1101 1103 1324 1184 cuiuscumque

82 1207 180 1272 sortis
206 1213 240 1273 et
261 1208 396 1291 generis
419 1213 565 1289 petentes
596 1212 808 1290 opportunum
841 1207 1015 1273 remedium
1048 1207 1263 1288 supplicantes
1292 1211 1325 1272 et

83 1311 123 1376 (le
147 1313 255 1394 gratia
277 1312 483 1394 requirentes,
516 1317 551 1377 ut
586 1331 644 1376 sua
677 1311 910 1395 magnificentia
937 1311 1106 1393 prouidere
1136 1311 1267 1378 deberet
1292 1315 1325 1376 et

84 1435 141 1496 per
164 1420 359 1482 sententiam
382 1416 563 1494 terminare,
594 1423 631 1481 ut
654 1417 728 1481 dicti
751 1416 1006 1498 praesumptuosi
1030 1421 1063 1480 et
1084 1414 1179 1492 tures,
1204 1413 1256 1480 uel
1279 1415 1323 1479 la-

83 1527 205 1596 trones,
232 1521 286 1602 qui
309 1539 371 1586 non
394 1527 530 1604 possunt
552 1521 695 1599 inueniri,
729 1520 813 1602 quod
837 1521 932 1586 uicini
955 1539 1012 1602 pro
1028 1520 1073 1587 eis
1093 1519 1217 1587 soluere
1233 1525 1321 1586 tene·

85 1631 181 1690 antur
205 1626 290 1692 dicta
314 1625 436 1690 damna.

127 1730 190 1807 Qui
214 1729 398 1813 magnificus
423 1730 568 1794 dominus
591 1747 695 1795 comes
720 1747 790 1794 curn
813 1727 983 1811 praedictis
1006 1728 1161 1794 iudicibus
1177 1729 1242 1795 suis
1257 1733 1320 1794 ter·

83 1837 218 1900 minauit
241 1842 274 1902 et
295 1835 492 1901 terminando
515 1837 730 1914 sententiauit,
755 1835 838 1915 quod
862 1833 975 1899 amodo
998 1833 1030 1898 in
1054 1839 1156 1912 antea,
1180 1833 1323 1916 quaudo·

86 1957 221 2022 cumque
245 1939 394 2005 damnum
418 1939 535 2004 iactum
560 1938 709 2004 fueritin
739 1939 843 2005 hortis
874 1940 905 2003 in
930 1940 1031 2022 burgo
1061 1945 1135 2004 aute
1164 1939 1324 2003 ciuitatem

85 2045 117 2109 in
138 2044 325 2112 Lombarda
347 2044 525 2126 incipiendo
546 2050 577 2109 et
601 2050 713 2126 postea
734 2063 791 2126 per
814 2049 913 2110 totam
929 2045 1062 2110 insulam
1078 2043 1110 2108 in
1126 2060 1323 2124 quacumque

86 2169 120 2216 re
144 2157 179 2216 et
201 2147 428 2230 damnificator,
452 2149 504 2215 uel
527 2147 779 2215 damnificatcres
808 2149 943 2214 inueniri
974 2167 1036 2214 non
1058 2149 1205 2232 poterint,
1237 2147 1323 2230 quod

83 2256 188 2338 uicini,
215 2254 266 2319 uel
287 2254 409 2320 uicinus
426 2253 549 2320 soluere
566 2260 596 2318 et
614 2252 797 2320 satisfacere
813 2254 918 2320 stab'm
936 2259 969 2318 et
984 2253 1133 2319 damnum
1149 2253 1320 2318 emendare

85 2365 118 2428 et
140 2360 268 2426 soluere
289 2365 446 2436 teneatur,
471 2359 523 2423 uel
547 2363 714 2424 teneantur
737 2356 858 2423 fructus
887 2357 1066 2440 praedictos
1099 2357 1324 2437 cuiuscumque

85 2465 221 2547 generis,
245 2463 298 2530 uel
321 2463 426 2543 sortis,
451 2469 584 2545 patrono
608 2462 659 2528 uel
682 2461 732 2528 cui
755 2462 904 2528 damnum
926 2461 1049 2528 illatum
1072 2467 1105 2529 et
1119 2459 1237 2528 lactum
1253 2458 1321 2526 iue-

84 2569 134 2644 rit,
159 2573 192 2633 et
216 2567 284 2634 siue
308 2567 412 2648 aliquo
436 2567 570 2632 termino
593 2571 626 2630 et
649 2565 807 2632 dilatione.

127 2671 262 2739 Testes:
286 2691 345 2738 ser.
369 2671 527 2738 Antonius
550 2671 590 2737 de
613 2670 760 2750 Obradis,
784 2689 846 2736 ser.
870 2671 1011 2738 Joanues
1026 2669 1151 2752 Bonini,
1177 2688 1237 2736 ser.
1261 2668 1324 2736 Re·

85 2779 193 2842 nerius
215 2777 323 2857 Blasij,
348 2795 409 2842 ser.
433 2776 578 2841 Andreas
600 2775 756 2842 Volatich.

125 2881 284 2947 Antonius
306 2898 335 2961 q.
362 2879 479 2946 domini
500 2879 623 2946 Paridis
646 2879 851 2945 cancellarius
873 2879 1022 2946 mandato
1045 2877 1166 2960 scripsi.

335 3113 419 3153 LXVI.
443 3113 564 3157 ommam
587 3113 755 3158 canuam
779 3110 952 3154 amamus
974 3110 1070 3153 biems

86 3193 119 3248 acl
137 3193 260 3249 oaorem
281 3193 489 3260 communitatis,
508 3210 562 3261 qua
580 3193 718 3260 statuitur,
737 3192 808 3260 quod
826 3197 935 3246 terrena
952 3189 1159 3254 communitatis,
1178 3203 1228 3258 per
1245 3203 1324 3256 quos-

85 3295 197 3349 cumque
216 3285 356 3349 occupata,
375 3285 550 3334 reuertentur
563 3281 590 3334 iu
611 3280 829 3336 communitatem
849 3285 877 3332 et
894 3277 1080 3332 concessiones
1098 3277 1192 3332 talium
1204 3281 1324 3332 terreno·

355 3383 414 3420 rum
432 3367 522 3422 laetae
541 3383 590 3437 per
608 3375 728 3422 rectores
746 3368 801 3422 sint
820 3365 923 3422 nullius
941 3365 1050 3419 ualoris.

126 3489 168 3555 Io
194 3489 313 3556 Christi
333 3491 464 3554 nomine.
488 3491 597 3555 Arnen.

126 3611 218 3679 Auno
241 3613 417 3678 natiuitatis
434 3612 573 3678 eiusdem
591 3611 787 3693 Mccccxcvij.
812 3611 983 3677 indictione
1002 3629 1050 3676 xv.
1075 3610 1126 3676 die
1142 3627 1218 3676 uero
1236 3609 1321 3675 Mar-

86 3719 126 3783 tis
146 3717 222 3799 xvij.
245 3715 390 3801 Augusti,
416 3713 582 3782 Curzulae.

37 3847 41 3860 ·
126 3820 312 3905 Magnificus
335 3829 369 3886 et
392 3820 584 3888 clarissimus
608 3820 753 3888 dontinus
775 3817 930 3887 Melchior
958 3819 1141 3888 Triuisauus
1168 3837 1224 3902 pro
1250 3817 1320 3884 illu·

88 3926 239 3994 strissimo
263 3926 368 3992 ducali
391 3925 528 3992 dourinio
545 3925 752 3991 venetiarum
770 3926 956 4006 capitaneus
973 3924 1130 4008 generalis
1145 3923 1240 3990 maris
1255 3922 1320 4004 dig·

87 4031 243 4112 nissimae,
266 4031 382 4098 auditis
403 4031 435 4096 in
459 4029 702 4096 contradictorio
726 4029 941 4111 compluribus
968 4027 1124 4094 nobilibus
1147 4035 1180 4096 et
1201 4027 1323 4094 ciuibus

88 4134 242 4202 Gurzulae
264 4137 389 4202 nomine
420 4135 653 4202 communitab's
684 4135 891 4217 querentibus
913 4141 947 4199 et
975 4133 1155 4200 dolentibus
1184 4132 1224 4199 de
1248 4151 1323 4214 qua·

88 4240 156 4306 dam
187 4241 390 4308 concessione
419 4240 505 4306 lacta
536 4240 615 4306 alias
644 4259 703 4323 per
733 4239 893 4305 dominum
925 4237 1125 4304 Dominicum
1147 4235 1323 4320 Tbeupulo,

88 4345 160 4411 olim
183 4346 330 4414 comitem
353 4344 518 4424 Curzulae,
543 4363 603 4412 ser.
627 4343 774 4411 Andreae
809 4342 955 4410 Volatich
979 4341 1018 4409 de
1041 4342 1177 4424 quodam
1199 4347 1324 4408 terreno

89 4451 328 4536 communitatis,
352 4451 454 4533 posito
477 4451 509 4515 in
531 4449 666 4517 confinio
690 4450 804 4516 casalis
830 4449 943 4514 Blatae
959 4465 1029 4513 curn
1044 4449 1148 4529 ipsum
1163 4452 1323 4512 terrenum

89 4551 181 4620 fuerit
203 4560 237 4621 et
260 4557 302 4620 sit
316 4556 414 4638 ipsius
431 4555 678 4634 communitatis,
703 4555 874 4637 allegantes
896 4552 1131 4621 obseruantiam
1146 4551 1325 4634 priuilegio·

90 4677 154 4725 mm
177 4681 306 4728 suorum
329 4669 361 4728 et
383 4662 571 4744 pracsertim
603 4661 780 4727 litterarum
812 4659 1008 4725 dominorum
1039 4659 1175 4742 capitum
1207 4655 1322 4724 excelsi

92 4766 204 4848 consilip¹
230 4765 348 4832 Decem
372 4767 434 4832 diei
457 4767 558 4832 ultimi
583 4765 701 4848 Aprilis
724 4765 896 4847 Mcccelnij.
919 4783 958 4834 ex
980 4783 1058 4830 uua:
1083 4763 1242 4832 eteoclem
1258 4781 1319 4832 ser.
