3434 5368
302 393 381 462 vm

302 607 388 685 4441,
409 600 507 684 idque
529 600 660 668 Statnto
685 599 787 668 veteri
816 602 864 667 nti
891 602 1076 668 volumen
1106 600 1451 668 reformationem
1479 619 1540 668 sen

201 741 209 754 ·
301 706 451 772 volumen
473 723 589 772 novum
612 706 863 788 opponebatur*

345 809 526 892 Stephanus
547 810 684 906 lfagnns
705 812 829 876 comitis
850 829 982 878 munere
1002 809 1194 894 fungebatur
1214 810 1306 874 annis
1318 817 1374 874 ant
1393 813 1483 874 1453.
1498 817 1533 875 41

305 921 398 994 1454,
421 921 478 982 aut
510 921 602 982 1454.
633 921 668 981 41
698 921 798 995 1455;
828 934 911 982 anno
941 915 1024 982 enim
1056 912 1547 980 1454111444444404444144

304 1025 567 1088 commemoratur
588 1019 642 1102 (cf.
664 1037 737 1102 pag.
762 1025 835 1086 183.
850 1039 881 1086 4
904 1019 1005 1086 XXV.
1036 1038 1106 1086 cum
1135 1037 1207 1102 pag.
1233 1022 1303 1086 143.
1332 1037 1364 1084 4
1387 1019 1459 1102 111.)
1480 1019 1543 1085 hoc

303 1125 411 1208 itaque
441 1131 586 1208 tempore
614 1124 857 1192 reformationes
885 1126 1012 1192 neuter
1040 1143 1112 1191 esse
1141 1125 1290 1190 collectas
1320 1131 1354 1190 41
1379 1124 1535 1204 redactas

303 1231 383 1296 44114
405 1235 516 1312 aperte
538 1235 673 1298 4444141.

345 1335 382 1400 14
404 1334 553 1402 editionis
574 1341 767 1402 statutorum
789 1341 823 1401 41
844 1333 1104 1402 reformationem
1127 1333 1269 1400 secunda
1289 1339 1391 1417 parte,
1414 1333 1455 1401 de
1476 1351 1560 1416 quar

302 1457 375 1506 mox
396 1457 467 1504 snm
489 1439 662 1512 locuturus,
685 1445 814 1522 praeter
835 1437 1077 1505 reformationem
1105 1437 1259 1503 nonnulla
1288 1438 1445 1520 quaedam
1476 1438 1540 1503 4114

302 1543 464 1610 literarum
479 1549 683 1610 monumenta
703 1545 914 1622 inveniuntur,
938 1561 1020 1624 quae
1035 1563 1056 1607 a
1070 1542 1329 1610 reformatiounm
1353 1542 1539 1610 collectione

302 1665 366 1713 non
393 1647 633 1732 discernuntur,
662 1649 765 1730 ipsam
793 1654 900 1713 441444
929 1647 1149 1714 collectionem
1177 1665 1242 1712 nno
1275 1667 1315 1714 ex
1344 1648 1435 1712 annis
1463 1653 1539 1713 4414

306 1753 411 1820 allatis
432 1753 606 1837 perfectam
629 1772 712 1830 esse,
736 1753 951 1835 inscriptionis
974 1754 1043 1819 4144
1067 1761 1159 1820 14444
1172 1753 1243 1836 ipse
1257 1752 1426 1818 consimile
1447 1751 1539 1817 iacit:

307 1857 416 1940 ,Haec
438 1867 512 1924 sunt
536 1857 791 1924 Reformationes
820 1857 1001 1924 Communis
1032 1856 1189 1924 Curznlae
1218 1857 1454 1924 authenticatae
1482 1875 1541 1938 per

302 1963 471 2048 priuilegia
491 1963 632 2040 Ducalia
656 1983 695 2030 ex
717 1963 798 2030 libro
815 1963 945 2046 papireo
966 1965 998 2029 in
1021 1964 1212 2030 membranis
1229 1961 1381 2028 redactae
1395 1961 1437 2028 14
1451 1980 1539 2027 man·
1639 1971 1642 1976 '

304 2069 380 2134 dato
403 2067 562 2152 Magnifici
585 2076 619 2134 et
640 2067 795 2134 Generosi
825 2068 864 2134 D.
897 2067 1050 2150 Stephani
1078 2067 1203 2150 Magni,
1231 2086 1290 2150 pro
1319 2066 1537 2132 illustrissimo

303 2173 383 2238 Duc.
405 2172 497 2238 Dom.
521 2171 724 2239 Venetiamm
747 2180 808 2238 414
832 2171 937 2240 114144
959 2170 1109 2238 Ciuitatis
1131 2179 1165 2238 41
1187 2171 1314 2238 Insulae
1336 2170 1468 2236 Comitis
1489 2169 1538 2236 11-

303 2275 479 2359 guissimi'.

194 2395 201 2417 ³
346 2379 479 2447 Praeter
501 2383 694 2446 statutorum
715 2378 830 2446 librum
846 2387 943 2463 41444
957 2380 1216 2448 reformationem
1233 2379 1419 2448 collectione
1439 2397 1542 2446 44444

305 2489 357 2550 441
377 2482 481 2549 144144
502 2483 594 2562 liber,
616 2483 648 2548 in
672 2501 753 2567 quo,
776 2485 865 2552 brevi
887 2489 1056 2568 postquam
1079 2485 1190 2551 4141144
1212 2491 1247 2550 41
1267 2484 1373 2550 144414
1394 2483 1453 2550 sub
1475 2482 1539 2550 Ve

303 2592 449 2654 44144444
480 2587 636 2655 dicionem
665 2588 796 2656 redacta
823 2596 874 2656 ast
900 2591 1090 2673 praecipuae
1118 2595 1152 2656 41
1180 2588 1359 2671 gravissimi
1388 2587 1541 2655 momenti

306 2691 434 2758 litterae
456 2691 597 2770 1444144,
621 2693 769 2759 comitum
792 2693 970 2760 decisiones
992 2694 1190 2776 aliorumque
1211 2694 1454 2775 magistratuum
1470 2709 1543 2776 pro·

309 2796 454 2876 visiones,
478 2813 561 2879 quae
585 2796 624 2862 ed
649 2798 785 2864 civitatis
807 2803 841 2865 et
863 2798 985 2864 insulse
1005 2805 1122 2865 statum
1141 2798 1273 2880 eiusque
1287 2796 1453 2881 privilegia
1466 2815 1541 2880 per·

307 2900 461 2982 tinebant,
485 2899 715 2968 referebantur.

349 3003 411 3070 Hic
438 3005 547 3072 liber
579 3005 800 3088 praesenti
833 3005 1039 3072 volumini
1072 3006 1146 3073 sub
1180 3025 1227 3072 44.
1261 3005 1315 3070 IV.
1349 3005 1543 3072 insertus

307 3107 411 3175 XCIV
431 3109 594 3176 literarum
622 3117 825 3178 monumenta
847 3112 888 3176 ab
919 3131 947 3178 a.
983 3113 1074 3178 1420.
1104 3129 1205 3193 usque
1234 3109 1276 3176 ad
1296 3115 1542 3179 41551444-

309 3213 408 3294 11441,
431 3215 571 3284 44441144
593 3233 726 3297 quorum
749 3217 818 3284 4144
842 3215 937 3283 141414
959 3215 1086 3298 fecerat,
1114 3221 1150 3281 41
1171 3216 1254 3298 apud
1279 3215 1442 3282 consilium
1465 3213 1540 3279 civi·

307 3319 386 3384 tatis
407 3325 441 3386 et
462 3319 586 3386 insulae
608 3321 829 3386 auctoritatem
853 3320 1099 3404 adipisceretur,
1130 3338 1212 3402 quae
1243 3339 1301 3402 par
1331 3325 1401 3386 erat
1428 3319 1541 3386 statuti

309 3422 429 3490 veteris
451 3441 488 3490 ac
509 3425 581 3492 4441
605 3425 772 3491 voluminis
794 3423 1053 3492 reformationem
1076 3425 1266 3492 auctoritati.

352 3524 507 3592 11612.
538 3527 599 3594 1414
628 3529 709 3596 liber
738 3529 784 3594 uti
814 3529 957 3598 collectio
988 3529 1115 3612 publica
1140 3527 1203 3596 114
1226 3529 1322 3612 digne
1345 3527 1544 3611 ajndicibus

308 3629 444 3696 41411414
476 3629 631 3700 Corsulae
660 3633 767 3700 comiti
793 3632 853 3700 1411
882 3639 1123 3716 praesentatus,
1151 3633 1233 3700 41441
1261 3651 1304 3698 ex
1325 3632 1487 3716 sequenti,
1510 3631 1544 3696 14

306 3732 369 3801 144
391 3735 460 3818 ejus
483 3737 627 3819 apposita
648 3739 854 3805 annotatione
876 3743 1027 3820 apparet:

678 3882 853 3938 „nouom
876 3883 930 3926 nm
952 3883 1045 3925 mn.
1067 3883 1166 3926 444444.

350 3961 506 4028 Praesens
529 3961 610 4028 liber
632 3969 854 4047 praesentatus
877 3964 983 4031 141114
999 3963 1104 4031 411414
1124 3965 1348 4032 aduocatorum
1364 3963 1546 4031 Communis

304 4082 362 4146 per
385 4065 546 4132 dominum
568 4069 739 4151 Georgium
763 4069 941 4152 Copranics
970 4070 1080 4153 nigore
1110 4070 1270 4152 praecepti
1299 4069 1359 4138 sibi
1392 4069 1466 4135 14411
1500 4069 1542 4134 41

305 4169 487 4237 instantiam
510 4171 686 4255 legatorum
709 4174 882 4241 nobilitatis
906 4173 1072 4254 Corsulae,
1096 4175 1146 4240 cui
1169 4173 1297 4241 141444
1320 4179 1452 4256 spectat.

674 4319 696 4362 a
718 4320 753 4361 nr
775 4291 869 4363 44444.
892 4319 1007 4363 acarna
1028 4321 1174 4364 uooxxn.

350 4397 539 4466 Prcseutatc
562 4399 614 4466 sll’
627 4401 841 4468 illustrissimo
857 4400 966 4484 signor
981 4400 1183 4484 sigismundo
1195 4399 1375 4484 Maletesta,
1399 4405 1492 4466 conte
1510 4399 1544 4466 di

307 4499 444 4566 Curcula
459 4502 535 4568 delli
551 4503 711 4586 spettabili
735 4504 852 4589 signori
875 4504 1033 4572 Vinceuzo
1055 4506 1203 4572 Rosaneo
1219 4511 1252 4570 et
1266 4503 1378 4570 Nioclo
1394 4505 1544 4582 Ι44444111,

339 4639 353 4672 *
371 4637 402 4692 14
421 4637 555 4695 decisione
573 4641 679 4697 comitis
697 4641 774 4723 dea.
795 4647 868 4698 1492.
888 4643 962 4711 (pag.
981 4645 1042 4698 208.
1056 4661 1081 4697 n.
1096 4642 1224 4712 414441
1238 4659 1297 4767 mf'
1311 4643 1407 4697 Clllll.
1426 4643 1545 4698 Reform.

303 4713 443 4776 spectante
461 4709 586 4766 collectio
604 4712 825 4768 reformationum
843 4713 924 4782 plano
942 4712 1006 4768 noui
1025 4713 1166 4770 voluminis
1185 4713 1369 4786 appelatione
1388 4718 1507 4768 notatur.
