3388 5356
1260 467 1323 526 253

12 743 14 766 Ε
104 669 195 736 medio
217 674 356 736 eorretta
377 674 411 734 et
432 668 606 748 (13333333,
630 673 703 736 sera
724 669 940 734 indubitanter
963 669 1131 735 esaltatiou
1154 668 1323 750 dequesta

12 855 13 858 Ἴ
109 791 215 854 pouero
239 791 383 840 commun
406 779 440 838 et
462 774 694 840 substentatiou
717 774 756 838 de
779 773 855 837 tutti
878 773 973 854 quelli
997 773 1112 838 uiueno
1136 773 1187 838 (131
1211 774 1328 838 sudoro

106 884 134 942 et
152 876 247 942 fatioa
269 897 337 956 sua,
361 895 449 944 come
474 881 494 942 3
516 879 657 944 oadauno
680 877 779 943 armai
800 883 833 942 et
854 883 937 942 tutto
960 879 978 941 3
1002 877 1185 956 notissimo;
1208 878 1327 961 impero

12 1041 14 1056 3
106 981 231 1046 nolendo
255 981 320 1046 alla
340 983 408 1048 loro
431 980 632 1048 duestissima
654 981 813 1048 reehiesta
836 987 980 1062 prestare
1002 981 1032 1047 31
1056 981 1163 1046 debito
1194 1000 1325 1047 assensa

12 1073 14 1162 J
107 1093 136 1151 et
148 1085 301 1168 proueder
316 1086 455 1168 sagoudo
475 1087 589 1168 meglio
608 1085 640 1152 13
656 1087 762 1152 diuina
778 1087 875 1150 bonta
890 1105 930 1151 ne
945 1083 987 1150 ha
1000 1086 1170 1166 inspirata
1195 1086 1325 1164 dinemo,

106 1190 276 1255 dichiarimo
300 1197 334 1255 et
356 1192 423 1256 ausi
445 1191 672 1256 inuiolabiliter
692 1209 780 1256 asser
805 1191 982 1256 obseruado
1008 1191 1190 1255 terminemo
1215 1201 1248 1255 et
1263 1199 1325 1258 sta-

12 1327 13 1334 *
107 1295 204 1373 trimo,
228 1295 288 1360 333
309 1295 385 1360 3133
408 1295 556 1360 abitador
577 1295 662 1360 uella
694 1295 779 1370 sitta,
813 1311 890 1360 ouer
919 1295 1020 1374 burgo
1050 1295 1089 1358 (13
1122 1293 1258 1360 Curaula
1288 1297 1328 1362 (13

12 1441 14 1486 j
106 1401 150 1461 md
171 1398 268 1464 inanti
290 1399 385 1464 abbia
406 1399 582 1464 ardimeuto
605 1399 646 1464 (13
667 1393 783 1480 tagiiar
798 1399 872 1463 tede
887 1415 981 1478 sopra
996 1407 1108 1478 questa
1123 1400 1235 1480 133313,
1251 1419 1329 1467 ouer

12 1497 14 1564 ἰ
111 1500 183 1568 farlo
205 1503 322 1586 tagliar
344 1504 375 1566 in
397 1503 528 1586 piacola,
554 1522 632 1568 ouer
653 1521 731 1584 gran
755 1502 905 1582 quantita,
930 1519 989 1567 333
1011 1502 1106 1567 etiam
1121 1522 1179 1584 per
1194 1523 1254 1570 usu
1271 1523 1328 1572 suo

12 1591 14 1664 1
106 1625 195 1672 33333
217 1607 349 1673 lieentia
370 1615 479 1674 nostra
500 1609 533 1672 in
557 1609 721 1689 scriptura,
753 1613 837 1672 sotto
867 1625 950 1687 3333
973 1610 992 1670 a
1016 1606 1066 1670 chi
1089 1609 1267 1674 (33331333
1290 1612 1330 1676 (13

12 1707 14 1796 ᾗ
106 1714 220 1794 perpeti
242 1731 311 1778 xxv.
336 1713 377 1778 da
399 1730 487 1778 esser
508 1712 601 1778 diuisi
625 1716 674 1777 tud
699 1713 729 1776 31
752 1730 895 1776 commun
919 1717 952 1776 et
981 1713 1155 1777 acausador
1185 1733 1242 1794 per
1264 1735 1329 1781 me·

12 1803 14 1880 ¹7
106 1817 225 1883 dietate.
249 1816 305 1882 Ma
326 1817 348 1882 li
371 1817 504 1882 abitauti
528 1835 588 1899 per
609 1816 641 1880 13
661 1815 764 1880 133313
786 1833 923 1897 possano
946 1816 1029 1880 taiar
1045 1823 1078 1881 et
1094 1815 1143 1880 iar
1158 1818 1240 1883 taiar
1256 1821 1328 1885 tede

12 1941 14 1996 3
105 1939 190 1986 sema
211 1922 340 1988 licentia
362 1928 472 1988 nostra
494 1919 538 1986 iin
560 1939 647 1988 some
669 1921 710 1986 do
732 1939 790 2004 per
812 1921 879 1986 loro
903 1939 960 1986 uso
978 1922 1017 1985 de
1034 1920 1120 1986 Luse
1142 1930 1175 1988 et
1197 1942 1329 2006 pesaar;

104 2030 150 2090 33
170 2027 210 2092 (13
231 2027 253 2090 11
276 2028 384 2092 133333
408 2045 471 2093 333
494 2045 590 2093 33333
612 2027 739 2092 lieentia
754 2033 863 2092 nostra
877 2026 909 2090 iu
925 2027 1073 2106 criptura,
1097 2034 1181 2093 sotto
1198 2028 1328 2110 133333

12 2143 14 2232 ὲ
106 2131 304 2212 soprascritta
326 2137 347 2196 a
369 2131 521 2211 cedreno,
545 2131 602 2197 ohe
626 2139 736 2197 contra
758 2130 827 2195 fara
848 2132 890 2196 (13
912 2150 1000 2198 esser
1024 2132 1125 2197 diuisa
1140 2151 1197 2214 per
1211 2135 1330 2200 medie·

12 2293 13 2308 3
108 2241 168 2300 tate
190 2244 226 2301 ut
248 2254 345 2318 supra
367 2245 401 2302 et
422 2237 505 2302 oltra
526 2243 593 2301 star
623 2253 710 2302 mese
733 2255 793 2300 uuo
822 2237 854 2300 iu
883 2253 997 2316 presan
1029 2245 1151 2302 serrato
1181 2245 1215 2302 et
1242 2247 1331 2306 tauto

12 2351 14 2430 ἰ
106 2339 164 2420 piu,
187 2347 304 2422 quanto
327 2343 383 2424 313
405 2339 545 2406 (11113333
567 2341 596 2406 31
618 2347 808 2424 pagamento
830 2338 914 2406 della
935 2359 1031 2422 peua3
1054 2349 1088 2406 et
1110 2342 1156 2406 331
1180 2347 1252 2409 sera
1267 2351 1332 2410 tro-

12 2439 15 2508 1
107 2445 183 2511 uado
206 2465 302 2530 supra
325 2453 439 2528 questa
461 2447 563 2511 133313
587 2447 649 2512 taio
665 2446 705 2511 (13
720 2446 794 2510 tede
808 2447 839 2508 13
855 2447 998 2528 maggior
1013 2447 1157 2526 quantita
1171 2447 1210 2512 (13
1227 2447 1331 2530 quello

12 2629 14 2636 y
107 2552 304 2631 dpermesso
328 2559 365 2616 ut
384 2569 489 2634 supra,
520 2551 607 2616 siano
638 2553 738 2615 teuuti
763 2551 784 2614 11
813 2549 936 2616 offitiaii
964 2550 1047 2614 (13113
1077 2552 1149 2618 ville
1180 2554 1331 2634 deputadi
1431 2608 1443 2622 „

12 2705 14 2750 ὲ
108 2653 145 2718 ad
167 2655 215 2720 313
237 2656 407 2721 denunciar
430 2655 482 2720 ail'
492 2653 591 2721 offitio
614 2655 699 2720 (13113
728 2655 915 2720 cancellaria
945 2655 976 2718 13
1006 2663 1148 2722 termeno
1180 2658 1219 2723 de
1246 2659 1332 2722 zorni

107 2765 177 2838 otto,
200 2759 429 2826 manifestando
453 2760 533 2824 colui
558 2764 657 2824 auara
678 2759 758 2826 fatto
782 2759 826 2824 iai
849 2761 922 2838 taio,
946 2759 978 2823 la
1001 2761 1144 2840 quantita
1160 2761 1243 2827 (13113
1257 2765 1332 2829 tede

12 2849 14 2910 1
108 2864 206 2930 taiade
228 2875 261 2930 et
284 2866 313 2930 et
336 2865 440 2944 luoco,
464 2866 516 2928 nei
539 2865 632 2946 quale
655 2881 727 2931 esso
749 2865 814 2928 taio
838 2863 878 2928 de
901 2864 974 2928 tede
998 2869 1070 2930 sera
1086 2873 1136 2930 sta
1152 2868 1284 2932 tronado
1301 2876 1334 2934 et

110 2985 143 3032 33
163 2987 225 3034 333
247 2975 346 3036 auara
368 2970 481 3036 notitia
504 2969 554 3036 del
569 2967 814 3046 commiscente,
839 2969 886 3034 313
902 2973 1013 3034 tenuto
1037 2969 1208 3035 denuncias
1224 2979 1334 3038 eontra

107 3073 133 3138 31
153 3074 237 3140 assai
258 3077 314 3156 piu
335 3077 500 3156 prossimo,
525 3074 555 3138 31
578 3074 651 3156 quai
682 3073 768 3138 33331
799 3073 904 3138 subito
928 3074 997 3138 cadi
1029 3073 1092 3138 alla
1120 3093 1202 3157 3333
1225 3095 1333 3158 sopra-

12 3227 14 3230 .
109 3178 223 3256 scritta
247 3179 288 3244 da
309 3197 399 3246 esser
422 3178 527 3246 diuisa
546 3197 607 3260 per
629 3178 801 3244 medietate
823 3181 874 3242 tra
896 3179 926 3242 31
959 3195 1104 3243 commun
1132 3187 1164 3246 et
1194 3180 1334 3247 l’oiiitiai

107 3288 200 3348 auera
221 3284 434 3362 denunciad03
457 3284 487 3350 el
510 3284 583 3366 qual
607 3283 702 3349 abbia
724 3283 820 3348 etiam
849 3283 881 3348 la
910 3282 988 3348 mita
1014 3283 1097 3350 delle
1127 3284 1217 3366 tede,
1231 3287 1336 3353 taiade

12 3389 14 3478 j
109 3396 215 3454 eontra
235 3389 266 3454 la
287 3389 458 3471 proibition
482 3397 591 3454 nostra
613 3395 647 3454 et
669 3390 715 3454 sia
737 3394 900 3454 resemato
924 3407 1069 3470 regresso
1092 3389 1122 3454 31
1147 3390 1226 3454 ditto
1249 3392 1335 3456 33331

107 3491 158 3573 313
179 3495 331 3574 prossimo
355 3501 465 3560 eontra
488 3493 517 3558 31
540 3492 794 3570 contrafaciente,
819 3493 943 3575 quaudo
966 3493 995 3560 el
1024 3497 1095 3559 sera
1122 3493 1333 3561 manifestatio

12 3611 14 3670 3
108 3602 139 3662 et
159 3607 328 3666 conuento:
352 3599 374 3664 li
394 3598 516 3667 offitiali
539 3605 726 3665 aeramenta
749 3599 908 3680 (13331331,
935 3617 969 3664 33
993 3617 1055 3664 333
1079 3599 1335 3666 denunciaruuno

12 3721 14 3788 3
111 3703 140 3766 13
162 3708 300 3770 termene
323 3711 454 3784 statuto,
479 3705 566 3770 siano
589 3705 712 3786 priuadi
737 3701 923 3769 dell'osfioio
947 3722 1004 3770 suo
1028 3710 1061 3770 et
1075 3705 1336 3772 irremissibiliter

12 3793 14 3896 J
109 3824 206 3889 pagan
227 3809 384 3876 (13331333
408 3809 439 3874 13
461 3827 544 3891 3333
566 3809 597 3874 (11
621 3808 847 3874 contraissenti
864 3828 921 3890 per
936 3809 1003 3874 toro
1022 3809 1210 3890 ooamoscudi
1226 3815 1258 3875 et
1273 3829 1335 3876 uon

109 3911 299 3994 denuntiadi,
323 3915 507 3980 rimaneudo
530 3915 593 3978 essi
617 3913 842 3980 coutraiaoenti
865 3914 981 3979 absolti
1004 3921 1037 3978 et
1066 3916 1154 3980 siano
1183 3915 1283 3978 tenuti
1314 3915 1336 3979 li

12 4031 13 4054 ³
110 4015 237 4100 officiali,
260 4022 270 4083 i
294 4019 382 4100 quali
404 4023 424 4083 3
446 4019 494 4082 313
517 4037 551 4084 33
574 4019 737 4100 deputare,
762 4019 852 4082 uenir
875 4025 909 4082 et
931 4018 1059 4082 donanti
1084 4021 1137 4082 331
1155 4020 1337 4085 solemnitor

12 4155 13 4162 1
111 4123 213 4204 313333
233 4125 273 4190 (13
296 4125 466 4190 esseroitar
495 4125 558 4190 ben
590 4131 623 4190 et
650 4123 840 4206 legalmeute
867 4122 998 4189 l'oifioio
1029 4143 1095 4202 suo,
1125 4127 1164 4186 33
1197 4142 1337 4205 possano

12 4269 14 4322 t
111 4229 264 4294 recusarlo
288 4235 373 4294 sotto
397 4248 481 4310 pena
505 4229 543 4294 (13
566 4231 693 4310 331-3331
717 4247 744 4292 v.
769 4229 810 4292 (13
836 4229 946 4294 3333311
970 4229 1052 4293 111133
1084 4230 1164 4293 tolta
1195 4239 1228 4294 et
1258 4231 1336 4295 inte·

12 4323 14 4356 ¹
110 4333 236 4414 gralitar
258 4333 426 4415 appliaada
448 4333 477 4399 31
502 4353 645 4398 commun
669 4333 698 4400 el
722 4335 762 4399 da
784 4337 835 4398 mo
861 4339 880 4398 a
902 4335 988 4398 zorui
1012 4341 1078 4400 otto
1095 4335 1241 4416 prossimi
1264 4337 1337 4399 tutti

111 4439 211 4522 quelli,
233 4439 255 4504 ii
278 4440 362 4520 quali
392 4458 549 4506 33333333
581 4440 697 4523 taiado,
730 4443 747 4504 3
778 4438 857 4504 fatto
888 4440 970 4504 taiar
1000 4441 1074 4506 teda
1101 4459 1196 4522 sopra
1224 4452 1336 4521 questa

12 4627 14 4634 y
111 4542 210 4608 insula
238 4546 292 4627 313
322 4545 406 4610 (13113
437 4547 582 4626 quarrata
613 4545 703 4622 ditta,
736 4545 892 4610 (13331333
924 4545 1143 4610 manifestatae
1173 4543 1224 4609 all'
1236 4543 1337 4609 3111313

12 4711 14 4732 ζ
115 4646 196 4712 (13113
216 4650 411 4728 cancellaria,
437 4651 626 4716 attramento
649 4669 683 4715 33
707 4651 877 4716 intendauo
900 4651 1004 4716 caduti
1029 4651 1091 4715 3113
1114 4669 1196 4731 3333
1227 4667 1337 4730 sopra·

12 4751 16 4824 3
116 4753 237 4840 saritte3
260 4761 293 4820 et
315 4774 349 4820 33
372 4773 435 4820 uno
454 4755 688 4822 contrafaceute
703 4759 853 4821 accuseris
875 4755 894 4820 l'
903 4754 994 4833 altro,
1019 4756 1059 4820 da
1081 4753 1178 4835 33131
1199 4760 1340 4820 termene

1233 4978 1240 5026 1
