3396 5402
175 727 242 770 ΟΔΡ.
268 727 398 770 oxxnx.
423 727 573 778 Quasnam
597 727 697 768 busun
720 727 848 768 HABERE
870 725 1051 770 inuasurus
1075 725 1243 769 donaturus.

135 842 218 908 Item
241 842 416 922 statuimus,
441 843 524 924 quod
547 843 659 924 aliquis
682 842 855 908 aduncatus
874 844 1046 908 communis
1067 861 1125 907 seu
1147 847 1332 924 procurator

92 947 227 1012 alicuius
249 966 385 1029 persone
401 967 464 1012 non
480 949 581 1029 possit
604 947 746 1029 accipere
768 947 905 1028 aliquam
929 947 1137 1028 solucionem,
1160 947 1220 1011 nisi
1243 965 1316 1028 gros

91 1070 165 1115 sum
187 1071 282 1116 vnum
305 1069 388 1134 pena
409 1053 595 1118 sacramenti
617 1057 650 1117 et
670 1051 846 1133 quicunque
864 1052 1045 1130 aduocatus,
1070 1071 1126 1117 seu
1144 1057 1329 1133 procurator

91 1157 254 1237 acciperet
275 1157 401 1238 aliquod
423 1157 591 1238 premium¹
604 1157 727 1222 nomine
739 1156 846 1239 precij,
871 1156 922 1222 uel
934 1156 1074 1236 simonie,
1091 1155 1142 1220 uel
1158 1154 1325 1237 porcionis,

90 1260 198 1325 soluat
219 1261 251 1324 in
274 1261 404 1344 duplum
428 1268 528 1326 totum
552 1261 601 1339 id,
630 1261 713 1342 quod
747 1261 904 1342 acceperit
934 1261 1119 1340 nominibus,
1148 1266 1181 1325 vt
1214 1279 1327 1342 supra;

89 1365 182 1430 ouius
206 1384 287 1447 pene
310 1365 461 1432 medietas
483 1365 525 1430 sit
547 1365 718 1431 communis
731 1372 763 1430 et
778 1366 840 1431 alia
863 1365 1049 1444 accusantis,
1071 1365 1240 1434 dummodo
1255 1383 1328 1448 pro·

86 1469 203 1534 batum
235 1467 331 1535 fuerit
365 1489 422 1552 per
456 1469 535 1535 duos
563 1479 662 1536 testes
685 1467 747 1534 lide
771 1470 883 1552 dignos
905 1469 947 1534 ad
969 1469 1090 1548 minus,
1114 1475 1147 1535 et
1168 1469 1255 1534 ultra
1288 1469 1330 1536 sit

87 1574 237 1654 priuatus
259 1573 427 1639 aduocacia
449 1593 506 1657 ppo
529 1575 589 1640 illis
612 1593 667 1639 sex
690 1575 864 1652 mensibus3
888 1573 1092 1657 intelligendo
1116 1574 1156 1640 de
1193 1574 1328 1657 iudicijs,

90 1696 151 1743 scu
172 1677 359 1759 racionibus,
384 1697 444 1760 que
468 1677 545 1743 fient
566 1679 598 1742 in
622 1676 758 1760 Curqula
780 1685 814 1744 et
837 1697 899 1744 non
921 1677 1027 1744 foris.²

204 1893 272 1935 ΟΔΡ.
296 1891 365 1934 oxu.
389 1893 472 1943 Quor>
494 1893 614 1935 nnuma
636 1893 699 1935 NON
721 1892 824 1936 Possl'r
847 1890 1005 1934 numatam
1027 1891 1112 1935 BONA
1135 1869 1220 1936 suast

138 2009 221 2074 Item
245 2009 421 2086 statuimus,
446 2009 531 2090 quod
554 2009 666 2074 amodo
688 2008 721 2072 in
743 2015 838 2074 antea
853 2008 961 2088 aliqua
975 2009 1088 2075 mulier
1103 2009 1252 2074 maritata
1267 2028 1329 2076 non

92 2113 198 2194 possit
221 2113 326 2193 aliquo
348 2114 442 2178 modo
465 2113 604 2178 alienare
627 2113 709 2178 bona
732 2131 799 2194 sua,
824 2113 883 2177 nisi
906 2113 938 2178 in
960 2113 1061 2178 tribus
1083 2114 1218 2194 casibus,
1242 2114 1329 2180 uide

92 2217 180 2294 licet,
206 2217 233 2281 si
257 2222 346 2282 esset
366 2218 498 2282 maritus
521 2235 597 2282 suus
620 2225 808 2296 carceratus,
833 2223 866 2282 et
888 2217 979 2282 aliter
995 2217 1034 2281 de
1051 2218 1229 2283 carceribus
1244 2219 1330 2283 exire

91 2341 159 2387 non
182 2323 293 2403 possit,
323 2327 398 2386 tunc
420 2320 532 2386 mulier
555 2339 626 2386 curn
649 2321 852 2404 prouidencia
885 2321 1047 2402 regiminis
1071 2320 1206 2402 Curqule
1228 2323 1330 2404 possit

90 2427 237 2493 alienare
265 2427 350 2492 bona
372 2444 439 2490 sua.
469 2423 612 2491 Secundo
635 2444 692 2507 pro
715 2424 796 2503 filio,
825 2444 882 2490 sen
905 2423 978 2508 filijs
1008 2425 1240 2507 recuperando,
1271 2443 1329 2492 seu

90 2530 320 2613 recuperandis
344 2530 384 2595 de
407 2530 584 2595 carceribus
609 2535 770 2616 utsupra.
795 2527 905 2596 Tercio
921 2529 947 2594 si
962 2530 1033 2610 ipsa
1048 2529 1168 2608 mulier,
1191 2531 1244 2596 uel
1260 2549 1330 2596 cum

92 2637 228 2711 marito,
257 2634 310 2700 uel
333 2653 402 2700 cum
425 2632 513 2716 dlijs,
546 2654 602 2700 seu
631 2633 755 2700 filiabus
777 2633 893 2700 famem
922 2640 1103 2716 pateretur,
1133 2641 1208 2700 tunc
1230 2637 1331 2718 possit

93 2741 237 2806 alienare
266 2757 336 2804 oum
358 2739 578 2820 prouidenoia,
610 2745 771 2821 utsupra.
800 2739 871 2804 Vna
893 2747 998 2804 autem
1028 2756 1152 2820 queque
1174 2739 1328 2818 uendicio,

91 2843 286 2928 pignoraeio,
310 2842 450 2926 donacio,
474 2843 526 2906 uel
549 2842 613 2908 alia
634 2843 788 2928 obligacio
811 2842 895 2908 iacta
917 2861 1017 2924 usque
1039 2844 1071 2908 in
1095 2843 1178 2908 diem
1200 2863 1328 2925 presen-

93 2958 161 3016 tem
183 2967 242 3031 per
265 2946 428 3013 mulierem
450 2965 521 3012 cum
544 2965 697 3014 consensu
719 2947 824 3012 mariti
848 2948 898 3014 uel
920 2967 977 3030 per
998 2947 1145 3012 maritum
1167 2965 1238 3012 cum
1254 2965 1327 3016 con-

93 3073 194 3121 sensu
216 3052 364 3131 mulieris,
388 3052 431 3118 sit
453 3049 543 3116 firma
565 3057 599 3116 et
620 3057 702 3130 rata,
726 3069 783 3118 nec
805 3053 906 3134 possit
924 3051 1079 3136 anihilari,
1103 3070 1162 3118 neo
1177 3051 1323 3132 refutari;

93 3159 155 3225 sed
177 3160 210 3223 in
231 3157 372 3223 futurum
391 3157 444 3222 sic.
467 3155 538 3222 Hoc
554 3162 660 3222 autem
677 3161 831 3222 statutum
846 3155 972 3236 iactum,
996 3155 1153 3221 firmatum
1170 3163 1204 3222 et
1218 3163 1327 3222 auten-

93 3263 226 3329 tieatum
250 3261 310 3326 iuit
333 3261 559 3342 pergenerale
588 3261 751 3326 consilium
776 3261 910 3343 Curcule
933 3263 965 3326 in
987 3260 1155 3327 Millesimo
1178 3263 1326 3328 tricente-

91 3370 176 3434 simo
199 3367 413 3448 octuagesimo
436 3383 517 3430 nono
541 3365 683 3448 (anno).

376 3563 443 3606 cAP.
468 3563 547 3606 0th
579 3565 620 3605 DE
642 3563 850 3606 SUSPEGTIONE
871 3563 1049 3606 LATRONUM.

5 3729 6 3734 ,
141 3663 278 3748 Captum
308 3663 368 3728 fuit
390 3667 422 3728 et
444 3662 607 3729 obtentum
630 3661 662 3725 in
685 3661 778 3743 pleno
801 3667 835 3727 et
856 3661 995 3746 generali
1023 3661 1152 3727 consilio
1182 3658 1326 3744 Curcule,

5 3769 6 3786 ³
93 3788 187 3836 more
220 3768 313 3834 solito
343 3773 550 3849 congregato,
582 3768 640 3832 sub
663 3766 829 3832 Millesimo
860 3765 1081 3832 trecentesimo
1115 3767 1327 3848 octuagesimo

5 3953 6 3958 η
93 3875 249 3957 septimo,
280 3873 331 3938 die
352 3872 413 3954 xvij
445 3871 658 3953 Septembris,
690 3872 824 3952 quodsi
847 3871 952 3952 aliqua
981 3871 1139 3952 suspectio
1170 3877 1255 3936 esset
1286 3871 1326 3937 de

5 3997 7 4010 ’
93 3980 202 4060 aliquo
217 3978 349 4059 latrone,
373 3978 439 4042 siue
455 3976 534 4055 lure,
559 3977 643 4058 quod
658 3977 744 4042 curia
760 3977 799 4041 ad
815 3976 943 4057 plenum
958 3975 1059 4057 possit
1073 3993 1190 4056 ponere
1206 3975 1323 4040 dictum

92 4085 262 4164 latronem,
286 4083 354 4149 siue
370 4082 471 4148 iurem
496 4083 537 4147 ad
560 4087 729 4162 torturam3
753 4081 921 4147 dummodo
937 4081 1091 4146 habeatur
1106 4079 1232 4161 aliquod
1247 4080 1327 4145 indi-

5 4189 7 4246 ἒ
90 4192 176 4256 cium
199 4194 233 4254 et
255 4189 331 4254 dare
357 4189 385 4254 ci
408 4192 564 4252 torturam
587 4188 627 4252 ad
649 4187 875 4251 conscienciam
897 4185 1024 4250 maioris
1047 4184 1149 4266 partis
1172 4185 1266 4250 curie.

5 4425 6 4436 2
141 4367 151 4402 ¹
168 4371 247 4428 Cod.
264 4369 344 4442 Gap.
368 4370 396 4427 ot
411 4367 471 4426 ild.
495 4366 581 4426 Ven.
600 4367 712 4440 legunt:
741 4367 873 4442 ,aliquod
886 4365 1021 4444 precium,
1037 4363 1146 4424 nomine
1162 4364 1260 4438 premij
1277 4380 1326 4422 seu

87 4456 203 4535 precij“
219 4458 284 4534 etc,
301 4473 385 4528 quam
399 4451 544 4514 lectionem
559 4454 759 4512 emendandam
772 4451 930 4512 censuimus
945 4455 979 4511 ad
1004 4453 1094 4510 instar
1109 4452 1236 4510 lectionis
1251 4467 1292 4509 ca
1298 4467 1325 4524 p.

5 4565 7 4618 ss
88 4545 201 4606 (tvm.
217 4543 373 4602 Reform.

5 4685 6 4688 ,
136 4630 358 4690 ⁹Honorarium
381 4631 506 4688 attamen
534 4627 684 4705 aduocatisv
702 4645 811 4687 sumere
840 4628 1012 4702 permittitur
1034 4626 1229 4685 reformatione
1256 4627 1275 4686 l.
1307 4625 1325 4685 l.

5 4763 7 4822 ἑ
88 4723 208 4868 wltzi.
225 4803 303 4865 iufra
318 4821 394 4878 cap.
412 4803 539 4863 CXLIII.
557 4802 711 4862 Statuti
727 4805 756 4861 et
770 4819 846 4876 cap.
863 4801 914 4864 [X.
931 4799 1086 4860 Reform.
