3422 5364
324 441 387 503 236

321 661 487 706 savorna
509 675 553 689 ·-
574 662 604 704 v.
627 660 798 706 savnrnare.
1228 687 1233 700 .

321 748 544 794 savurnarc
561 751 602 788 =
618 748 780 792 savomars
801 763 846 775 -
868 745 1005 792 scomma
1026 730 1046 791 i.
1061 749 1089 791 c.
1105 731 1231 792 saburra
1249 747 1275 790 s.
1291 730 1396 808 glarea
1418 730 1569 792 occludere

410 837 439 878 v.
463 818 626 892 inquinare.

323 904 554 983 scarphyua
575 937 619 948 -
641 904 719 965 idem
741 922 777 966 ac
799 899 926 984 dadolo,
950 918 1039 978 quam
1060 921 1164 967 vocem
1186 922 1216 966 v.
1239 905 1269 966 in
1291 905 1384 982 gloss.
1399 905 1460 968 vol
1483 907 1508 966 L

324 1010 439 1052 scere
462 1024 506 1034 -
528 991 618 1068 piscis
642 993 765 1067 species.

326 1084 511 1141 sconlare
534 1098 575 1135 =
599 1081 749 1138 econtrare
771 1075 844 1158 (vox
867 1079 947 1157 apud
968 1082 1148 1142 mercatores
1170 1079 1281 1139 usitata
1301 1095 1368 1140 cum
1390 1077 1428 1140 de
1449 1078 1575 1155 pecunia

412 1165 556 1228 solvenda
578 1162 690 1243 agitur)
713 1166 791 1226 idem
811 1167 901 1227 ctiam
923 1185 959 1228 ac
980 1183 1140 1230 numerare
1162 1160 1263 1249 („dies
1285 1166 1414 1228 debeant
1434 1161 1575 1229 amari
1704 1133 1706 1176 ³

412 1253 443 1312 in
464 1253 515 1311 illo
538 1249 682 1312 termino“
705 1287 749 1296 -
771 1271 800 1330 p.
823 1251 913 1334 239).

327 1357 459 1415 sepum
481 1372 525 1383 —
546 1339 648 1419 adeps,
672 1339 831 1420 pinguedo,
854 1340 994 1418 axungia.

327 1427 464 1486 soldus
486 1459 528 1470 --
550 1429 669 1485 moncia
690 1444 794 1502 parva.

328 1513 487 1589 splacia
505 1532 546 1568 =
567 1512 683 1588 splagia
705 1511 749 1592 (it.
773 1511 924 1592 spiaggia)
946 1530 1008 1592 ora,
1031 1513 1111 1575 litus.

327 1604 472 1676 sponte
498 1632 538 1642 —
560 1599 605 1678 (it.
630 1599 786 1679 spontone)
808 1633 851 1644 -
873 1600 973 1682 pugio,
996 1601 1067 1661 sica.

327 1687 445 1746 stirne
466 1719 508 1730 --
532 1686 577 1765 (il.
608 1681 755 1746 L'azionc
784 1687 862 1746 dello
892 1687 1013 1746 elimare
1041 1704 1101 1747 una
1131 1703 1217 1764 cosa3
1248 1685 1286 1745 ed
1307 1684 1402 1746 anche
1422 1685 1445 1744 il
1467 1701 1575 1761 ursano

414 1776 572 1848 asscgnato
594 1789 648 1848 per
669 1773 768 1833 istima
790 1774 830 1833 ad
851 1790 910 1832 una
929 1791 1008 1836 cosa.
1032 1772 1083 1850 T.)
1105 1805 1147 1817 -
1170 1773 1345 1852 aestimatio,
1367 1773 1493 1832 tando.

328 1859 479 1920 stiuare
509 1895 548 1902 -
581 1860 624 1934 (it.
656 1859 863 1919 Strettamcnle
893 1861 977 1920 unire
1007 1857 1142 1940 insieme)
1174 1893 1213 1904 —
1246 1859 1373 1920 condere
1404 1857 1574 1940 (navibus);

415 1963 528 2005 merces
550 1947 579 2005 in
602 1945 758 2007 fasciculos
788 1946 945 2026 colligare3
975 1945 1057 2010 stiva
1084 1947 1128 2026 (it.
1152 1946 1257 2022 Luogo
1286 1939 1373 2008 dove'
1391 1947 1416 2006 si
1446 1947 1573 2022 elisano,

417 2034 496 2093 ossia
518 2033 544 2092 si
565 2033 705 2092 uniscono
736 2037 937 2093 strettamente
966 2034 1087 2094 insieme
1109 2033 1137 2092 le
1159 2035 1230 2094 robe
1259 2034 1388 2094 caricare
1417 2050 1509 2109 sopra
1536 2049 1576 2091 un

416 2119 535 2179 navilio.
559 2119 627 2180 Cosl
650 2120 730 2178 detto
753 2125 884 2196 appunto
907 2119 1082 2180 dall’cscrvi
1103 2119 1226 2200 pigista,
1248 2120 1358 2196 stipata
1378 2121 1408 2179 la
1421 2121 1508 2180 roba.
1524 2115 1577 2198 Τ.)
1696 2142 1702 2151 ·

328 2205 489 2266 stochus
511 2239 555 2250 -
576 2205 620 2284 (it.
644 2205 756 2284 slocco)
779 2240 822 2250 -
844 2207 922 2267 ensis
945 2207 1069 2284 species.

329 2293 421 2352 teda
442 2325 485 2336 ·-
504 2293 601 2369 pinus.

329 2384 431 2439 temo
452 2413 496 2424 -
518 2380 602 2439 navis
624 2379 865 2455 gubernaculum.
982 2435 983 2440 ,
1704 2419 1706 2438 .

327 2467 555 2532 temonaria
576 2498 619 2508 -
641 2465 873 2544 gubernaculum
902 2467 951 2526 vel
982 2467 1175 2543 gubernaculi
1204 2466 1405 2546 manubrium
1436 2461 1578 2546 officium
1704 2523 1706 2546 ,

415 2551 605 2614 lemucerine
626 2552 668 2633 (p.
693 2551 769 2630 223)
792 2587 834 2597 -
857 2554 904 2613 off.
928 2554 1134 2630 gubernatoris
1157 2573 1182 2616 s.
1206 2553 1328 2614 rectoris
1350 2553 1447 2615 navis.

327 2643 467 2699 tenuta
482 2659 524 2696 =
544 2639 692 2715 possessio
716 2635 766 2720 (cf.
790 2657 874 2716 prov.
897 2639 947 2702 it.:
974 2640 1048 2723 „ehi
1069 2645 1086 2702 e
1108 2641 1271 2720 intercute,
1293 2641 1352 2700 Dio
1373 2637 1510 2716 l’aJuia“
1534 2659 1578 2696 =

415 2727 519 2786 melior
541 2729 586 2786 esi
608 2726 734 2786 conditio
757 2725 964 2804 possidentis);
999 2727 1030 2787 in
1052 2728 1228 2803 quibusdam
1250 2728 1368 2789 casibus
1389 2749 1436 2780 =
1456 2726 1578 2802 pignus.
1704 2697 1706 2764 9

329 2814 566 2874 terraticum
590 2831 631 2868 =
654 2817 815 2890 terragium
837 2845 881 2856 -·
903 2813 982 2889 quod
1004 2831 1023 2873 a
1045 2815 1156 2876 colonis
1183 2814 1312 2891 exigitur
1338 2814 1455 2874 nomine
1478 2817 1579 2872 terrae

417 2903 447 2959 cl
469 2901 543 2979 agri,
567 2916 654 2976 quem
677 2901 775 2960 colunt
798 2898 840 2976 (p.
865 2897 930 2976 92).

330 2985 506 3046 tinarius
528 3019 562 3032 -
594 3003 648 3046 vas
670 2987 783 3063 grande
812 2986 951 3064 ligneum,
982 2985 1141 3047 condendis
1165 2987 1241 3046 vinis
1267 2991 1404 3062 paratum
1427 2982 1579 3068 (‚‚ts'nariy'

417 3073 477 3133 sint
506 3073 543 3133 de
574 3091 627 3133 sex
649 3072 775 3150 galelis“
799 3106 842 3120 -
864 3091 894 3149 p.
920 3070 1007 3152 274).
1042 3069 1121 3154 (Nisi
1143 3071 1293 3137 linaciam
1321 3073 1481 3151 legendum
1512 3091 1578 3134 csse
1704 3061 1706 3144 Ξ

416 3165 512 3236 putes,
537 3160 616 3236 quod
642 3158 783 3223 torcular
804 3157 975 3242 significat.)

330 3251 536 3306 vretenum
564 3279 607 3290 —
633 3245 695 3326 (sl.)
724 3248 763 3308 Ni
792 3246 880 3306 fallor
910 3264 1065 3308 mensurae
1093 3264 1232 3324 agrorum
1261 3247 1376 3324 speeies
1405 3245 1578 3326 (πωῃωιῃιι
1704 3229 1706 3252 ¹

415 3333 568 3409 liminiie
597 3334 746 3394 annuatim
766 3334 808 3407 ,ad
829 3333 925 3394 minus
947 3351 1037 3394 unum
1058 3339 1220 3397 arcionum
1241 3335 1279 3396 do
1299 3338 1382 3396 terna
1403 3334 1460 3396 sibi
1484 3332 1576 3394 (Ιειῐιιιι
1704 3335 1706 3370 ³

328 3453 464 3566 nardum]
473 3438 501 3566 1?
501 3524 515 3566 s
537 3417 649 3584 1-Hgib
672 3503 822 3590 giardino)
846 3541 888 3550 -
910 3506 1021 3568 hortus.

329 3593 482 3654 nola-
504 3593 658 3654 naviculae
681 3593 803 3669 species.
