3396 5402
638 704 704 747 ΟΔΡ.
728 703 822 748 0111ss-
846 704 887 744 DE
909 701 1096 746 RA'HOMBUS
1119 700 1311 744 dammum.

404 823 484 888 Item
507 821 566 886 snb
589 839 671 886 anno
694 819 819 886 Domini
843 819 1008 885 Millesimo
1031 819 1338 902 quadringentesimo
1361 817 1472 894 tercio,
1496 813 1598 880 indic·

361 927 451 993 cione
472 927 502 1008 xj
527 931 560 991 et
582 925 633 990 die
656 925 765 990 vltimo
788 925 905 989 mensis
920 923 1073 1007 lanuarij.
1097 923 1134 988 ln
1150 924 1242 1006 pleno
1259 928 1292 988 et
1306 920 1449 1003 generali
1464 919 1599 986 consilio

353 1031 497 1096 ciuitatis
519 1039 552 1095 et
573 1029 676 1094 insule
700 1027 843 1110 Curqnle
874 1029 905 1092 in
929 1047 990 1110 quo
1013 1028 1141 1094 luemnt
1163 1027 1332 1110 consiliarij
1363 1024 1599 1108 quinquaginta

361 1155 425 1214 serr,
449 1151 557 1199 eorum
580 1133 704 1198 nenrine
726 1132 936 1216 discordante,
959 1139 1085 1214 captum
1107 1132 1176 1214 fuit7
1205 1133 1289 1214 quod
1313 1149 1420 1198 omnes
1443 1131 1593 1196 raciones

363 1240 543 1306 animalium
574 1237 711 1304 debeant
740 1236 808 1302 lieri
837 1238 921 1302 inter
948 1243 1098 1319 patrones
1120 1246 1154 1302 et
1176 1245 1335 1319 pastores,
1366 1255 1423 1302 seu
1446 1233 1596 1314 celnicos,

359 1363 457 1427 nsque
480 1344 521 1409 ad
542 1361 637 1408 vnum
660 1361 775 1407 aunum
798 1343 937 1424 proxime
959 1348 1124 1424 postquam
1152 1341 1366 1425 compagniam
1388 1339 1593 1422 relinquent3

360 1450 517 1526 uidelicet,
542 1466 640 1530 vsque
663 1447 703 1513 ad
726 1446 841 1514 festum
864 1445 978 1514 Sancte
1001 1446 1101 1514 Maric
1123 1447 1163 1514 de
1185 1464 1292 1513 mense
1313 1445 1467 1528 Augusti3
1498 1445 1597 1511 aliter

363 1555 469 1637 elapso
492 1555 575 1619 dicto
598 1571 678 1618 anno
701 1571 758 1634 pro
782 1553 867 1618 nullo
890 1557 1059 1618 teneantur
1080 1560 1241 1633 pastores,
1269 1553 1330 1616 nisi
1353 1550 1471 1616 iustum
1493 1548 1595 1615 inerit

364 1658 619 1740 impedimentum
635 1657 645 1692 ²

366 1872 432 1916 ΟΔΡ.
457 1873 564 1916 oxum.
590 1871 672 1924 QUOD
694 1870 813 1922 amona
835 1871 955 1912 HUIrIRB
976 1871 1039 1914 NON
1061 1871 1164 1914 Possm
1186 1869 1345 1913 ALOENABE
1359 1869 1467 1912 nom
1483 1845 1599 1912 sum*

407 1989 444 2053 ln
467 1987 561 2070 pleno
584 1993 618 2052 et
638 1985 779 2068 generali
802 1986 930 2054 consilio
953 1987 1091 2054 ciuitatis
1106 1993 1141 2053 et
1154 1987 1256 2054 insule
1273 1985 1409 2068 Curcule
1425 1985 1467 2052 ad
1483 2003 1597 2054 sonum

365 2111 515 2175 campane
538 2110 625 2160 more
649 2092 742 2158 solito
765 2092 1021 2174 congregatam
1044 2111 1106 2174 quo
1129 2094 1254 2173 quidem
1277 2090 1405 2156 inerunt
1423 2087 1596 2168 consiliarii

366 2197 494 2278 triginta
511 2203 590 2278 octo,
608 2201 733 2279 captum
749 2202 782 2263 et
794 2196 956 2262 obtentum
968 2195 1029 2262 fuit
1039 2216 1097 2278 per
1108 2197 1303 2264 consiliarios
1314 2193 1596 2278 trigintaquinque,

365 2301 449 2382 quod
474 2318 583 2366 omnes
613 2306 645 2366 et
676 2300 798 2383 singule
828 2300 1060 2384 uendiccioneS,
1095 2301 1331 2382 pignoreciones
1361 2304 1394 2364 et
1416 2297 1598 2380 empciones

364 2405 447 2472 laete
469 2423 567 2486 vsque
589 2405 621 2469 iu
644 2405 725 2471 diem
749 2410 929 2486 presentem
952 2423 1008 2486 per·
1030 2403 1192 2472 mulierem
1215 2423 1285 2470 cum
1309 2422 1465 2470 consensu
1488 2403 1597 2469 mariti

366 2511 432 2590 sui,
453 2511 515 2593 ¹uel
537 2511 683 2575 maritum
712 2529 781 2575 cmn
805 2527 959 2575 consensu
988 2509 1127 2575 mulieris
1159 2510 1222 2598 sint
1251 2509 1339 2576 firme
1361 2515 1394 2576 et
1416 2513 1503 2589 rate,
1539 2527 1598 2574 nec

367 2615 489 2698 possint
512 2613 625 2696 uitiari,
650 2614 817 2680 dummodo
840 2614 903 2679 sint
925 2613 1007 2680 facte
1022 2631 1092 2680 cunr
1108 2614 1208 2680 modis
1223 2619 1256 2680 et
1271 2613 1433 2680 ordinibus
1449 2611 1596 2694 Curcule.

366 2721 415 2788 De
438 2726 544 2786 cetero
569 2739 644 2786 uero
666 2737 727 2784 non
751 2719 851 2800 possit
873 2719 978 2800 aliquo
1000 2718 1113 2784 mulier
1135 2719 1241 2800 aliquo
1263 2719 1399 2802 ingenio,
1423 2717 1473 2783 uel
1490 2718 1597 2782 colore

367 2825 505 2890 alienare
530 2825 619 2890 dotes
642 2843 716 2890 suas
739 2825 806 2890 sine
827 2824 957 2890 licencia
973 2830 1006 2889 et
1021 2843 1169 2906 expresso
1186 2841 1339 2890 consensu
1355 2823 1440 2888 curie
1456 2826 1490 2888 et
1507 2823 1598 2886 curia

368 2948 430 2995 non
453 2929 553 3010 possit
575 2929 650 2993 dare
673 2928 833 2994 licenciam
856 2930 922 2994 sine
944 2929 1027 2994 iusta
1049 2947 1154 3010 causa,
1178 2935 1273 3010 prout
1295 2927 1344 2992 lex
1368 2927 1445 2992 uult.
1476 2925 1597 2990 Verum

368 3033 452 3114 quod
475 3053 512 3098 ex
543 3034 611 3098 istis
641 3033 752 3114 xxxviij
784 3034 968 3115 consiliarijs
998 3039 1062 3098 tres
1090 3032 1218 3098 luerunt
1247 3031 1402 3098 contrarie
1430 3031 1596 3113 opinionis¹

367 3138 515 3205 uidelicet
544 3137 610 3204 Ser.
633 3139 722 3203 Luxa
745 3137 936 3212 Simcouicb‚
968 3137 1034 3202 Ser.
1058 3137 1197 3221 Angelus
1227 3137 1301 3202 olim
1324 3136 1391 3201 Ser.
1415 3135 1539 3214 Marini,
1565 3141 1599 3202 et

370 3243 436 3309 Ser.
461 3243 600 3309 Marinus
624 3242 743 3308 chini.
768 3243 833 3308 Sub
849 3243 1016 3309 Millesimo
1033 3243 1254 3308 trecentesimo
1271 3241 1485 3324 octuagesimo
1502 3259 1595 3324 nono,

368 3347 543 3413 indiccione
565 3348 618 3429 xij,
642 3347 692 3412 dic
715 3346 815 3429 primo
838 3345 964 3428 Aprilis.
1282 3337 1284 3344 ’

493 3560 559 3604 dar.
583 3561 684 3603 cxmv.
708 3561 749 3602 DE
772 3561 887 3602 ortuum
910 3561 951 3602 dn
974 3560 1107 3602 DANDUM
1129 3559 1280 3602 Paeonum
1301 3558 1470 3601 umalama.

413 3677 449 3741 In
471 3678 564 3758 pleno
587 3683 620 3742 ct
641 3677 781 3760 generali
804 3677 932 3742 consilio
955 3676 1093 3740 ciuitatis
1118 3681 1151 3740 et
1166 3675 1266 3742 insule
1281 3675 1416 3757 Curcule
1430 3675 1471 3742 ad
1487 3692 1598 3742 sonum

370 3800 522 3862 campane
554 3801 640 3847 more
663 3781 755 3847 solito
778 3783 810 3844 in
832 3781 965 3847 ecclesia
988 3780 1095 3846 Sancti
1117 3780 1216 3845 Marci
1238 3786 1444 3864 congregato,
1479 3780 1596 3861 inquo

370 3886 495 3967 quidem
525 3885 733 3952 interfuerunt
762 3886 931 3968 consiliarij
964 3885 1192 3969 quinquaginta
1215 3906 1284 3964 ser,
1315 3891 1441 3975 captum
1472 3883 1532 3950 iuit
1562 3891 1596 3948 et

370 3990 533 4056 obtentum
555 4009 612 4072 per
634 3989 767 4055 bellotae
795 3991 1004 4071 quadraginta
1027 4007 1159 4068 nouem,
1191 3990 1347 4056 contrarie
1370 4007 1447 4054 uero
1470 3987 1598 4053 inerunt

369 4099 500 4177 septem,
523 4096 608 4176 quod
630 4096 740 4160 amodo
763 4096 795 4158 in
817 4101 912 4161 antea
934 4095 1067 4175 quilibet
1089 4095 1242 4178 dominus,
1266 4097 1333 4160 siue
1356 4099 1509 4176 patronus
1530 4093 1597 4158 ani·

370 4199 497 4266 melium
524 4217 796 4281 quorumcunque,
832 4202 885 4280 qui
916 4199 1040 4266 dederit
1067 4199 1108 4265 ad
1139 4201 1333 4282 pascendum
1362 4217 1421 4264 sua
1450 4197 1600 4264 animalia

370 4305 490 4386 pastori
513 4304 615 4384 alicui,
639 4323 695 4369 seu
718 4305 908 4386 pastoribus,
933 4305 1038 4370 statim
1055 4305 1138 4371 inter
1160 4325 1195 4371 se
1217 4309 1364 4371 teneatur
1378 4303 1484 4370 facere
1499 4309 1600 4371 tesse-

371 4427 437 4474 ram
460 4415 494 4475 et
513 4409 597 4475 iacta
616 4415 745 4487 tessera,
770 4410 854 4490 quod
870 4409 970 4474 maior·
985 4428 1058 4490 pars
1074 4409 1172 4490 ipsius
1187 4415 1309 4476 tessere
1324 4409 1420 4475 debet
1434 4426 1600 4474 remanere

370 4513 455 4594 apud
478 4520 652 4594 patronum,
675 4533 730 4578 seu
754 4517 911 4594 patronos,
935 4517 1046 4594 postea
1067 4512 1199 4594 quilibet
1214 4520 1333 4595 pastor,
1357 4511 1501 4594 quolibet
1517 4531 1600 4580 anno

418 4671 522 4731 lldem
537 4675 672 4732 statuitur
687 4691 762 4748 cap.
778 4675 824 4733 Ll.
843 4673 1017 4734 Reform·

415 4757 487 4821 lbi.
503 4779 589 4834 snpra
603 4779 678 4835 cap.
696 4761 773 4820 CXL.
791 4761 935 4820 Statuti
950 4763 984 4819 et
999 4780 1075 4838 cap.
1092 4763 1140 4822 IX.
1157 4761 1314 4820 Reform.

1549 2 1697 201 ,Ἢ

1695 307 1697 316 r

1695 539 1697 582 ι

1695 583 1697 642 l
