3436 5362
1354 450 1394 510 43

14 683 16 688 v
144 673 253 738 equus
275 656 396 722 habeat
418 662 485 722 tres
506 673 652 738 grossos;
682 655 709 720 si
743 655 828 721 ultra
862 673 959 720 mum
991 655 1073 720 diem
1105 653 1247 730 steterit,
1280 653 1397 720 babeat

146 779 208 841 pro
233 760 379 842 quolibet
402 760 452 824 dio
476 761 531 841 vij
556 759 663 825 soldos
687 765 721 824 et
744 777 801 841 pro
825 759 994 833 sarcitore,
1018 759 1044 824 si
1067 779 1139 825 euru
1170 760 1310 832 duxerit,
1342 757 1383 821 lna

13 903 15 906 -
144 864 309 945 beatpro
332 863 476 946 quolibet
499 863 550 930 die
572 882 668 928 uuum
691 881 847 946 grossum.

579 1093 646 1138 ΟΑΡ.
670 1094 755 1136 xm.
779 1094 821 1136 DE
842 1094 959 1136 nonu.

192 1210 275 1275 Item
299 1213 453 1276 statutum
468 1215 503 1275 et
519 1210 698 1275 ordinatum
714 1217 774 1288 est,
793 1211 878 1291 quod
893 1215 1037 1292 potestas
1054 1210 1180 1276 uinculo
1201 1211 1390 1276 sacramenti

145 1321 300 1381 teneatur
321 1333 381 1396 per
402 1333 494 1380 suum
517 1313 674 1380 notarium
696 1313 802 1380 lacere
817 1315 958 1381 scribere
979 1315 1071 1391 diem,
1094 1332 1158 1396 quo
1176 1314 1249 1379 dicti
1268 1315 1393 1379 ambas-

145 1417 286 1484 ciatores
315 1419 437 1484 uariunt
459 1419 491 1482 in
514 1418 621 1499 aliqua
660 1418 855 1482 ambasciato
881 1423 914 1483 et
937 1418 1021 1484 diem
1042 1419 1074 1482 in
1091 1437 1152 1500 quo
1168 1425 1391 1496 reuertuntur3

145 1525 196 1589 ita
218 1524 304 1606 quod
320 1525 347 1589 si
363 1525 506 1605 pluribus
523 1523 636 1588 diebus
652 1529 739 1588 esset
754 1522 951 1588 satisfactum
975 1523 1067 1588 dictis
1096 1522 1390 1600 amirasciatcribus,

146 1645 245 1708 quarn
270 1628 476 1710 seruierunt1,
513 1629 544 1692 in
567 1626 742 1692 continenti
765 1627 868 1691 dictos
899 1627 1147 1692 ambasciatores
1183 1626 1260 1690 illud
1285 1645 1394 1708 super-

146 1731 249 1796 fluum
271 1737 418 1812 potestas
439 1731 536 1796 iaciat
559 1731 728 1797 restituere
754 1731 911 1796 communi
934 1729 1133 1812 Spalatensi¹
1156 1736 1189 1795 et
1210 1731 1394 1811 camerariis

148 1835 229 1900 dicti
259 1835 433 1900 communis
462 1835 531 1900 sine
562 1835 668 1915 aliqua
700 1834 869 1918 tarditate3
910 1834 957 1898 ita
980 1834 1065 1916 qnod
1088 1852 1150 1898 non
1173 1835 1274 1915 possit
1300 1831 1396 1896 alicui

146 1937 374 2004 ambasciatori
403 1955 461 2020 pro
490 1938 633 2019 pluribus
663 1938 775 2003 diebus
805 1937 970 2021 satisfieri,
1008 1939 1068 2003 nisi
1098 1944 1222 2003 tanturn
1248 1957 1303 2018 pro
1328 1937 1391 2002 illis

149 2043 274 2124 diebus,
298 2043 414 2124 quibus
437 2043 563 2107 steterit
585 2047 619 2107 et
641 2041 790 2107 seruierit
812 2043 844 2106 in
868 2042 1063 2108 ambasciato
1085 2042 1239 2124 predicta.

577 2253 644 2294 CAP.
669 2255 766 2296 xnvn.
792 2257 833 2298 DE
855 2255 971 2297 EODEM.

195 2372 277 2435 ltenn
302 2376 455 2436 statutum
486 2376 520 2432 et
550 2371 729 2436 ordinatum
753 2379 818 2448 est,
854 2371 937 2452 qrrod
969 2371 1012 2436 sil
1046 2373 1293 2437 ambasciatores
1318 2371 1394 2435 dicti

149 2473 346 2556 communis,
382 2473 525 2554 quando*
555 2473 675 2538 uadunt
704 2473 735 2536 in
768 2475 876 2554 aliqua
898 2475 1091 2540 ambasciato
1114 2476 1187 2540 dicti
1212 2478 1394 2554 communis,

151 2577 387 2644 derobarentur
410 2595 430 2641 a
451 2577 542 2640 malis
562 2576 752 2654 horninibus,
777 2579 828 2642 uel
845 2578 1099 2660 numerarentur,
1124 2581 1207 2660 quod
1226 2581 1317 2656 obsit,
1344 2581 1396 2644 uel

144 2681 251 2747 aliud⁶
274 2681 440 2746 ‹lamnum⁶
461 2681 639 2760 receperint
664 2681 838 2748 occasione
862 2682 947 2762 dicte
970 2683 1182 2762 ambasciato:
1215 2685 1298 2763 quoi
1330 2685 1395 2748 tale

150 2785 320 2849 damnum⁷
344 2784 404 2849 sibi
427 2802 485 2865 per·
508 2803 673 2850 commune
698 2783 819 2866 Spalati
844 2785 960 2852 debeat
992 2788 1161 2852 emendari.
1194 2789 1276 2852 lom
1299 2790 1394 2852 etiarn

147 2891 182 2954 in
217 2889 288 2970 alijs
322 2889 475 2971 negotijs‚
511 2889 594 2968 quod
627 2891 652 2952 si
685 2891 849 2954 occasione
881 2891 1054 2956 communis
1079 2890 1199 2972 Spoleti
1232 2898 1265 2957 et
1295 2911 1392 2968 carisa

149 2993 380 3058 manutenendi
402 2992 566 3066 honorem,
589 2993 771 3057 libertatem
796 2998 829 3058 et
851 2993 1099 3059 iurisdictionem
1121 2995 1196 3058 dicti
1221 2995 1394 3059 corrnnuuis

148 3097 266 3177 aliquis
291 3096 480 3162 sustinuerit
502 3096 629 3178 aliquod
654 3095 828 3180 damnant,
854 3097 937 3179 quod
962 3097 1027 3162 tale
1051 3097 1217 3162 darnuurn⁹
1246 3099 1304 3162 sibi
1338 3117 1394 3179 per

148 3219 320 3266 commune
342 3197 464 3282 Spalati
487 3199 603 3266 debeat
626 3201 798 3266 emendari.

260 3431 328 3474 GAP.
351 3431 463 3473 xnvnn.
485 3433 527 3473 DE
549 3432 673 3475 ΟΓῈἾΟῙΟ
697 3431 947 3476 ΟΑΜΕΒΔΒΙΟΒῊΗ
971 3433 1131 3475 ΟΟΜΙΌΝΙΒ
1155 3433 1294 3476 spuunt.

194 3545 275 3611 item
305 3551 461 3612 statuturo
496 3551 530 3612 el
561 3547 739 3612 ordinatum
762 3555 829 3631 est,
864 3553 949 3628 quod
980 3547 1114 3614 offitium
1150 3547 1393 3612 carcerariorum

150 3649 326 3714 communis
350 3649 472 3731 Spalati
496 3651 615 3722 debeat
637 3670 708 3717 esse
729 3652 805 3732 tale,
830 3652 995 3729 uidelicet,
1031 3653 1115 3732 quod
1146 3651 1204 3732 ipsi
1228 3652 1392 3732 camerarij

151 3759 284 3818 teneant
307 3754 442 3835 sigillum
467 3755 640 3821 conrmunis
663 3755 802 3835 Spoleti,
826 3757 872 3820 ita
895 3756 978 3836 quod
1002 3755 1265 3837 quandocumque
1286 3757 1392 3836 aliqua

155 3855 263 3920 littera
294 3855 389 3920 luerit
419 3858 589 3940 sigillantis
620 3877 676 3938 pro
708 3877 889 3933 commune,
929 3859 1085 3924 defferant
1118 3859 1254 3940 sigillum
1286 3877 1393 3924 coram

151 3965 312 4040 potestate
336 3966 369 4024 et
389 3977 494 4026 coram
518 3963 621 4026 tribus
645 3961 801 4028 iudicibus
824 3969 857 4028 et
879 3982 935 4028 sex
951 3961 1142 4045 consiliarijs
1167 3963 1328 4043 deputatis
1352 3963 1393 4026 ad

150 4065 332 4142 propositas
355 4061 565 4142 iaciendas¹⁰‚
590 4065 636 4130 ita
658 4065 744 4146 quod
767 4066 1067 4148 litteresigillande
1092 4067 1196 4149 sigillo
1220 4065 1393 4132 communis

148 4164 270 4246 Spalati
294 4167 476 4248 sigillentur
498 4169 538 4234 de
561 4185 716 4234 consensu
733 4171 901 4250 potestatis
918 4178 951 4236 et
967 4171 1123 4236 dictorum
1140 4170 1236 4234 trium
1253 4169 1391 4233 iudicum

154 4307 309 4316 *-

198 4355 290 4434 ¹Ap.
326 4359 438 4434 Ljnb.
475 4361 679 4442 „sarcierint“.
751 4357 763 4394 ²
793 4360 878 4420 Ood.
909 4363 1015 4421 acati.
1046 4363 1087 4421 B:
1119 4356 1394 4439 „spalatensium‘3

153 4462 201 4519 ap.
233 4445 363 4520 Ljub.:
401 4445 565 4526 „Spalati“.
638 4444 762 4506 ³Dacat
784 4465 831 4522 ap.
857 4447 965 4522 Ljnb.
1039 4445 1191 4508 ‘ibirlr
1224 4443 1392 4531 „quando“.

155 4528 388 4595 ⁶Ood.aead.
411 4531 454 4592 A:
480 4529 648 4608 „aliquod“.
699 4531 819 4594 6Οοιῑ.
837 4534 938 4594 acad.
953 4535 994 4594 B:
1012 4535 1219 4616 „dampnum“.
1268 4532 1279 4568 ⁷
1302 4534 1393 4595 ibid.

153 4634 241 4678 am.
313 4613 439 4678 ⁸ibid.
464 4636 489 4680 e.
513 4637 552 4678 m.
622 4615 797 4681 ”ibice
822 4639 859 4681 m.
932 4617 960 4652 ¹⁰
981 4620 1038 4696 Ap.
1063 4620 1192 4696 Ljub.:
1221 4621 1392 4705 „proposita

153 4701 317 4766 facienda“.
