3398 5354
353 402 414 464 170

647 631 715 673 OAP.
738 633 850 675 nxxnn.
872 634 914 675 nm
936 633 1121 678 mammas
1143 634 1286 678 exuam.

389 726 470 793 Item
492 731 647 794 statutum
669 735 703 795 et
725 731 905 798 ordinatum
927 737 987 818 cst,
1011 734 1096 815 quod
1118 735 1146 799 si
1168 753 1248 800 uxor
1270 733 1402 799 alicuius
1419 740 1573 801 constante

347 831 546 899 matrimonio
575 835 768 902 commiserit
796 837 940 918 aliquod¹
971 836 1170 919 maleficium,
1208 842 1342 919 propter
1374 837 1459 918 quod
1491 837 1581 906 fucrit

348 936 577 1002 condemnatu²
598 939 631 1003 in
654 939 762 1021 aliqua
784 941 963 1022 quantitate
986 943 1120 1024 pecunie
1144 941 1249 1008 danda
1273 947 1308 1006 et
1330 941 1480 1008 soluenda
1500 961 1581 1008 cunr-

350 1040 438 1104 muni
461 1038 594 1127 Spoleti,
625 1043 711 1124 quod
741 1044 873 1110 maritus
904 1045 973 1110 eins
997 1063 1060 1110 non
1091 1045 1302 1127 compellatur
1324 1046 1451 1112 soluere
1473 1046 1581 1112 dictam

349 1144 678 1212 condemnationem:
703 1148 761 1213 sed
784 1148 823 1213 de
846 1148 922 1216 dote
945 1149 1087 1215 mulieris
1110 1154 1143 1214 et
1165 1149 1311 1215 debonis
1333 1149 1434 1231 ipsius
1449 1150 1581 1216 mulieris

348 1248 586 1314 condemnatio*
607 1249 759 1316 soluatur.
792 1252 836 1316 Et
865 1253 892 1318 si
922 1253 1035 1319 mulier
1056 1271 1121 1319 non
1143 1253 1278 1319 haberet
1301 1254 1419 1336 dotem,
1449 1254 1500 1320 uel
1522 1253 1584 1320 alia

348 1351 442 1432 bono,
478 1353 518 1418 de
550 1353 664 1434 quibus
694 1360 805 1436 posset
834 1355 1018 1423 satisfacere
1052 1357 1372 1441 condemnationem,
1410 1357 1585 1424 detincuunr

349 1455 464 1520 mulier
487 1461 521 1522 et
543 1459 741 1525 custodiatur
763 1459 796 1523 in
817 1459 887 1526 loco
912 1461 1107 1542 competenti
1129 1467 1162 1527 et
1185 1479 1325 1545 congruo
1348 1472 1382 1528 et
1396 1460 1531 1528 honesto
1545 1462 1585 1527 ad

348 1577 504 1640 expensas
526 1561 627 1643 ipsius
643 1561 794 1648 mulieris,
819 1563 920 1630 donec
936 1564 1249 1633 condemnationem⁶
1262 1567 1441 1648 predictam
1458 1566 1585 1632 soluerit

350 1681 421 1729 curn
444 1663 570 1732 effectu.

536 1862 603 1906 OAP·
627 1863 736 1906 nxxw.
760 1865 802 1906 DE
824 1865 1053 1910 rnonlnomus
1076 1866 1231 1910 cmlnanns
1255 1865 1395 1910 suanm.

390 1959 470 2026 Item
493 1965 647 2027 statutum
670 1969 703 2029 et
725 1963 905 2029 ordinatum
927 1969 985 2044 est,
1020 1964 1106 2046 quod
1129 1965 1156 2030 si
1186 1964 1300 2030 ciuitas
1330 1983 1389 2030 seu
1419 1981 1583 2030 commune
1694 2027 1696 2058 ἦ

350 2061 471 2146 Spoleti
501 2065 650 2132 habuerit
680 2066 817 2150 aliquam
847 2087 996 2150 guerram
1026 2086 1098 2133 oum
1128 2067 1287 2134 extraneis
1315 2073 1349 2133 et
1370 2068 1485 2149 aliquis
1508 2067 1585 2132 ciuis
1694 2061 1696 2144 ζ

350 2167 476 2250 Spalati
506 2169 704 2236 inueniretur
730 2190 802 2239 esse
831 2171 987 2252 infidelis,
1019 2171 1071 2237 uel
1102 2171 1263 2257 proditor,
1298 2171 1352 2236 uel
1381 2171 1468 2252 qnod
1497 2171 1588 2237 daret
1694 2177 1696 2198 ¹

347 2274 431 2354 parti
461 2273 599 2354 aduerso
619 2275 805 2355 consilium,
837 2277 996 2354 auxilium,
1029 2276 1081 2342 uel
1113 2274 1266 2358 fauorem,
1298 2275 1403 2340 omnia
1425 2274 1512 2342 bona
1534 2293 1588 2340 sua
1695 2293 1696 2296 ’

349 2376 565 2444 deuoluuntnr
587 2383 620 2444 et
643 2379 830 2446 deueniant⁷
852 2381 885 2445 in
908 2398 1074 2446 commune
1097 2378 1221 2461 Spalati
1244 2385 1277 2445 et
1293 2378 1405 2445 domus
1420 2380 1489 2443 eiua
1506 2380 1588 2445 diru-

350 2485 424 2546 atur
447 2501 466 2546 a
481 2481 688 2550 fundamento
706 2492 740 2550 et·
754 2485 786 2548 in
803 2490 991 2566 perpetuum
1008 2485 1051 2549 sit
1066 2484 1139 2551 exul
1154 2489 1188 2550 et
1203 2483 1393 2550 enbannitus
1407 2502 1427 2550 a
1441 2481 1588 2550 ciuitate⁸

351 2585 490 2667 Spalati3
515 2591 549 2654 ct
571 2589 597 2653 si
620 2605 682 2668 quo
698 2594 842 2672 tempore
864 2589 1047 2670 peruenerit
1066 2589 1099 2652 in
1120 2585 1249 2654 forciam
1265 2589 1438 2654 communis
1458 2587 1588 2672 Speiad,
1694 2593 1696 2602 ⁷

345 2695 527 2770 amputetur
549 2691 609 2756 sibi
632 2698 727 2774 caput
748 2693 803 2776 ita,
828 2692 913 2774 quod
935 2694 1099 2759 moriatur.

389 2794 433 2859 Et
455 2797 480 2860 si
503 2795 618 2877 aliquis
641 2801 786 2878 tempore
808 2813 925 2879 guerre
949 2802 984 2860 et
1014 2798 1179 2863 occasione
1207 2813 1325 2879 guerre
1356 2797 1525 2862 recederet
1547 2795 1585 2862 de

307 2929 310 2935 ,
348 2897 478 2965 ciuitate
501 2896 623 2980 Spalati
654 2905 687 2967 et
715 2899 904 2968 transferret
933 2918 969 2967 se
991 2900 1033 2966 ad
1055 2900 1262 2966 habitandum
1285 2900 1327 2965 ad
1350 2899 1445 2966 aliam
1468 2905 1586 2965 terram

349 3007 383 3068 et
404 3003 575 3084 requisitus
596 3003 698 3071 fuerit
714 3025 772 3087 per
794 3011 988 3088 potestatem
1004 3010 1037 3071 et
1051 3009 1210 3071 rectorem
1227 3005 1311 3084 dicte
1326 3003 1476 3082 ciuitatis,
1501 3005 1585 3085 quod
1695 3067 1696 3070 ,

346 3104 380 3170 in
402 3109 537 3172 termino
560 3126 619 3190 per
641 3110 744 3191 ipsum
768 3116 959 3192 potestatem
982 3115 1016 3174 et
1031 3115 1186 3175 rectorem
1203 3107 1394 3176 statuendo⁹
1408 3097 1588 3174 reuertatur
1694 3157 1696 3184 f

344 3209 386 3274 ad
408 3209 617 3278 habitandum
640 3215 681 3280 ad
704 3215 865 3280 ciuitatem
889 3211 1010 3296 Spalati
1034 3219 1068 3278 et
1089 3212 1172 3278 inira
1193 3213 1297 3296 ipsum
1327 3211 1497 3277 terminum
1527 3231 1589 3278 non

345 3313 444 3380 fuerit
466 3334 615 3382 reuersus
638 3319 679 3383 ad
695 3318 855 3384 ciuitatem
873 3317 994 3400 Spalati
1010 3319 1051 3382 ad
1068 3318 1338 3383 manutenendum
1354 3333 1502 3399 guerram
1519 3332 1589 3380 cnm
1695 3371 1696 3380 ,

345 3417 417 3500 alijs
442 3419 674 3501 ciuibusdictp
699 3422 846 3498 ciuitatis,
870 3423 956 3503 quod
978 3421 1129 3504 puniatur
1150 3421 1183 3485 in
1205 3425 1332 3487 centnm
1347 3419 1438 3485 libris
1454 3426 1488 3485 et
1501 3419 1587 3485 buna

344 3540 411 3601 sua,
435 3541 498 3604 quc
521 3522 655 3592 haberet
678 3525 710 3590 in
733 3526 863 3592 ciuitate
886 3525 1007 3607 Spoleti
1030 3530 1064 3592 et
1086 3542 1144 3590 suo
1174 3523 1328 3602 districtu,
1359 3529 1532 3590 teneantur
1558 3527 1590 3588 et
1694 3545 1696 3586 ς

344 3626 409 3692 sint
437 3627 578 3711 obligata
607 3630 648 3696 ad
678 3648 777 3696 onera
807 3630 891 3711 dicte
922 3629 1077 3696 oimtatis:
1114 3629 1216 3712 saluo,
1248 3628 1334 3710 quod
1364 3627 1392 3692 si
1421 3627 1589 3710 recederat

340 3734 485 3812 tempore
507 3733 606 3814 pacis,
628 3735 669 3800 ad
693 3733 869 3816 predictam
900 3751 1015 3816 penam
1038 3733 1220 3799 nullatcnus
1243 3731 1403 3815 obligatur
1424 3730 1518 3798 nec¹⁰
1542 3735 1588 3797 te

343 3841 466 3902 neatur.

667 3981 733 4026 one.
757 3984 852 4024 nxxv.
877 3985 918 4026 nn
941 3957 1260 4026 nunonnanoaun11.

374 4068 468 4144 ‘Item
498 4084 654 4146 statutum
686 4087 719 4147 et
749 4081 928 4147 ordinatum
959 4087 1019 4157 est,
1055 4080 1139 4162 quod
1169 4079 1275 4144 nullus
1305 4077 1338 4142 in
1368 4077 1502 4144 ciuitate
1531 4081 1581 4144 uel

340 4201 452 4264 campo
485 4182 606 4265 Spalati
636 4185 755 4250 audeat
777 4185 889 4250 ludere
912 4185 952 4250 ad
976 4186 1136 4262 erardum,
1174 4183 1228 4249 uel
1250 4183 1292 4248 ad
1315 4181 1511 4248 coderonum
1533 4181 1581 4248 ucl

387 4323 398 4358 ¹
420 4326 478 4402 Ap.
502 4326 527 4385 L
531 4325 631 4403 jub.:
657 4327 852 4406 „adulterium
875 4322 934 4389 et“.
995 4324 1007 4361 ⁹
1029 4327 1115 4388 Ood.
1133 4325 1240 4386 acad.
1257 4324 1298 4382 B.
1319 4324 1585 4402 ,condempnata“.

345 4409 483 4474 ⁸ibid.:
501 4414 842 4492 „condempnationcm“.
899 4411 1035 4474 ⁴ibiu.:
1074 4409 1329 4488 condempnatio“.
1379 4407 1526 4470 ὗΟἰειιίιι
1552 4407 1582 4484 3)

345 4497 416 4560 ecr.
432 4501 451 4562 1.
468 4518 494 4560 a.
553 4497 791 4576 ⁷np.nj11o.:
818 4495 985 4577 „ueniant“.
1048 4461 1193 4560 t''roum
1221 4495 1398 4573 „ciuitaust
1463 4493 1579 4556 9οοᾱ.

340 4585 448 4648 acad.
472 4586 515 4647 A:
543 4586 624 4661 „ut“.
702 4584 731 4620 ¹⁰
755 4587 923 4670 „obligatur
945 4581 1017 4646 nec“
1043 4587 1126 4647 deest
1148 4587 1178 4644 in
1200 4585 1280 4645 cod.
1304 4583 1412 4643 acad.
1435 4581 1460 4641 B
1482 4587 1512 4643 et
1532 4600 1576 4658 ap.

341 4671 451 4749 Ljub.
524 4668 551 4706 ¹¹
573 4673 630 4749 Ap.
654 4673 780 4751 Ljub.:
807 4673 1049 4756 „arnardorum“.
