3416 5350
152 634 358 702 consuetudo
381 633 474 716 italie
491 638 525 699 et
540 633 672 700 alierum
695 631 925 714 provintiarum
946 632 1008 697 boc
1023 632 1182 708 obserant,
1206 632 1291 714 quod
1315 629 1402 696 debi-

150 743 249 804 tores
272 740 313 804 (ie
337 739 451 804 debitis
474 755 592 814 eornm,
617 737 723 802 sinon
745 742 878 817 possunt
901 736 1092 822 satisfacere,
1119 735 1325 814 banniantur,
1351 735 1400 802 uel

153 842 273 908 etiam¹
295 840 328 907 in
352 842 533 908 carceribus
556 841 691 907 detineri
716 840 861 908 debeant.

264 1069 331 1116 on.
357 1072 407 1115 ΟΧ-
430 1073 473 1114 DE
495 1071 671 1116 FRATRIBUS
695 1073 904 1116 consonemus
927 1074 1023 1116 smus
1047 1073 1288 1116 HABITAN'HBUS.

200 1187 282 1254 Item
306 1192 460 1254 statutum
483 1191 517 1254 et
539 1188 719 1254 ordinatum
749 1194 807 1262 est,
838 1189 923 1270 qnod
947 1189 973 1254 si
996 1188 1113 1254 fratres
1143 1189 1195 1253 nei
1227 1196 1392 1254 corisortes

149 1290 296 1356 babeant
316 1292 400 1359 bona
422 1293 600 1357 communia
622 1296 656 1358 et
677 1291 770 1357 simul
792 1291 945 1368 habitant,
975 1294 1060 1375 qnod
1086 1299 1257 1358 teneantur·
1280 1300 1313 1359 et
1335 1295 1398 1358 sint

153 1394 290 1479 obligati
313 1395 355 1461 ad
379 1395 636 1461 satisfaciendum
667 1397 771 1461 omnia
794 1401 827 1461 et
849 1396 973 1478 singula
996 1397 1117 1461 credita
1139 1405 1172 1462 et
1194 1397 1312 1476 debita,
1336 1415 1398 1482 quc

152 1505 232 1565 sunt
255 1503 417 1572 contrecta
439 1505 473 1566 et
494 1516 650 1565 conuersa
672 1501 704 1564 in
727 1517 924 1565 communem
947 1499 1118 1565 utilitatem
1143 1519 1263 1565 eornm.

203 1603 248 1668 Et
270 1603 297 1668 si
319 1601 438 1670 iratres
462 1604 605 1670 carnales
627 1604 681 1669 nel
703 1621 773 1669 cnm
794 1621 903 1670 eorum
927 1599 1098 1686 nepotibus
1130 1605 1223 1670 simul
1255 1605 1401 1672 habitent

154 1714 189 1774 at
211 1707 353 1774 habeant
381 1709 467 1774 bons
496 1709 672 1773 communia
694 1713 728 1774 et
751 1708 833 1774 alter
863 1726 971 1772 eornm
995 1708 1150 1774 debonis
1182 1709 1399 1776 communibus
1426 1735 1430 1744 .,

155 1812 255 1877 faciat
275 1831 431 1894 expensas
454 1818 657 1877 transeuntes
673 1809 776 1877 ultra²
798 1829 950 1877 summam
975 1813 1084 1877 decem
1108 1813 1271 1892 librarum,
1295 1813 1347 1878 uel
1364 1813 1397 1878 in

155 1917 357 1983 uestimentis
374 1923 430 1982 aut
446 1917 639 1982 ornamentis
655 1915 770 1995 uxoris,
794 1917 846 1982 uel
863 1915 933 1996 aliJ’s
950 1915 1086 1998 proprijs
1102 1916 1260 1997 expansis,
1277 1917 1395 1982 licitum

153 2020 198 2084 sit
220 2020 352 2086 cuilibet
382 2018 516 2085 iretrnrn
539 2021 591 2084 nel
614 2019 807 2085 consortium
837 2037 964 2084 suorum
989 2025 1063 2085 ante
1087 2027 1209 2102 partem
1240 2021 1394 2103 accipere,

155 2131 311 2206 quantum
341 2124 425 2190 alter
452 2141 560 2190 eorum
583 2123 770 2206 expenderit
791 2123 877 2188 ultra
900 2123 1015 2188 dictam
1046 2126 1256 2204 quantitatem
1287 2125 1397 2192 decern

153 2229 318 2294 librarum.

194 2332 259 2398 Et³
290 2333 317 2398 si
348 2332 464 2398 iratres
494 2337 551 2398 cut
581 2339 744 2398 consortes
778 2333 871 2399 simul
905 2333 1052 2398 habitent
1082 2339 1116 2398 et
1146 2333 1287 2399 babeant
1314 2335 1398 2400 bona

154 2437 294 2504 indiuisa
318 2443 351 2503 et
373 2437 486 2519 aliquis
509 2456 618 2504 eorum
641 2437 777 2504 habeat‘
800 2457 938 2514 uxorem,
970 2437 1023 2502 uel
1047 2435 1137 2513 tilios,
1162 2438 1243 2502 alins
1268 2438 1319 2503 uel
1342 2437 1395 2520 alij

151 2561 215 2608 non
244 2541 386 2608 habeant
415 2560 554 2620 uxorem,
588 2541 639 2608 uel
663 2540 754 2618 filios,
786 2547 862 2607 tunc
891 2561 1028 2622 expense
1052 2542 1113 2606 cibi
1137 2545 1171 2606 et
1193 2546 1298 2622 potus,
1332 2549 1394 2622 que

152 2644 268 2712 fierent
290 2664 348 2728 pro
371 2665 471 2712 uxore
493 2651 528 2712 et
549 2643 633 2728 fitijs,
664 2645 752 2710 nullo
782 2645 875 2711 modo
899 2646 1038 2710 debeant
1060 2645 1244 2725 computari,
1274 2643 1330 2710 sed
1355 2644 1395 2710 rle

152 2749 310 2816 communi
332 2747 419 2830 fiant,
450 2749 496 2814 ita
519 2749 602 2830 quod
626 2749 703 2813 nulli
726 2767 834 2814 eorum
858 2767 998 2830 expense
1022 2749 1160 2814 debeant
1190 2747 1393 2830 conrputari⁵.

249 2979 319 3022 on.
344 2979 406 3022 oxl.
430 2979 473 3020 DE
495 2977 742 3021 usssmwrmus
765 2980 888 3022 umnam
911 2981 945 3020 m
969 2981 1070 3021 TERRA
1094 2981 1156 3022 NON
1180 2980 1295 3022 boulen.

193 3097 276 3162 ltem
307 3099 462 3161 statutum
486 3101 520 3160 et
542 3095 720 3160 ordinatum
745 3101 802 3174 est,
835 3096 920 3177 quod
951 3095 1058 3160 nullus
1089 3097 1206 3162 debeat
1234 3096 1395 3178 pastinare

151 3200 278 3265 uinearn
300 3200 333 3264 in
355 3198 463 3280 aliqua
484 3205 582 3277 terra,
615 3217 710 3280 quam
740 3204 859 3265 terram
890 3199 1003 3282 aliquis
1034 3200 1169 3264 haberet
1199 3217 1393 3266 communem

151 3321 221 3368 curn
245 3303 353 3384 aliqua
375 3321 519 3384 persono,
550 3303 609 3368 nisi
633 3303 722 3385 prius
745 3305 816 3388 ipsa
839 3309 924 3368 term
956 3302 1118 3368 diuidatm·
1141 3303 1224 3367 inter
1247 3321 1310 3372 eos,
1336 3321 1392 3368 seu

155 3406 290 3484 termini,
323 3405 376 3471 uel
396 3405 559 3490 signaculo
581 3411 690 3472 essent
711 3406 807 3473 misse
829 3426 888 3488 per
910 3425 995 3489 ipsas
1018 3413 1127 3489 partas
1150 3407 1181 3470 in
1204 3405 1274 3487 ipsa
1296 3411 1391 3471 terra.

191 3510 237 3576 Et
265 3510 494 3586 stacederet,
526 3509 611 3591 quod
641 3511 755 3591 aliquis
778 3511 919 3592 ipsorum
943 3511 1137 3576 consortium
1163 3527 1225 3576 non
1249 3515 1336 3576 esset
1358 3507 1389 3572 in

148 3615 280 3682 ciuitate
302 3612 424 3696 Spaloti
446 3615 499 3681 nel
521 3633 579 3680 suo
602 3615 758 3692 districtu,
782 3619 816 3680 et
836 3614 901 3696 iiie,
934 3615 986 3696 qui
1011 3619 1096 3680 esset
1118 3629 1252 3695 presens
1275 3613 1390 3678 ueilet⁸

147 3718 306 3795 laborare,
330 3718 382 3784 uel
404 3718 566 3801 pastinare
587 3723 711 3800 partem
734 3736 823 3784 suam
847 3717 887 3783 de
910 3717 995 3782 dicte
1018 3723 1114 3794 terre,
1138 3717 1240 3797 ipsam
1270 3721 1388 3788 terram

147 3823 313 3904 pastinare
336 3837 400 3887 non
422 3821 533 3904 possit,
565 3823 624 3887 nisi
648 3823 734 3902 prins
758 3823 868 3888 ueniat
890 3822 932 3887 ad
955 3819 1073 3886 curiam
1106 3819 1244 3885 ciuitatis
1268 3818 1390 3901 Spalati

147 3931 181 3992 ct
203 3931 294 4008 petat
318 3925 474 3992 diuisores
497 3926 557 3992 sibi
580 3926 648 4012 dari
674 3945 730 4008 per
753 3927 871 3991 curiam
896 3925 937 3991 ad
961 3923 1165 3989 diuidendum
1189 3922 1307 3989 dictam
1328 3929 1389 3988 ter-

145 4048 214 4095 ram
232 4047 290 4095 seu
306 4029 560 4110 possessionem
577 4034 611 4096 et
625 4037 731 4095 rector
746 4035 779 4094 et
794 4027 946 4095 officiales
963 4027 1047 4108 dicte
1064 4027 1204 4093 ciuitatis
1222 4031 1389 4093 teneantur

144 4133 175 4198 ei
197 4133 277 4199 dare
301 4132 466 4218 diuisores,
490 4135 544 4216 qni
573 4133 675 4215 ipsam
707 4133 894 4199 diuisionem
925 4131 1065 4211 iaciant3
1097 4137 1129 4197 et
1159 4131 1219 4196 hoc
1248 4129 1391 4196 omnino'

147 4237 265 4304 debeat
287 4236 382 4302 scribi
403 4237 435 4302 in
456 4237 536 4304 actis
561 4255 618 4319 per
641 4237 798 4303 notarium
821 4241 973 4302 sotorum.

190 4429 521 4508 ¹Deeetap.Ljub.
620 4426 857 4490 'Deestibit
952 4425 1386 4501 ⁸Ood.acad.Betap.

144 4517 271 4596 Ljnb.:
298 4517 508 4595 „secundum‘¹.
590 4514 601 4550 ⁴
623 4515 680 4592 Ap.
704 4517 730 4575 L
736 4515 833 4592 jub:
859 4513 998 4597 „babot“.
1080 4510 1231 4574 ⁶Verba:
1257 4511 1329 4588 „sed
1351 4511 1388 4572 de

144 4601 309 4666 communi‘
333 4623 427 4680 usqne
449 4603 504 4663 ad:
530 4603 729 4686 „computari“
756 4602 862 4662 desunt
884 4617 933 4676 ap.
957 4602 981 4660 L
986 4601 1065 4678 jub.
1144 4597 1156 4634 ⁶
1177 4599 1235 4676 Ap.
1258 4599 1284 4660 L
1288 4599 1388 4676 jub:

146 4691 259 4771 „uult“.
332 4689 345 4726 ⁷
367 4691 477 4751 ibib:
504 4689 721 4773 „omnimodo“.
