3376 5392
450 679 526 721 xxv.
537 677 713 720 ansanum
724 679 763 719 nn
776 677 897 722 numero
909 676 1032 720 nonanus

400 742 433 798 dc
458 739 619 797 animalibus
643 739 847 796 conterendis
872 739 899 793 in
924 737 1085 796 anbarda.

165 847 234 915 Noa
256 847 430 934 &eptam
452 845 568 932 Mopno
592 867 654 932 pro
684 847 935 914 eccellentissimo
964 845 1070 912 duculi
1099 847 1233 912 minio
1265 847 1359 916 Vene-

118 937 243 1002 tiorum
264 955 362 1002 omnen
384 944 487 1002 terrac
508 942 536 1000 ct
559 935 689 1000 insulae.

165 1041 247 1108 Cum
270 1059 330 1108 ser.
353 1040 495 1124 liubans,
519 1041 676 1123 quondam
700 1057 760 1106 ser.
782 1036 895 1106 Ciriaci
911 1043 945 1106 et
960 1058 1020 1106 ser.
1036 1039 1179 1108 Mattbao
1202 1041 1359 1124 quondam

120 1163 187 1212 sar.
210 1145 350 1227 Obradi,
380 1144 537 1212 iudicibus
560 1145 694 1225 nostris,
725 1143 842 1210 auditis
873 1149 906 1210 et
927 1143 1095 1212 intellectis
1126 1147 1360 1230 grauaminibns

122 1266 220 1333 quam
242 1251 379 1335 plurium
401 1255 435 1318 et
457 1250 653 1317 dusmarum
683 1266 890 1332 personarum
922 1267 957 1316 se
987 1251 1244 1334 aggressionum,
1274 1252 1360 1335 quod

119 1373 183 1438 per
197 1373 306 1439 equos,
323 1373 432 1440 equas,
455 1354 564 1436 bones,
590 1354 725 1422 uaccbas
740 1355 895 1422 clusinos
910 1359 945 1420 et
959 1355 1073 1422 similia
1088 1356 1234 1423 animalia
1248 1376 1360 1442 grossa

123 1467 159 1528 et
183 1461 277 1528 etiam
299 1461 420 1526 minuta
441 1459 473 1526 in
492 1458 672 1526 Lombarda
694 1465 727 1526 et
748 1477 859 1543 campo
881 1459 1079 1528 Lombardas
1094 1461 1290 1544 pascnlantia
1312 1461 1359 1528 in-

120 1566 270 1635 feruntur
292 1565 433 1649 quotidie
455 1564 517 1632 sibi
540 1564 654 1631 damna
675 1564 708 1630 in
731 1583 840 1632 corum
863 1564 972 1646 vineis,
997 1565 1037 1632 de
1060 1565 1173 1648 quibus
1192 1568 1286 1634 etiam
1309 1587 1359 1636 re·

120 1673 258 1756 cipimus
280 1670 429 1737 salarium
451 1675 609 1752 nostrum3
632 1675 803 1754 propterea
824 1669 985 1753 petierunt
1007 1671 1048 1738 de
1070 1677 1247 1756 opportuno
1269 1671 1358 1740 iusti-

67 1809 80 1832 ι
120 1777 191 1844 tiae
213 1775 354 1844 remedio
376 1775 545 1843 subueniri.

172 1882 394 1966 Quapropter
414 1900 473 1949 nos
496 1899 602 1949 comes
632 1898 703 1947 curn
733 1879 884 1964 praelatis
915 1879 1072 1948 iudicibus
1101 1881 1220 1948 nostris
1250 1882 1361 1950 habita

121 1986 189 2053 fide
213 1987 253 2054 de
275 1987 408 2066 domnia,
433 2004 495 2070 que
517 1984 657 2068 quotidie
680 1985 858 2052 inferuntur
879 1985 912 2050 in
928 1985 1018 2052 dictis
1034 1987 1133 2052 vineis
1149 1987 1249 2070 campi
1268 1987 1360 2055 Lorn-

121 2094 246 2160 bardas
260 2111 318 2176 per
343 2091 561 2176 suprascripta
575 2091 737 2158 animalia:
756 2091 969 2175 terminamus,
985 2093 1227 2173 pronunciamus
1242 2099 1275 2158 st
1289 2111 1359 2159 sen-

123 2197 307 2281 tentiamus,
331 2199 417 2280 quod
431 2197 497 2263 ulla
511 2215 648 2280 persona
670 2197 894 2279 cuiuscumque
915 2195 1033 2278 modus
1048 2203 1082 2263 et
1096 2197 1282 2264 conditionis
1298 2198 1360 2264 eni-

124 2308 203 2387 stat‚
226 2321 287 2370 non
320 2303 436 2368 audeat
464 2303 518 2368 uel
546 2305 728 2384 praesumat
755 2301 820 2367 ullo
851 2317 999 2382 umquam
1030 2306 1172 2386 ternpore
1202 2307 1266 2366 tarn
1291 2320 1361 2368 cum

124 2407 283 2493 custodia,
300 2426 394 2490 quam
410 2408 488 2486 sine,
507 2407 690 2490 permittere
705 2407 832 2488 aliquod
848 2406 963 2472 animal
978 2423 1122 2488 grossum
1139 2405 1361 2488 cuiuscumque

123 2515 259 2598 generis,
274 2513 325 2580 uel
342 2512 481 2596 permitti
496 2511 600 2580 iacere
615 2513 734 2580 intrare
749 2512 781 2578 in
797 2511 914 2578 dicturn
930 2531 1073 2594 campum
1088 2510 1288 2578 bombardae
1303 2530 1361 2594 pro

121 2617 328 2704 pascnlando
350 2619 402 2683 uel
425 2617 607 2698 habitando,
631 2635 692 2686 non
716 2615 921 2700 intelligendo
944 2635 1001 2700 per
1023 2616 1190 2682 transitum
1214 2633 1283 2680 curn
1305 2633 1361 2697 pa·

123 2732 219 2792 trono
243 2741 309 2803 suo,
332 2723 510 2806 incipiendo
533 2743 553 2790 a
574 2723 667 2790 vinea
691 2723 833 2790 Radiuoc
863 2721 1047 2802 Boroeuicb,
1071 2739 1133 2802 qua
1160 2719 1303 2804 pergitur
1330 2719 1362 2784 in

123 2829 281 2907 Pernixal‚
297 2829 444 2910 usquein
460 2827 553 2895 finem
568 2829 667 2912 ipsius
683 2829 784 2910 campi
799 2827 997 2893 Lombardoe
1012 2845 1031 2892 a
1047 2843 1241 2908 quocumque
1261 2824 1362 2890 latere

123 2933 225 3018 ipsius
248 2933 349 3015 campi
373 2933 431 2999 sub
454 2951 557 3016 poena
579 2933 716 3016 iperperi
732 2931 824 2999 unius
839 2951 896 3016 pro
914 2931 1055 3014 quolibet
1070 2928 1315 2995 contrafaciente
1330 2933 1363 2994 et

125 3037 268 3121 qualibet
280 3038 349 3104 uice
361 3056 419 3120 pro
433 3035 573 3119 quolibet
586 3037 711 3103 animali
727 3055 837 3120 grosso
861 3043 895 3102 et
917 3035 1001 3118 quod
1013 3053 1103 3124 nemp
1116 3033 1287 3116 permittat,
1311 3032 1363 3100 uel

125 3143 269 3226 permitti
291 3141 386 3208 iaciat
401 3143 520 3207 intrare
543 3141 690 3208 animalia
707 3143 827 3206 minuta
848 3142 880 3205 in
903 3139 986 3205 dicto
1011 3157 1120 3222 campo
1139 3144 1175 3203 ut
1191 3156 1287 3220 supra
1303 3139 1360 3204 sub

124 3267 230 3332 poena
253 3248 470 3330 iperperornrn
494 3247 640 3328 quinque,
654 3243 831 3311 diuidendis
847 3245 957 3326 poenis
976 3242 1144 3326 praedictis
1168 3244 1250 3310 inter
1266 3243 1362 3309 domi-

123 3371 199 3418 num
216 3352 370 3428 comitem,
395 3355 611 3416 accusatorem
623 3353 656 3417 et
677 3369 841 3417 commune
866 3347 1038 3426 Curzulae;
1074 3367 1134 3413 non
1158 3347 1363 3430 intelligendo

124 3463 233 3524 tamen
245 3457 277 3522 im
301 3456 362 3522 boc
376 3463 409 3521 et
422 3455 495 3520 huic
506 3455 718 3522 terminationi
730 3467 858 3522 nostrae
874 3454 1038 3520 subiacere
1053 3454 1211 3520 incautum
1228 3453 1360 3519 Rassan.

167 3561 333 3628 Publicata
347 3563 398 3628 die
414 3559 576 3628 Dominica
602 3559 704 3643 xxviij.
729 3559 845 3641 Aprilis
867 3557 1025 3624 Mocccliv.
1059 3557 1276 3641 praesentibus
1300 3575 1360 3621 ser.

124 3667 252 3734 Marino
274 3665 441 3745 Baronich‚
466 3684 525 3732 ser.
549 3665 646 3732 Petro
669 3684 698 3748 q.
723 3663 859 3742 Obradi;
883 3683 943 3730 ser.
967 3662 1086 3730 Jacobo
1103 3660 1274 3741 catherini,
1300 3679 1359 3728 ser.

123 3771 241 3840 Paride
264 3789 293 3853 q.
318 3791 378 3838 ser.
402 3769 530 3853 Antonij
555 3777 588 3836 et
610 3771 682 3852 alijs
705 3788 800 3850 quam
823 3769 973 3852 pluribus.

124 3893 136 3906 ·
168 3877 324 3944 Antonius
358 3895 389 3958 q.
427 3875 542 3942 domini
566 3875 688 3942 Paridis
717 3874 858 3940 notarius
888 3881 921 3938 et
943 3871 1150 3938 cancellarius
1179 3867 1301 3936 extraxi
1324 3887 1362 3933 ex

122 3983 206 4049 libro
229 3981 391 4066 regiminis
413 3979 569 4066 magnifici
594 3981 709 4046 domini
734 3977 886 4061 Stephani
910 3977 1026 4061 Magno
1049 3981 1082 4042 et
1104 3977 1136 4041 in
1161 3973 1252 4040 fidem
1271 3991 1361 4054 prae·

125 4087 293 4156 missorum
317 4105 368 4154 me
391 4086 573 4168 subscripsi.

501 4265 589 4308 xxvn.
613 4264 747 4306 urrunnu
769 4263 900 4308 nunms
923 4250 990 4314 η’,

268 4327 302 4384 de
320 4327 473 4398 cauallerio,
491 4343 540 4384 seu
559 4328 632 4383 socio
650 4327 735 4382 milite
753 4343 803 4396 per
822 4332 941 4382 rectores
959 4341 1013 4380 non
1032 4319 1215 4379 conducendo.

166 4435 330 4503 Paschulds
353 4435 531 4522 Malipctro,
554 4433 616 4499 Do·
635 4435 742 4518 pratia
765 4433 830 4497 duc
861 4429 1058 4496 Vocontiorum
1080 4437 1133 4493 etc.

167 4541 336 4608 Nobilibus
358 4546 392 4607 et
412 4539 608 4624 sapientibus
643 4539 718 4604 viris
741 4537 906 4604 Dominico
928 4537 1035 4602 Leono
1066 4535 1106 4602 de
1134 4549 1191 4600 suo
1213 4527 1361 4596 mandato

126 4647 232 4715 comiti
256 4645 412 4712 Curzulac
434 4650 466 4713 et
488 4644 722 4712 successoribus
751 4643 816 4710 suis
846 4640 992 4707 fidelibus
1023 4638 1148 4706 dilectis
1171 4635 1305 4704 salutem
1329 4637 1362 4700 et

127 4751 304 4820 dilectionis
327 4747 482 4819 affectum.
