3396 5402
382 433 443 500 lat

379 642 449 708 miti
470 639 635 722 curandae,
659 645 815 722 quotenus
836 642 984 708 tencatur
1005 644 1040 707 ct
1062 636 1178 708 debeat
1198 637 1267 722 ipse
1288 641 1321 707 at
1342 655 1540 707 successores
1559 636 1599 705 sni

380 745 440 814 sub
462 764 567 830 poena
590 745 742 812 librarum
763 749 889 814 centum
918 745 951 811 in
979 745 1045 812 suis
1073 749 1107 812 et
1129 763 1258 811 suorum
1284 761 1503 812 successorum
1523 742 1599 811 bonis

379 851 515 936 proprijs
537 869 645 918 omnes
668 851 843 917 sententias
865 855 898 917 et
919 854 1009 916 actus
1033 849 1142 916 clariles
1164 849 1279 936 facua,
1302 855 1368 916 mm
1389 868 1448 934 per
1469 865 1600 932 praeces

378 973 467 1024 sores
486 974 577 1036 suos,
601 973 695 1038 quam
717 973 775 1038 per
803 955 907 1040 ipsum
936 955 1109 1022 obseruare
1140 954 1251 1037 exequi
1281 961 1314 1022 et
1335 952 1545 1022 effectualiter
1567 954 1601 1021 ad

375 1060 524 1144 litteram,
555 1066 651 1144 prout
672 1061 776 1128 iacent
797 1059 934 1140 mittere,
966 1066 999 1126 et
1020 1061 1103 1127 mitti
1125 1057 1230 1127 iacere
1252 1060 1437 1141 executioni,
1465 1058 1600 1142 quemad·

377 1165 505 1234 modum
527 1185 566 1234 cx
586 1164 690 1234 forma
711 1183 788 1232 suae
804 1164 1030 1232 commissionis
1051 1163 1158 1232 facere
1171 1170 1320 1232 tenentur
1342 1170 1377 1232 et
1397 1165 1524 1248 debent,
1549 1182 1601 1230 non
1666 1199 1668 1256 4

379 1270 535 1357 obsianis,
554 1270 639 1354 quod
655 1270 697 1338 de
711 1269 803 1338 dictis
818 1269 992 1354 sententijs
1008 1276 1064 1338 aut
1078 1271 1159 1336 actis
1178 1269 1323 1338 ciuilibus
1337 1269 1423 1337 lacta
1432 1269 1547 1336 luisset
1557 1271 1602 1334 eut
1666 1289 1668 1424 1

378 1372 472 1442 lieret
493 1374 599 1457 aliqua
620 1375 791 1458 appellatio
806 1373 967 1462 Venetijs3
991 1393 1054 1442 non
1070 1373 1253 1459 derogando
1268 1381 1439 1459 propterea
1452 1373 1598 1456 aliquibus

378 1479 645 1564 appellationibus
668 1478 769 1560 iactis,
794 1485 851 1546 aut
872 1477 985 1546 fiendis
1000 1480 1127 1548 edictis
1150 1481 1327 1564 sententijs,
1350 1481 1419 1547 siue
1441 1479 1523 1546 acus
1538 1478 1600 1544 doi-

379 1583 472 1664 libus,
496 1590 531 1654 vt
553 1603 658 1668 supra
681 1583 725 1652 Et
747 1585 793 1652 sic
815 1585 856 1652 ad
878 1584 1017 1653 futuram
1038 1585 1221 1653 memoriam
1249 1586 1284 1652 in
1306 1586 1384 1654 actis
1406 1582 1602 1652 cancellariae

380 1687 537 1757 ceraulae
560 1689 656 1758 scribi
679 1693 712 1756 et
733 1691 880 1757 annotari
901 1689 1007 1758 facere
1027 1691 1266 1758 mandaberunt.

377 1895 444 1956 qna.
461 1895 541 1941 uxor.
568 1896 650 1940 cano
665 1895 848 1940 annnuarrur
862 1897 1068 1942 nnsnaunuus
1082 1897 1185 1944 sanna
1199 1897 1344 1942 umens
1357 1871 1600 1941 moannumarrs.¹

420 1995 502 2064 Item
523 1997 556 2062 in
580 1995 691 2063 eodem
713 1996 844 2064 consilio
867 1996 919 2064 die
941 1999 1086 2080 sequenti
1107 1997 1230 2066 decima
1251 1999 1387 2081 septima
1408 1995 1528 2064 mensis
1547 1993 1600 2060 ln
1667 2057 1668 2078 ἓ

379 2102 473 2186 gund,
495 2101 549 2168 vbi
571 2119 681 2185 supra,
709 2122 797 2172 more
824 2105 918 2173 solito
949 2106 1136 2191 coadunato,
1169 2109 1296 2186 captum
1318 2101 1379 2168 fuit
1399 2121 1458 2186 per
1479 2100 1601 2168 baliolas
1666 2079 1668 2180 1

380 2207 462 2273 xxix.
492 2225 556 2274 non
588 2208 786 2278 obstantibus
816 2210 942 2278 ballntis
969 2211 1043 2296 xxij,
1073 2209 1107 2276 in
1129 2209 1320 2278 walnarium
1341 2206 1496 2290 repertis,
1529 2203 1601 2288 qnod
1666 2249 1668 2308 4

379 2312 484 2378 omnia
506 2317 699 2381 monumenta
720 2318 754 2382 et
769 2314 900 2382 vltimae
917 2316 1098 2382 voluntates
1113 2330 1382 2398 quorumcumque
1396 2310 1600 2380 deiunctomm
1666 2317 1668 2400 i

378 2421 523 2500 tempore
545 2419 705 2500 proximae
726 2419 931 2487 mortalitatis
953 2422 1164 2504 praeteritae,
1187 2419 1373 2486 releuantur
1394 2437 1466 2485 com
1488 2416 1550 2482 illis
1563 2421 1600 2481 te
1666 2477 1668 2496 q

378 2521 490 2604 stibus,
514 2521 569 2604 qui
591 2541 664 2591 sese
685 2523 893 2609 reperqem'nt.
922 2525 966 2592 Et
988 2526 1034 2592 sic
1047 2525 1088 2592 de
1102 2530 1230 2592 caetcro
1254 2523 1387 2610 singulis
1407 2521 1600 2608 temporibus,

378 2632 523 2712 tompore
537 2628 739 2697 mortalitatis
761 2630 984 2716 obsementur;
1007 2650 1046 2698 eo
1068 2630 1142 2713 quia
1170 2635 1269 2699 testes
1294 2635 1442 2696 recusant
1464 2627 1507 2695 ad
1527 2624 1600 2692 infir·
1666 2695 1668 2732 r

377 2733 525 2813 morire,
556 2733 630 2815 quia
660 2751 752 2802 casus
781 2740 830 2802 est
851 2734 1010 2818 somnitus,
1039 2736 1072 2802 in
1094 2736 1219 2804 casibus
1240 2733 1458 2800 infirmitatum
1480 2731 1600 2799 lebrinm
1666 2733 1668 2818 ξ

377 2836 600 2920 pestiferorum
615 2840 755 2924 regimen
770 2839 870 2924 possit
885 2841 1064 2925 prouidere,
1088 2841 1214 2924 quando
1229 2840 1320 2924 quasi
1335 2857 1445 2907 omnes
1460 2837 1502 2906 dc
1516 2834 1599 2904 casali
1666 2855 1668 2922 t

378 2941 583 3010 infirmantur.
1666 2925 1668 2960 ³

378 3149 446 3194 OAP·
468 3151 563 3194 OXOH·
586 3151 703 3194 VENE'H
725 3149 931 3196 'PRAOTBM‘UB
952 3151 1124 3210 cusum,
1147 3150 1235 3196 moun
1257 3151 1435 3197 cumanum
1456 3150 1599 3196 vannus·

421 3249 501 3317 Item
523 3250 556 3316 in
578 3251 690 3318 eodem
713 3249 841 3318 consilio
862 3256 988 3336 captum
1016 3251 1078 3317 luit
1105 3257 1139 3318 et
1160 3253 1324 3319 obtentum
1347 3253 1472 3318 nemina
1496 3252 1597 3318 macro
1667 3311 1668 3350 ᾗ

377 3359 484 3437 pante,
510 3355 594 3436 quod
618 3373 728 3424 omnes
750 3355 865 3424 Veneti
880 3362 914 3423 et
929 3357 1073 3440 Venetijs
1096 3356 1275 3424 habitantes
1296 3361 1475 3424 tractentur
1488 3349 1520 3422 in
1533 3353 1599 3422 Gur·
1667 3357 1668 3428 i

375 3458 448 3524 unda
470 3477 527 3542 pro
550 3457 743 3528 Ourzrdense
765 3461 798 3526 in
811 3462 965 3541 omnibus,
988 3461 1069 3530 siout
1085 3459 1254 3528 Cnrznlani
1269 3465 1446 3529 tractantur
1462 3459 1597 3542 Venedjs,
1666 3445 1668 3526 i

372 3579 436 3629 non
458 3563 604 3631 obstante
627 3563 654 3630 si
676 3583 743 3648 qua
765 3583 841 3648 pars
863 3567 1058 3649 reperiretur
1080 3567 1113 3632 in
1135 3568 1329 3634 contrarium
1350 3566 1495 3650 loquens.

412 3777 479 3821 GAP·
504 3779 609 3828 0thOE.
634 3781 838 3824 cononum
861 3783 918 3826 1²30
941 3782 1043 3826 ΝΜΟ
1065 3713 1305 3827 accumbamus
1326 3781 1446 3845 SOIMA
1467 3779 1571 3825 Pom·
1667 3833 1668 3838 ¹

420 3875 588 3946 Millesimo
619 3879 931 3963 quadringentesimo
962 3880 1112 3964 vigesimo
1143 3899 1236 3958 nono,
1271 3881 1443 3949 indictione
1467 3879 1596 3963 sepb’mn,

377 3981 430 4050 dic
451 3983 606 4066 vigesima
628 3985 730 4068 prima
751 3984 948 4053 Novembris.
986 3986 1030 4052 Et
1060 3987 1160 4068 primo
1183 3987 1258 4054 dum
1280 3986 1379 4069 aliqui
1401 3984 1597 4052 Ournulcnses

375 4087 580 4171 reperiuntur
601 4090 801 4158 condemnati
824 4093 989 4160 occasione
1012 4089 1088 4157 furti
1107 4091 1290 4158 animalium
1306 4093 1339 4157 in
1354 4091 1508 4174 elapsum
1529 4086 1597 4154 vnde

376 4192 490 4258 merito
514 4195 686 4261 secundum
708 4194 842 4262 formam
858 4195 1058 4263 statutorum
1080 4195 1288 4278 perdiderunt
1309 4195 1415 4276 fidem,
1438 4201 1474 4262 et
1496 4198 1596 4262 statum

376 4296 504 4364 honoris
528 4297 577 4364 sui
599 4300 733 4380 gradus3
758 4308 790 4367 et
813 4320 871 4382 per
893 4306 1016 4367 tantum
1039 4300 1221 4368 ordinatum
1243 4307 1277 4367 et
1300 4299 1460 4368 firmatum
1483 4305 1532 4367 est
1550 4313 1596 4380 per

375 4403 631 4484 praenominatos
647 4405 754 4487 vigore
771 4424 880 4471 eorum
895 4405 1103 4486 auctoritatis,
1128 4406 1214 4488 quod
1229 4405 1363 4488 quilibet
1377 4406 1595 4488 praedictorum

377 4506 654 4572 condemnatorum
670 4509 798 4574 valeant
812 4510 853 4575 ad
869 4529 977 4575 eorum
993 4511 1160 4594 pristinum
1176 4517 1295 4578 statum
1309 4509 1439 4578 honoris
1455 4515 1490 4578 et
1505 4523 1596 4577 casnm
1666 4565 1668 4568 .

375 4611 479 4678 redire
502 4611 562 4678 boc
583 4613 686 4694 modo,
709 4614 873 4692 videlicet3
896 4616 982 4697 quod
1004 4615 1031 4681 si
1054 4613 1150 4682 fuerit
1172 4617 1286 4684 nobilis
1303 4620 1338 4682 vt
1353 4633 1450 4698 supra
1465 4615 1593 4683 condem·
1635 4603 1637 4616 '

422 4751 435 4789 ¹
457 4755 500 4816 Oi.
516 4771 604 4832 snpra
618 4773 692 4832 cap.
709 4755 847 4820 CXLVII.
865 4757 1029 4818 Reform.
