3388 5356
1299 477 1365 544 299

133 686 208 752 testis
222 705 296 748 uuus
312 687 370 748 tide
385 689 491 765 dignus
506 689 642 748 credatur
656 705 750 764 usque
764 689 803 749 ad
818 705 939 766 grossos
954 687 1116 753 duodecim.
1161 707 1190 766 p.
1208 689 1257 750 79.

132 771 292 854 testificatio
307 791 366 834 uon
378 775 554 851 suscipiatur
564 777 603 836 ab
614 777 768 851 yperperis
780 776 881 836 decem
893 793 992 854 supra,
1005 781 1127 851 excepto
1139 791 1210 836 casu
1221 775 1367 850 rationum

206 865 397 936 patronorum
412 879 447 921 ac
463 865 622 936 pastorum.
668 879 698 938 p.
717 865 766 924 79.

132 944 292 1028 teubfiuotio
315 951 418 1008 eontm
432 952 578 1007 mortuum
593 949 711 1023 quando
727 949 765 1008 sit
779 948 888 1010 valida.
933 967 963 1025 p.
981 951 1031 1010 96.

131 1031 242 1095 latim
264 1033 388 1094 duorum
401 1035 536 1110 probatio
547 1035 577 1094 in
593 1035 723 1110 qualibet
738 1052 829 1095 causa
844 1034 922 1096 civili
937 1040 966 1096 et
981 1033 1122 1094 criminali
1133 1033 1219 1110 plene
1231 1031 1365 1094 sufficiat.

131 1209 218 1284 aas,
242 1207 299 1266 nisi
314 1207 421 1284 vocati,
438 1223 496 1266 uon
512 1209 708 1283 acceptentur.
755 1225 784 1284 p.
801 1209 852 1272 96.

12 1311 14 1370 Q
131 1297 219 1370 tata,
237 1293 288 1368 qui
305 1309 371 1353 esee
388 1311 447 1352 non
461 1293 584 1369 possint.
629 1311 659 1370 p.
678 1296 727 1355 15.
745 1297 795 1355 35.

12 1399 13 1404 ’
130 1383 211 1441 tata
225 1397 280 1455 pro
295 1380 429 1456 cognatis
445 1379 642 1440 testimonium
657 1380 812 1456 perhibere
827 1399 885 1441 non
901 1379 1024 1457 possint.
1070 1397 1098 1458 p.
1120 1383 1167 1442 15.
1187 1383 1236 1442 35.

12 1491 14 1526 t
130 1465 244 1527 testium
266 1465 459 1542 adjudicium
475 1466 574 1526 venire
589 1468 785 1527 recusantium
800 1485 905 1543 poena.
951 1485 981 1543 p.
999 1471 1028 1531 5.

12 1557 13 1618 ]
129 1556 210 1614 bata
224 1553 253 1611 in
269 1569 360 1612 eausa
370 1551 517 1612 homicidii
529 1554 633 1630 vocati,
650 1554 751 1614 venire
765 1555 812 1614 vel
824 1555 1020 1614 testimonium
1031 1555 1173 1630 praebere
1185 1557 1364 1632 recusantes,

205 1640 349 1714 quomodo
365 1639 532 1715 puniantur.
576 1655 606 1714 p.
624 1641 674 1700 26.

12 1691 13 1696 ¹
130 1721 317 1803 kabficuntee
335 1729 437 1786 contra
454 1741 609 1784 commune
623 1727 770 1802 quomodo
785 1727 951 1803 puniantur.
996 1745 1025 1802 p.
1043 1729 1092 1786 46.

12 1831 13 1884 t
127 1811 243 1873 testium
267 1811 341 1872 false
356 1813 527 1871 testantium
541 1829 645 1886 poena.
690 1831 722 1888 p.
738 1815 767 1874 5.

129 1897 208 1960 ureb
229 1898 335 1958 falsum
357 1897 553 1958 testimonium
576 1899 685 1978 diceus,
708 1901 843 1960 restituat
865 1899 1012 1978 damnum,
1039 1899 1145 1976 perdat
1166 1897 1319 1958 veritatem
1340 1901 1369 1956 et

12 2013 14 2066 1.
207 1984 385 2044 credentiam
400 1987 430 2044 et
445 2002 494 2043 xv.
511 2001 667 2060 yperpera.
712 2003 741 2061 p.
761 1989 809 2048 10.
828 1989 878 2050 31.
895 2003 939 2062 sq.

12 2067 14 2106 l
128 2065 215 2131 thoda
236 2089 293 2130 non
309 2070 491 2131 extrahatur.
536 2089 565 2147 p.
584 2074 656 2132 213.

12 2163 14 2250 l
128 2151 214 2218 thoda
236 2156 489 2257 uon-extrahatur
510 2174 565 2234 per
579 2157 719 2236 forenses,
743 2161 817 2220 bene
831 2163 930 2219 tamen
951 2175 1005 2234 per
1020 2157 1212 2219 Currulenses
1228 2175 1293 2216 cum
1308 2157 1369 2216 suis

127 2243 406 2477 ίὴιᾶαιῢῗιὲξαοῐίξ
425 2246 591 2390 {guribus
621 2331 725 2390 iterum
746 2335 863 2392 vetatur
885 2334 940 2393 sub
965 2331 1068 2408 poenis
1090 2331 1184 2408 ipsam
1207 2329 1368 2390 amittendi.

209 2434 237 2491 p.
322 2433 388 2491 21-

12 2513 14 2558 l
126 2505 243 2562 tortura
265 2503 383 2578 quando
399 2503 481 2562 omia
496 2501 539 2562 uti
554 2503 656 2578 possit.
701 2522 731 2579 p.
749 2507 800 2565 63.

127 2587 300 2689 &ambarum
315 2589 450 2666 quisque,
463 2589 514 2664 qui
525 2591 677 2667 receperit,
691 2594 839 2665 presentet
850 2595 879 2650 et
887 2590 1038 2666 consignet
1046 2590 1128 2650 iuxta
1137 2589 1369 2650 commissionem

129 2674 472 2836 trmtgdlirlngwpucffuniald'
489 2678 688 2822 ἐέηἱιοάυηῒὺι·
708 2763 916 2823 communitati.
962 2781 991 2838 p.
1018 2765 1088 2824 178.
1113 2780 1177 2842 sq.;
1211 2763 1282 2821 181.
1307 2777 1367 2838 sq.;

210 2850 286 2926 1953
311 2851 373 2908 217
389 2865 453 2926 sq.;
471 2850 542 2908 234.

13 2977 15 2984 -
126 2933 290 2996 treateea'mi
312 2934 457 2994 absolutio
472 2951 531 2994 non
546 2935 720 2996 conceditur.
765 2952 794 3012 p.
813 2938 884 2996 141.

127 3017 312 3100 Quintum
333 3020 456 3095 quilibet
470 3021 565 3096 possit
579 3033 685 3101 emere,
702 3022 840 3098 colligere
855 3027 885 3081 et
899 3026 1008 3082 tenue.
1024 3039 1053 3097 p.
1071 3023 1122 3082 94.

14 3095 16 3160 l
126 3101 263 3168 triremes
296 3107 455 3166 armandum
483 3107 522 3166 ad
550 3125 681 3167 normam
719 3109 812 3183 partis
841 3113 946 3183 captae
974 3108 1004 3168 in
1035 3108 1156 3168 consilio
1178 3106 1369 3182 Rogatorum.

207 3211 237 3268 p.
257 3195 329 3256 163.
347 3209 393 3268 sq.

126 3276 256 3341 aeremia
287 3279 432 3339 mmauda
454 3279 492 3339 ab
514 3279 624 3356 insula,
648 3279 677 3339 in
701 3297 761 3355 qua
783 3281 896 3342 nobiles
918 3281 977 3340 siut
998 3279 1187 3357 supraoomiti
1210 3281 1240 3338 et
1261 3277 1369 3353 reliqui

15 3443 16 3448 ἵ
205 3365 349 3426 officiales
364 3383 401 3426 er
418 3367 538 3440 populo.
583 3384 612 3442 p.
631 3369 702 3427 192.

15 3453 17 3496 ;
126 3449 312 3514 turcimunus
328 3471 347 3512 a
361 3451 467 3512 comite
481 3452 608 3528 eligatur
623 3469 697 3512 unus
713 3453 749 3512 de
764 3455 884 3529 populo.
929 3471 959 3530 p.
978 3455 1050 3514 237.

15 3519 17 3590 T
126 3541 236 3600 tuwrea
250 3539 411 3617 iuuenibus,
429 3539 583 3598 insensatis
598 3557 633 3600 ac
650 3539 764 3600 feminis
780 3539 829 3598 det
844 3539 983 3616 regimen.
1000 3557 1030 3616 p.
1048 3542 1098 3602 45.

692 3679 736 3750 U.
760 3679 805 3749 V.

126 3801 160 3860 ad
173 3817 305 3862 usuram
325 3817 410 3859 nemo
425 3801 475 3859 det
491 3815 585 3874 neque
599 3797 722 3874 recipiat
737 3799 881 3860 denarios.
927 3815 957 3874 p.
975 3800 1025 3859 24.
1044 3801 1098 3858 43.

129 3885 215 3947 used
237 3887 326 3946 occisi
342 3903 495 3946 commune
510 3886 615 3945 debeat
630 3883 795 3960 providere.
840 3901 869 3959 p.
887 3885 915 3945 5.

127 3970 309 4035 uuacelumcn
332 3975 496 4032 cumuletur
510 3989 564 4046 per
580 3971 719 4046 regimen,
736 3987 880 4044 nemoque
895 3970 1091 4030 vascelamina
1106 3969 1248 4030 devastet.
1273 3985 1303 4043 p.
1318 3969 1369 4028 90.

128 4056 340 4120 saccelluminu
363 4057 535 4118 barchizans
554 4062 686 4132 tempore
707 4057 918 4116 vindemiarum
938 4061 1080 4131 quantum
1102 4056 1232 4132 recipere
1255 4055 1370 4114 debeat.

127 4229 253 4293 corditio
276 4231 494 4307 possessionum
508 4229 757 4306 perpropinquus
774 4229 867 4304 possit
882 4229 1059 4304 recuperari.
1104 4245 1134 4303 p.
1151 4229 1203 4286 45.

127 4314 309 4379 omditiouea
331 4317 471 4376 mercium
487 4333 552 4375 cum
567 4316 697 4392 pondere
712 4315 839 4374 civitatis
855 4313 935 4375 fiant.
981 4332 1009 4390 p.
1029 4317 1079 4374 70.

133 4397 233 4465 Veneti
254 4407 416 4464 tractentur
431 4403 582 4480 Carsulae,
600 4403 675 4462 sicut
690 4403 846 4462 Ouraulani
861 4401 1000 4463 venetiis.
1045 4419 1074 4476 p.
1093 4403 1163 4459 126.

127 4487 286 4552 audoene
308 4492 356 4550 vel
378 4490 525 4566 scapilans
547 4505 622 4548 unus
644 4505 681 4548 er
699 4487 849 4565 judicibus
871 4488 1030 4547 maioribus
1052 4503 1209 4562 personam
1229 4484 1368 4560 aliquam,

207 4577 354 4651 quomodo
369 4577 517 4652 puniatur.
561 4593 590 4651 p.
607 4578 656 4635 29.

129 4658 309 4738 verberetur,
343 4681 401 4722 non
428 4662 539 4722 habens
565 4665 665 4738 testes,
692 4659 839 4735 quomodo
867 4661 1007 4735 probetur
1032 4658 1247 4718 accusationem
1274 4671 1367 4716 suam.

209 4767 238 4824 p.
256 4751 306 4810 58.
