3416 5350
307 381 369 444 136

302 581 452 662 ciuitatis,
475 583 537 648 nisi
560 581 709 665 proptar¹
731 579 962 665 infirmitatem,
985 583 1039 649 uel
1065 583 1161 650 eliam
1182 584 1299 651 iustum
1321 601 1464 664 oausam,
1488 601 1552 666 que

191 705 193 708 ’
301 686 447 769 legitime
470 685 622 752 fueritin
645 686 761 754 iuditio
783 687 1004 798 comprobata,
1027 705 1092 754 non
1114 688 1256 770 pomerio
1277 689 1311 754 in
1333 687 1447 754 iuditio
1469 705 1554 755 oom-

323 807 427 856 arere.

300 808 321 872 p
349 899 383 966 Si
402 919 480 967 uero
503 918 539 966 se
563 901 786 970 absentauerit
809 907 884 984 post
906 867 1090 970 citationem
1107 903 1148 969 de
1165 922 1203 971 ao
1218 902 1347 983 factam,
1371 909 1450 968 tunc
1470 901 1554 967 dicta

303 1003 420 1071 dilatio
444 1003 504 1072 sibi
527 1005 598 1071 dari
621 1023 685 1072 non
710 1005 837 1086 debat,
867 1007 929 1074 nisi
952 1007 1021 1073 sola
1043 1007 1159 1072 dilatio
1191 1007 1279 1074 dicta
1299 1007 1398 1072 trium
1423 1006 1552 1084 denum,

304 1125 367 1190 que
399 1107 432 1172 in
462 1107 547 1174 dicto
576 1108 684 1176 bando
711 1107 810 1176 fuerit
840 1111 1013 1194 assignata,
1051 1111 1128 1192 quia
1150 1111 1176 1177 si
1199 1115 1275 1196 post
1304 1112 1489 1179 citationem
1517 1125 1553 1174 se

304 1210 534 1292 absentauerit,
559 1212 825 1294 presumendum²
843 1219 902 1296 est,
926 1215 1012 1296 quod
1029 1231 1064 1282 se
1081 1216 1302 1286 absentauerit
1319 1215 1433 1284 timore
1453 1213 1553 1279 malo·

306 1311 367 1397 fioij
391 1331 450 1396 per
471 1332 544 1382 eum
567 1317 735 1384 commissi.
1682 1381 1684 1394 .

350 1423 384 1492 Si
414 1444 492 1493 uero
522 1433 699 1514 accusatus,
731 1430 950 1512 denuntiatus,
984 1430 1039 1496 uel
1072 1431 1243 1514 inquisitus
1272 1431 1357 1498 inira
1382 1429 1554 1496 terminum
1682 1403 1684 1426 ¹

307 1532 525 1626 comparuerit
554 1531 775 1617 personaliter,
806 1539 957 1601 teneatur
987 1534 1220 1602 incontinenti
1247 1533 1441 1617 respondere
1463 1536 1555 1600 etse

308 1649 461 1700 excusare
493 1633 534 1700 ab
565 1636 779 1718 accusatione,
810 1639 863 1705 uel
899 1637 1152 1717 denuntiatione,
1179 1638 1233 1706 uel
1254 1636 1469 1722 inquisitione,
1492 1651 1554 1717 que
1682 1627 1684 1656 ³

309 1735 348 1804 fit
370 1743 481 1805 contra
510 1757 592 1805 sum.
624 1740 669 1806 Et
691 1742 759 1808 siue
789 1748 895 1826 neget,
930 1744 1001 1808 siue
1026 1741 1228 1828 confiteatur,
1258 1741 1424 1826 promittat
1445 1743 1480 1805 et
1502 1737 1556 1804 det
1682 1747 1684 1784 ²

310 1839 519 1909 fideiussores
540 1843 683 1926 ydoneos
714 1844 755 1912 de
785 1846 901 1913 sendo
932 1851 966 1914 ct
997 1846 1211 1928 componendo
1241 1843 1409 1911 mandato³
1438 1840 1556 1908 domini

309 1946 482 2026 potestatis
515 1951 549 2012 et
578 1947 710 2014 rectoris
741 1949 817 2015 dicti
848 1950 1024 2016 communis
1048 1955 1082 2015 et
1104 1967 1163 2030 sue
1195 1950 1282 2030 curie
1304 1953 1339 2014 ct
1360 1947 1402 2014 de
1425 1963 1466 2012 eo
1487 1962 1557 2026 per·
1682 1943 1684 2016 l

309 2047 466 2115 sonaliter
495 2051 731 2150 respondendo,
764 2055 887 2134 quoties
919 2059 1093 2136 propterea
1122 2052 1221 2119 luerit
1250 2051 1424 2134 requisitus
1454 2054 1490 2115 at
1518 2047 1557 2114 de
1682 2067 1684 2130 ι

310 2151 465 2218 soluendo
500 2170 624 2220 omnem
659 2156 981 2238 condemnationam⁴,
1023 2174 1086 2239 que
1119 2154 1213 2224 ficret
1243 2156 1283 2222 de
1318 2171 1356 2222 eo
1391 2151 1558 2219 eccesiam
1682 2205 1684 2236 3

313 2255 533 2336 accusationis,
558 2258 816 2342 denuntiationis,
840 2261 893 2327 uel
915 2261 1129 2342 inquisitionis
1151 2260 1309 2342 predicte.
1332 2258 1378 2324 Et
1398 2261 1558 2322 statuatur

312 2358 375 2426 sibi
399 2361 555 2426 terminus
580 2364 722 2444 quinque
745 2363 868 2431 dierum
889 2382 949 2446 per
971 2369 1131 2432 rectorem
1155 2369 1188 2430 et
1204 2359 1353 2430 offitioles
1377 2360 1457 2426 dicti
1480 2375 1560 2426 cont·

311 2462 415 2530 munis
438 2463 480 2530 ad
502 2466 628 2532 ornnes⁶
650 2464 853 2536 detensiones
874 2466 1063 2534 intendant

356 2574 401 2641 Et
423 2580 524 2644 testes
546 2577 670 2658 possint
690 2577 724 2644 in
746 2577 910 2663 maleficiJs
932 2579 1031 2662 recipi
1054 2583 1215 2664 presente,
1238 2577 1292 2646 uel
1306 2575 1445 2644 absente
1467 2591 1557 2640 accu-

313 2683 394 2758 sato,
417 2679 615 2760 denuntiato,
632 2682 685 2747 uel
700 2681 861 2766 inquisito,
877 2683 953 2748 dum
968 2688 1073 2750 mutan
1089 2683 1175 2749 dicta
1189 2682 1321 2749 testium
1336 2679 1561 2762 publicentur;

316 2787 348 2849 et
364 2782 397 2847 in
413 2781 629 2864 publicatione
654 2783 770 2852 debeat
785 2785 878 2852 citari
895 2785 959 2865 ille,
983 2790 1096 2852 eontra
1113 2803 1207 2867 quern
1223 2790 1324 2852 testes
1348 2789 1426 2849 sunt
1441 2782 1561 2864 recepti

316 2885 450 2964 adhoc,
481 2893 518 2952 ut
539 2886 609 2970 ipse
639 2889 743 2971 possit
772 2895 884 2972 aperte
906 2895 940 2957 et
962 2889 1131 2956 manifeste
1161 2889 1281 2958 uidere,
1314 2888 1342 2952 si
1371 2883 1561 2952 maleficium

321 2993 372 3056 est
394 2989 563 3072 probatum
593 2991 662 3057 uel⁷
683 3009 747 3058 non
775 2993 944 3076 probatum
977 2999 1089 3060 coutm
1112 3010 1202 3069 eum;
1235 2996 1270 3058 ot
1289 2991 1323 3056 in
1345 2989 1560 3072 publimdono
1682 2987 1684 3074 t

318 3095 449 3160 testium
472 3098 634 3161 statuatur
656 3097 866 3178 percutiam,
897 3115 955 3162 seu
977 3101 1145 3177 rectorem,
1168 3095 1222 3163 uel
1245 3092 1396 3162 offitiales
1421 3091 1559 3158 ciuitatis
1682 3101 1684 3110 ⁴

320 3196 445 3280 Spoleti
467 3199 621 3265 terminus
643 3201 739 3266 trium
761 3201 885 3267 dierum
900 3199 957 3280 illi,
981 3203 1092 3266 contra
1114 3217 1209 3281 quem
1231 3204 1331 3266 testas
1349 3203 1427 3262 sunt
1441 3193 1560 3278 recepti
1682 3211 1684 3226 ³

318 3299 360 3366 ad
395 3301 614 3384 accipiendum
644 3303 768 3386 copiam
797 3303 939 3386 ipsorum
968 3303 1099 3371 testium
1131 3307 1165 3369 et
1194 3302 1236 3368 ad
1267 3299 1493 3383 opponendum
1515 3296 1563 3364 et⁸

316 3403 535 3488 probandum⁹
562 3423 672 3472 omues
701 3405 862 3487 legitimas
891 3407 1106 3490 exceptiones,
1137 3410 1270 3490 propter
1299 3422 1381 3486 quas
1413 3403 1500 3468 dicta
1527 3405 1559 3468 et

318 3507 500 3576 testimonia
521 3509 667 3592 ipsorum
688 3510 818 3578 testium
841 3528 905 3577 nou
927 3510 1061 3578 ualeant
1088 3516 1199 3579 couno
1221 3526 1306 3588 eum,
1336 3512 1562 3587 contraquam
1682 3523 1684 3540 ¹

319 3611 395 3678 dicti
418 3615 518 3678 testes
542 3619 617 3679 sunt
638 3614 769 3697 recepti.

362 3722 457 3791 Dicto
480 3729 587 3792 autem
610 3731 756 3809 tempore
779 3726 891 3810 elapso
914 3731 1059 3809 potestas
1075 3730 1110 3792 et
1124 3724 1212 3792 eurio
1228 3741 1285 3792 seu
1308 3720 1461 3790 offitialao
1484 3719 1564 3800 dicte

321 3827 461 3895 ciuitatis
484 3826 568 3894 inira
589 3829 709 3895 dictum
732 3829 936 3897 terminum¹⁰
949 3834 983 3894 et
999 3847 1103 3910 usque
1121 3829 1163 3896 ad
1178 3827 1298 3894 dictum
1319 3843 1465 3894 mensem
1484 3841 1565 3892 corn·

318 3933 441 4016 pletum
470 3932 646 4013 procedant
674 3933 716 4000 ad
746 3932 1073 4001 condemnatioaom¹¹
1094 3931 1147 3998 uel
1176 3929 1218 3998 ad
1240 3929 1474 4000 absolutionem
1496 3943 1564 4010 pre

366 4194 713 4278 1Ap.njub.:,per“.
784 4191 895 4255 ’eoo
919 4193 1025 4255 acad.
1048 4193 1090 4254 B:
1114 4189 1379 4272 „presumendus“.
1454 4185 1564 4248 'ibid-

319 4288 349 4346 et
370 4299 420 4360 ap.
443 4283 571 4359 Ljuba
597 4281 792 4360 ,mandatis“.
874 4279 886 4314 ⁴
908 4280 994 4342 (lod.
1018 4279 1125 4340 acad.
1149 4279 1191 4338 B:
1219 4274 1565 4356 „condempnationem“·

324 4368 467 4431 ⁵ibid.:
491 4363 613 4444 „suae“.
700 4365 790 4442 Ἀρ.
813 4367 839 4426 L
845 4367 941 4444 jub.:
968 4383 1101 4444 ,omnem
1124 4377 1208 4426 suam
1231 4363 1433 4423 defensionem
1457 4361 1559 4422 facien

323 4449 424 4518 darn‘.
502 4451 928 4528 ⁷Ood.aoad.A:„et“.
1003 4449 1245 4512 ⁸Deestibid.
1326 4446 1566 4525 ⁹Ap.Ljub.:

326 4540 553 4623 ,opponendum
568 4545 598 4601 et
612 4540 801 4617 allegandum
815 4543 845 4600 et
859 4539 962 4616 prob.“
1024 4535 1054 4572 ¹⁰
1067 4537 1177 4598 ibid:
1197 4536 1377 4612 „mensom“.
1442 4531 1469 4566 ¹¹
1484 4531 1563 4594 cod

326 4628 434 4691 acad.
457 4628 499 4690 B:
524 4621 869 4706 „condempnationem“.
1420 4651 1423 4656 ·
