<?xml version="1.0" encoding="UTF-8"?>
<!DOCTYPE html PUBLIC "-//W3C//DTD XHTML 1.0 Transitional//EN"
    "http://www.w3.org/TR/xhtml1/DTD/xhtml1-transitional.dtd">
<html xmlns="http://www.w3.org/1999/xhtml" xml:lang="en" lang="en">
 <head>
  <title>
</title>
<meta http-equiv="Content-Type" content="text/html;charset=utf-8" />
  <meta name='ocr-system' content='tesseract 3.04.00' />
  <meta name='ocr-capabilities' content='ocr_page ocr_carea ocr_par ocr_line ocrx_word'/>
</head>
<body>
  <div class='ocr_page' id='page_1' title='image "./statutaetlegesc00yuggoog_0225.png"; bbox 0 0 3376 5392; ppageno 0'>
   <div class='ocr_carea' id='block_1_1' title="bbox 1301 456 1360 518">
    <p class='ocr_par' dir='ltr' id='par_1_1' title="bbox 1301 456 1360 518">
     <span class='ocr_line' id='line_1_1' title="bbox 1301 456 1360 518; baseline 0 -1"><span class='ocrx_word' id='word_1_1' title='bbox 1301 456 1360 518; x_wconf 78' lang='lat'>199</span> 
     </span>
    </p>
   </div>
   <div class='ocr_carea' id='block_1_2' title="bbox 118 659 1361 1266">
    <p class='ocr_par' dir='ltr' id='par_1_2' title="bbox 118 659 1361 1162">
     <span class='ocr_line' id='line_1_2' title="bbox 171 659 1358 743; baseline 0.001 -19"><span class='ocrx_word' id='word_1_2' title='bbox 171 659 255 726; x_wconf 85' lang='lat' dir='ltr'>Item</span> <span class='ocrx_word' id='word_1_3' title='bbox 278 660 360 743; x_wconf 92' lang='lat' dir='ltr'>quod</span> <span class='ocrx_word' id='word_1_4' title='bbox 384 661 522 728; x_wconf 80' lang='lat' dir='ltr'>loannes</span> <span class='ocrx_word' id='word_1_5' title='bbox 546 662 742 742; x_wconf 79' lang='lat' dir='ltr'>Zangrassus</span> <span class='ocrx_word' id='word_1_6' title='bbox 759 667 912 740; x_wconf 88' lang='lat' dir='ltr'>teneatur,</span> <span class='ocrx_word' id='word_1_7' title='bbox 938 667 973 727; x_wconf 88' lang='lat' dir='ltr'>ut</span> <span class='ocrx_word' id='word_1_8' title='bbox 988 661 1202 742; x_wconf 87' lang='lat' dir='ltr'>supradictum</span> <span class='ocrx_word' id='word_1_9' title='bbox 1220 667 1269 726; x_wconf 87' lang='lat' dir='ltr'>est</span> <span class='ocrx_word' id='word_1_10' title='bbox 1283 679 1358 725; x_wconf 89' lang='lat' dir='ltr'>uen-</span> 
     </span>
     <span class='ocr_line' id='line_1_3' title="bbox 119 763 1358 848; baseline 0.001 -19"><span class='ocrx_word' id='word_1_11' title='bbox 119 763 205 831; x_wconf 83' lang='lat' dir='ltr'>dere</span> <span class='ocrx_word' id='word_1_12' title='bbox 227 766 287 832; x_wconf 89' lang='lat' dir='ltr'>sub</span> <span class='ocrx_word' id='word_1_13' title='bbox 309 783 411 847; x_wconf 90' lang='lat' dir='ltr'>poena</span> <span class='ocrx_word' id='word_1_14' title='bbox 433 765 546 848; x_wconf 90' lang='lat' dir='ltr'>cuique</span> <span class='ocrx_word' id='word_1_15' title='bbox 561 765 798 833; x_wconf 85' lang='lat' dir='ltr'>contrafacienti</span> <span class='ocrx_word' id='word_1_16' title='bbox 813 767 949 848; x_wconf 89' lang='lat' dir='ltr'>iperperi</span> <span class='ocrx_word' id='word_1_17' title='bbox 965 766 1066 846; x_wconf 89' lang='lat' dir='ltr'>nnius,</span> <span class='ocrx_word' id='word_1_18' title='bbox 1085 765 1255 832; x_wconf 88' lang='lat' dir='ltr'>diuidenda</span> <span class='ocrx_word' id='word_1_19' title='bbox 1276 766 1358 830; x_wconf 87' lang='lat' dir='ltr'>iuter</span> 
     </span>
     <span class='ocr_line' id='line_1_4' title="bbox 121 869 1361 952; baseline 0.002 -18"><span class='ocrx_word' id='word_1_20' title='bbox 121 875 345 936; x_wconf 77' lang='lat' dir='ltr'>accusatorem</span> <span class='ocrx_word' id='word_1_21' title='bbox 368 875 401 936; x_wconf 87' lang='lat' dir='ltr'>el</span> <span class='ocrx_word' id='word_1_22' title='bbox 423 871 665 950; x_wconf 83' lang='lat' dir='ltr'>comunitatem;</span> <span class='ocrx_word' id='word_1_23' title='bbox 689 889 759 936; x_wconf 88' lang='lat' dir='ltr'>com</span> <span class='ocrx_word' id='word_1_24' title='bbox 781 871 850 950; x_wconf 91' lang='lat' dir='ltr'>hoc,</span> <span class='ocrx_word' id='word_1_25' title='bbox 875 871 959 952; x_wconf 91' lang='lat' dir='ltr'>quod</span> <span class='ocrx_word' id='word_1_26' title='bbox 982 877 1137 936; x_wconf 87' lang='lat' dir='ltr'>mercator</span> <span class='ocrx_word' id='word_1_27' title='bbox 1161 869 1263 951; x_wconf 86' lang='lat' dir='ltr'>possit</span> <span class='ocrx_word' id='word_1_28' title='bbox 1284 870 1361 936; x_wconf 85' lang='lat' dir='ltr'>dare</span> 
     </span>
     <span class='ocr_line' id='line_1_5' title="bbox 118 973 1359 1057; baseline 0 -19"><span class='ocrx_word' id='word_1_29' title='bbox 118 973 306 1041; x_wconf 83' lang='lat' dir='ltr'>iuramento</span> <span class='ocrx_word' id='word_1_30' title='bbox 330 975 496 1056; x_wconf 89' lang='lat' dir='ltr'>unicuique</span> <span class='ocrx_word' id='word_1_31' title='bbox 519 977 635 1041; x_wconf 90' lang='lat' dir='ltr'>ementi</span> <span class='ocrx_word' id='word_1_32' title='bbox 658 976 789 1042; x_wconf 90' lang='lat' dir='ltr'>siculmn</span> <span class='ocrx_word' id='word_1_33' title='bbox 813 981 868 1040; x_wconf 86' lang='lat' dir='ltr'>aut</span> <span class='ocrx_word' id='word_1_34' title='bbox 887 981 1010 1057; x_wconf 87' lang='lat' dir='ltr'>partem</span> <span class='ocrx_word' id='word_1_35' title='bbox 1034 976 1092 1040; x_wconf 88' lang='lat' dir='ltr'>olei</span> <span class='ocrx_word' id='word_1_36' title='bbox 1109 983 1142 1040; x_wconf 83' lang='lat' dir='ltr'>et</span> <span class='ocrx_word' id='word_1_37' title='bbox 1157 975 1287 1042; x_wconf 88' lang='lat' dir='ltr'>alterius</span> <span class='ocrx_word' id='word_1_38' title='bbox 1303 975 1359 1054; x_wconf 89' lang='lat' dir='ltr'>rei,</span> 
     </span>
     <span class='ocr_line' id='line_1_6' title="bbox 118 1078 812 1162; baseline -0.001 -18"><span class='ocrx_word' id='word_1_39' title='bbox 118 1080 150 1144; x_wconf 88' lang='lat' dir='ltr'>si</span> <span class='ocrx_word' id='word_1_40' title='bbox 174 1078 247 1143; x_wconf 89' lang='lat' dir='ltr'>uult</span> <span class='ocrx_word' id='word_1_41' title='bbox 270 1098 326 1162; x_wconf 89' lang='lat' dir='ltr'>pro</span> <span class='ocrx_word' id='word_1_42' title='bbox 350 1097 410 1144; x_wconf 89' lang='lat' dir='ltr'>usu</span> <span class='ocrx_word' id='word_1_43' title='bbox 432 1098 489 1145; x_wconf 90' lang='lat' dir='ltr'>suo</span> <span class='ocrx_word' id='word_1_44' title='bbox 509 1086 542 1146; x_wconf 90' lang='lat' dir='ltr'>et</span> <span class='ocrx_word' id='word_1_45' title='bbox 564 1080 702 1146; x_wconf 87' lang='lat' dir='ltr'>familiae</span> <span class='ocrx_word' id='word_1_46' title='bbox 725 1099 812 1146; x_wconf 89' lang='lat' dir='ltr'>suae.</span> 
     </span>
    </p>

    <p class='ocr_par' dir='ltr' id='par_1_3' title="bbox 167 1182 796 1266">
     <span class='ocr_line' id='line_1_7' title="bbox 167 1182 796 1266; baseline 0 -18"><span class='ocrx_word' id='word_1_47' title='bbox 167 1182 213 1248; x_wconf 87' lang='lat' dir='ltr'>Et</span> <span class='ocrx_word' id='word_1_48' title='bbox 236 1184 280 1250; x_wconf 90' lang='lat' dir='ltr'>sic</span> <span class='ocrx_word' id='word_1_49' title='bbox 304 1185 531 1251; x_wconf 83' lang='lat' dir='ltr'>sententiatum</span> <span class='ocrx_word' id='word_1_50' title='bbox 554 1184 613 1250; x_wconf 84' lang='lat' dir='ltr'>fuit</span> <span class='ocrx_word' id='word_1_51' title='bbox 635 1191 669 1250; x_wconf 92' lang='lat' dir='ltr'>ut</span> <span class='ocrx_word' id='word_1_52' title='bbox 693 1203 796 1266; x_wconf 89' lang='lat' dir='ltr'>supra.</span> 
     </span>
    </p>
   </div>
   <div class='ocr_carea' id='block_1_3' title="bbox 412 1381 1068 1530">
    <p class='ocr_par' dir='ltr' id='par_1_4' title="bbox 412 1381 1068 1530">
     <span class='ocr_line' id='line_1_8' title="bbox 569 1381 910 1425; baseline 0.006 -2"><span class='ocrx_word' id='word_1_53' title='bbox 569 1381 620 1423; x_wconf 80' lang='lat' dir='ltr'>xn.</span> <span class='ocrx_word' id='word_1_54' title='bbox 643 1382 764 1424; x_wconf 84' lang='lat' dir='ltr'>uuorsro</span> <span class='ocrx_word' id='word_1_55' title='bbox 788 1382 910 1425; x_wconf 83' lang='lat' dir='ltr'>courum</span> 
     </span>
     <span class='ocr_line' id='line_1_9' title="bbox 412 1461 1068 1530; baseline -0.002 -15"><span class='ocrx_word' id='word_1_56' title='bbox 412 1461 445 1516; x_wconf 87' lang='lat' dir='ltr'>de</span> <span class='ocrx_word' id='word_1_57' title='bbox 463 1461 625 1516; x_wconf 80' lang='lat' dir='ltr'><strong>animalibus</strong></span> <span class='ocrx_word' id='word_1_58' title='bbox 643 1478 697 1516; x_wconf 92' lang='lat' dir='ltr'>non</span> <span class='ocrx_word' id='word_1_59' title='bbox 715 1461 838 1516; x_wconf 87' lang='lat' dir='ltr'>tenendis</span> <span class='ocrx_word' id='word_1_60' title='bbox 857 1477 941 1530; x_wconf 88' lang='lat' dir='ltr'>prope</span> <span class='ocrx_word' id='word_1_61' title='bbox 961 1461 1068 1516; x_wconf 80' lang='lat' dir='ltr'>casalia</span> 
     </span>
    </p>
   </div>
   <div class='ocr_carea' id='block_1_4' title="bbox 169 1583 907 1669">
    <p class='ocr_par' dir='ltr' id='par_1_5' title="bbox 169 1583 907 1669">
     <span class='ocr_line' id='line_1_10' title="bbox 169 1583 907 1669; baseline 0.003 -22"><span class='ocrx_word' id='word_1_62' title='bbox 169 1583 259 1650; x_wconf 83' lang='lat' dir='ltr'>Laos</span> <span class='ocrx_word' id='word_1_63' title='bbox 281 1584 356 1650; x_wconf 86' lang='lat' dir='ltr'>Deo.</span> <span class='ocrx_word' id='word_1_64' title='bbox 380 1583 585 1650; x_wconf 65' lang='lat' dir='ltr'>marcelasco.</span> <span class='ocrx_word' id='word_1_65' title='bbox 610 1583 670 1649; x_wconf 83' lang='lat' dir='ltr'>Dic</span> <span class='ocrx_word' id='word_1_66' title='bbox 692 1587 782 1669; x_wconf 69' lang='lat' dir='ltr'>ociij‘.</span> <span class='ocrx_word' id='word_1_67' title='bbox 805 1583 907 1669; x_wconf 81' lang='lat' dir='ltr'>Jooc&#39;j.</span> 
     </span>
    </p>
   </div>
   <div class='ocr_carea' id='block_1_5' title="bbox 120 1707 1362 3988">
    <p class='ocr_par' dir='ltr' id='par_1_6' title="bbox 120 1707 1362 2928">
     <span class='ocr_line' id='line_1_11' title="bbox 167 1707 1360 1790; baseline 0 -19"><span class='ocrx_word' id='word_1_68' title='bbox 167 1707 356 1786; x_wconf 84' lang='lat' dir='ltr'>Magnificus</span> <span class='ocrx_word' id='word_1_69' title='bbox 379 1715 412 1773; x_wconf 86' lang='lat' dir='ltr'>et</span> <span class='ocrx_word' id='word_1_70' title='bbox 434 1726 606 1790; x_wconf 85' lang='lat' dir='ltr'>generosus</span> <span class='ocrx_word' id='word_1_71' title='bbox 631 1709 774 1774; x_wconf 91' lang='lat' dir='ltr'>dominus</span> <span class='ocrx_word' id='word_1_72' title='bbox 804 1709 983 1774; x_wconf 87' lang='lat' dir='ltr'>Lodouicus</span> <span class='ocrx_word' id='word_1_73' title='bbox 1005 1707 1181 1772; x_wconf 89' lang='lat' dir='ltr'>Barbadico</span> <span class='ocrx_word' id='word_1_74' title='bbox 1204 1726 1261 1790; x_wconf 89' lang='lat' dir='ltr'>pro</span> <span class='ocrx_word' id='word_1_75' title='bbox 1291 1707 1360 1772; x_wconf 93' lang='lat' dir='ltr'>illu-</span> 
     </span>
     <span class='ocr_line' id='line_1_12' title="bbox 120 1811 1361 1894; baseline 0.002 -18"><span class='ocrx_word' id='word_1_76' title='bbox 120 1811 282 1876; x_wconf 87' lang='lat' dir='ltr'>strissimo</span> <span class='ocrx_word' id='word_1_77' title='bbox 303 1812 405 1877; x_wconf 86' lang='lat' dir='ltr'>ducali</span> <span class='ocrx_word' id='word_1_78' title='bbox 422 1813 558 1878; x_wconf 92' lang='lat' dir='ltr'>dominio</span> <span class='ocrx_word' id='word_1_79' title='bbox 575 1812 778 1878; x_wconf 85' lang='lat' dir='ltr'>Venetiarum</span> <span class='ocrx_word' id='word_1_80' title='bbox 794 1813 933 1876; x_wconf 87' lang='lat' dir='ltr'>ciuitatis</span> <span class='ocrx_word' id='word_1_81' title='bbox 951 1811 1106 1876; x_wconf 86' lang='lat' dir='ltr'>Curzulae</span> <span class='ocrx_word' id='word_1_82' title='bbox 1122 1829 1226 1878; x_wconf 89' lang='lat' dir='ltr'>comes</span> <span class='ocrx_word' id='word_1_83' title='bbox 1244 1812 1361 1894; x_wconf 84' lang='lat' dir='ltr'>dignis·</span> 
     </span>
     <span class='ocr_line' id='line_1_13' title="bbox 121 1916 1360 1999; baseline 0.002 -19"><span class='ocrx_word' id='word_1_84' title='bbox 121 1917 234 1999; x_wconf 90' lang='lat' dir='ltr'>simus,</span> <span class='ocrx_word' id='word_1_85' title='bbox 258 1917 372 1982; x_wconf 89' lang='lat' dir='ltr'>sedens</span> <span class='ocrx_word' id='word_1_86' title='bbox 396 1917 437 1981; x_wconf 88' lang='lat' dir='ltr'>ad</span> <span class='ocrx_word' id='word_1_87' title='bbox 461 1937 550 1982; x_wconf 88' lang='lat' dir='ltr'>suum</span> <span class='ocrx_word' id='word_1_88' title='bbox 579 1917 656 1982; x_wconf 88' lang='lat' dir='ltr'>iuris</span> <span class='ocrx_word' id='word_1_89' title='bbox 685 1916 839 1984; x_wconf 89' lang='lat' dir='ltr'>bauchum</span> <span class='ocrx_word' id='word_1_90' title='bbox 872 1936 941 1981; x_wconf 91' lang='lat' dir='ltr'>cum</span> <span class='ocrx_word' id='word_1_91' title='bbox 972 1916 1037 1982; x_wconf 89' lang='lat' dir='ltr'>suis</span> <span class='ocrx_word' id='word_1_92' title='bbox 1066 1917 1227 1994; x_wconf 88' lang='lat' dir='ltr'>iudicibus,</span> <span class='ocrx_word' id='word_1_93' title='bbox 1252 1916 1360 1982; x_wconf 89' lang='lat' dir='ltr'>audito</span> 
     </span>
     <span class='ocr_line' id='line_1_14' title="bbox 120 2019 1362 2103; baseline 0.001 -17"><span class='ocrx_word' id='word_1_94' title='bbox 120 2041 188 2086; x_wconf 88' lang='lat' dir='ltr'>ser.</span> <span class='ocrx_word' id='word_1_95' title='bbox 211 2022 379 2088; x_wconf 88' lang='lat' dir='ltr'>Francisco</span> <span class='ocrx_word' id='word_1_96' title='bbox 411 2021 450 2088; x_wconf 89' lang='lat' dir='ltr'>de</span> <span class='ocrx_word' id='word_1_97' title='bbox 483 2021 657 2088; x_wconf 84' lang='lat' dir='ltr'>Franciscis</span> <span class='ocrx_word' id='word_1_98' title='bbox 689 2028 722 2086; x_wconf 88' lang='lat' dir='ltr'>et</span> <span class='ocrx_word' id='word_1_99' title='bbox 753 2041 846 2102; x_wconf 89' lang='lat' dir='ltr'>quam</span> <span class='ocrx_word' id='word_1_100' title='bbox 875 2021 1018 2103; x_wconf 91' lang='lat' dir='ltr'>pluribus</span> <span class='ocrx_word' id='word_1_101' title='bbox 1052 2021 1121 2102; x_wconf 89' lang='lat' dir='ltr'>alijs</span> <span class='ocrx_word' id='word_1_102' title='bbox 1149 2019 1306 2087; x_wconf 89' lang='lat' dir='ltr'>nobilibus</span> <span class='ocrx_word' id='word_1_103' title='bbox 1328 2026 1362 2087; x_wconf 88' lang='lat' dir='ltr'>et</span> 
     </span>
     <span class='ocr_line' id='line_1_15' title="bbox 121 2125 1360 2208; baseline -0.002 -16"><span class='ocrx_word' id='word_1_104' title='bbox 121 2127 248 2194; x_wconf 90' lang='lat' dir='ltr'>ciuibus</span> <span class='ocrx_word' id='word_1_105' title='bbox 271 2127 498 2208; x_wconf 82' lang='lat' dir='ltr'>exponentibus</span> <span class='ocrx_word' id='word_1_106' title='bbox 521 2127 636 2192; x_wconf 89' lang='lat' dir='ltr'>multos</span> <span class='ocrx_word' id='word_1_107' title='bbox 659 2132 806 2208; x_wconf 88' lang='lat' dir='ltr'>pastores</span> <span class='ocrx_word' id='word_1_108' title='bbox 829 2128 978 2192; x_wconf 81' lang='lat' dir='ltr'>casalium</span> <span class='ocrx_word' id='word_1_109' title='bbox 993 2125 1152 2207; x_wconf 88' lang='lat' dir='ltr'>pasculori</span> <span class='ocrx_word' id='word_1_110' title='bbox 1170 2143 1277 2190; x_wconf 90' lang='lat' dir='ltr'>eorum</span> <span class='ocrx_word' id='word_1_111' title='bbox 1293 2127 1360 2190; x_wconf 85' lang='lat' dir='ltr'>ani·</span> 
     </span>
     <span class='ocr_line' id='line_1_16' title="bbox 121 2230 1360 2314; baseline -0.002 -18"><span class='ocrx_word' id='word_1_112' title='bbox 121 2232 224 2296; x_wconf 91' lang='lat' dir='ltr'>malia</span> <span class='ocrx_word' id='word_1_113' title='bbox 245 2231 277 2295; x_wconf 94' lang='lat' dir='ltr'>in</span> <span class='ocrx_word' id='word_1_114' title='bbox 300 2231 456 2296; x_wconf 78' lang='lat' dir='ltr'>casalibus</span> <span class='ocrx_word' id='word_1_115' title='bbox 479 2230 510 2294; x_wconf 94' lang='lat' dir='ltr'>in</span> <span class='ocrx_word' id='word_1_116' title='bbox 534 2231 624 2314; x_wconf 81' lang='lat' dir='ltr'>gram</span> <span class='ocrx_word' id='word_1_117' title='bbox 652 2232 766 2296; x_wconf 85' lang='lat' dir='ltr'>domno</span> <span class='ocrx_word' id='word_1_118' title='bbox 796 2250 890 2312; x_wconf 86' lang='lat' dir='ltr'>quarn</span> <span class='ocrx_word' id='word_1_119' title='bbox 922 2231 1124 2312; x_wconf 89' lang='lat' dir='ltr'>plurimarum</span> <span class='ocrx_word' id='word_1_120' title='bbox 1155 2248 1360 2310; x_wconf 88' lang='lat' dir='ltr'>personarum</span> 
     </span>
     <span class='ocr_line' id='line_1_17' title="bbox 121 2332 1359 2418; baseline -0.003 -16"><span class='ocrx_word' id='word_1_121' title='bbox 121 2343 192 2402; x_wconf 89' lang='lat' dir='ltr'>tarn</span> <span class='ocrx_word' id='word_1_122' title='bbox 215 2337 246 2400; x_wconf 93' lang='lat' dir='ltr'>in</span> <span class='ocrx_word' id='word_1_123' title='bbox 269 2337 378 2409; x_wconf 90' lang='lat' dir='ltr'>hortis,</span> <span class='ocrx_word' id='word_1_124' title='bbox 402 2335 515 2415; x_wconf 79' lang='lat' dir='ltr'>bladis,</span> <span class='ocrx_word' id='word_1_125' title='bbox 538 2336 639 2401; x_wconf 90' lang='lat' dir='ltr'>uineis</span> <span class='ocrx_word' id='word_1_126' title='bbox 663 2343 695 2400; x_wconf 87' lang='lat' dir='ltr'>et</span> <span class='ocrx_word' id='word_1_127' title='bbox 717 2335 787 2418; x_wconf 73' lang='lat' dir='ltr'>aliJs</span> <span class='ocrx_word' id='word_1_128' title='bbox 818 2334 1018 2401; x_wconf 86' lang='lat' dir='ltr'>nascentibus</span> <span class='ocrx_word' id='word_1_129' title='bbox 1041 2335 1072 2398; x_wconf 92' lang='lat' dir='ltr'>in</span> <span class='ocrx_word' id='word_1_130' title='bbox 1096 2333 1250 2398; x_wconf 88' lang='lat' dir='ltr'>casalibus</span> <span class='ocrx_word' id='word_1_131' title='bbox 1278 2332 1359 2398; x_wconf 90' lang='lat' dir='ltr'>fruc-</span> 
     </span>
     <span class='ocr_line' id='line_1_18' title="bbox 122 2438 1361 2522; baseline -0.002 -16"><span class='ocrx_word' id='word_1_132' title='bbox 122 2441 221 2518; x_wconf 86' lang='lat' dir='ltr'>tibus,</span> <span class='ocrx_word' id='word_1_133' title='bbox 245 2459 339 2522; x_wconf 86' lang='lat' dir='ltr'>qusm</span> <span class='ocrx_word' id='word_1_134' title='bbox 362 2441 456 2506; x_wconf 89' lang='lat' dir='ltr'>etiam</span> <span class='ocrx_word' id='word_1_135' title='bbox 480 2441 512 2504; x_wconf 94' lang='lat' dir='ltr'>in</span> <span class='ocrx_word' id='word_1_136' title='bbox 535 2441 623 2522; x_wconf 89' lang='lat' dir='ltr'>aquis</span> <span class='ocrx_word' id='word_1_137' title='bbox 647 2439 802 2522; x_wconf 87' lang='lat' dir='ltr'>potaturis</span> <span class='ocrx_word' id='word_1_138' title='bbox 835 2440 874 2504; x_wconf 86' lang='lat' dir='ltr'>ab</span> <span class='ocrx_word' id='word_1_139' title='bbox 897 2439 1075 2504; x_wconf 92' lang='lat' dir='ltr'>hominibus</span> <span class='ocrx_word' id='word_1_140' title='bbox 1105 2438 1226 2516; x_wconf 72' lang='lat' dir='ltr'>casalis</span> <span class='ocrx_word' id='word_1_141' title='bbox 1251 2442 1361 2503; x_wconf 88' lang='lat' dir='ltr'>contra</span> 
     </span>
     <span class='ocr_line' id='line_1_19' title="bbox 121 2541 1360 2627; baseline -0.004 -16"><span class='ocrx_word' id='word_1_142' title='bbox 121 2545 257 2612; x_wconf 82' lang='lat' dir='ltr'>formam</span> <span class='ocrx_word' id='word_1_143' title='bbox 281 2546 360 2627; x_wconf 81' lang='lat' dir='ltr'>legis</span> <span class='ocrx_word' id='word_1_144' title='bbox 382 2546 413 2609; x_wconf 94' lang='lat' dir='ltr'>in</span> <span class='ocrx_word' id='word_1_145' title='bbox 442 2550 563 2611; x_wconf 88' lang='lat' dir='ltr'>statuto</span> <span class='ocrx_word' id='word_1_146' title='bbox 593 2563 676 2610; x_wconf 92' lang='lat' dir='ltr'>nouo</span> <span class='ocrx_word' id='word_1_147' title='bbox 704 2545 743 2610; x_wconf 87' lang='lat' dir='ltr'>ad</span> <span class='ocrx_word' id='word_1_148' title='bbox 776 2544 902 2608; x_wconf 85' lang='lat' dir='ltr'>chartas</span> <span class='ocrx_word' id='word_1_149' title='bbox 933 2544 994 2626; x_wconf 84' lang='lat' dir='ltr'>xvij</span> <span class='ocrx_word' id='word_1_150' title='bbox 1019 2549 1051 2608; x_wconf 88' lang='lat' dir='ltr'>et</span> <span class='ocrx_word' id='word_1_151' title='bbox 1073 2542 1113 2607; x_wconf 88' lang='lat' dir='ltr'>ad</span> <span class='ocrx_word' id='word_1_152' title='bbox 1137 2541 1261 2607; x_wconf 86' lang='lat' dir='ltr'>chartas</span> <span class='ocrx_word' id='word_1_153' title='bbox 1284 2561 1360 2620; x_wconf 61' lang='grc' dir='ltr'>ως</span> 
     </span>
     <span class='ocr_line' id='line_1_20' title="bbox 122 2647 1360 2734; baseline -0.005 -17"><span class='ocrx_word' id='word_1_154' title='bbox 122 2652 309 2734; x_wconf 87' lang='lat' dir='ltr'>petentibus</span> <span class='ocrx_word' id='word_1_155' title='bbox 332 2650 501 2730; x_wconf 84' lang='lat' dir='ltr'>superinde</span> <span class='ocrx_word' id='word_1_156' title='bbox 524 2649 686 2714; x_wconf 72' lang='lat' dir='ltr'>torminosi</span> <span class='ocrx_word' id='word_1_157' title='bbox 707 2667 744 2712; x_wconf 90' lang='lat' dir='ltr'>ac</span> <span class='ocrx_word' id='word_1_158' title='bbox 767 2649 951 2716; x_wconf 82' lang='lat' dir='ltr'>sententiani</span> <span class='ocrx_word' id='word_1_159' title='bbox 968 2648 1084 2712; x_wconf 88' lang='lat' dir='ltr'>debere</span> <span class='ocrx_word' id='word_1_160' title='bbox 1100 2665 1157 2728; x_wconf 90' lang='lat' dir='ltr'>per</span> <span class='ocrx_word' id='word_1_161' title='bbox 1172 2647 1360 2712; x_wconf 87' lang='lat' dir='ltr'>sententiam</span> 
     </span>
     <span class='ocr_line' id='line_1_21' title="bbox 123 2750 1358 2836; baseline -0.006 -14"><span class='ocrx_word' id='word_1_162' title='bbox 123 2755 321 2822; x_wconf 86' lang='lat' dir='ltr'>definitiuam</span> <span class='ocrx_word' id='word_1_163' title='bbox 343 2754 566 2836; x_wconf 90' lang='lat' dir='ltr'>prohibitiuam</span> <span class='ocrx_word' id='word_1_164' title='bbox 589 2773 658 2818; x_wconf 90' lang='lat' dir='ltr'>cum</span> <span class='ocrx_word' id='word_1_165' title='bbox 683 2771 786 2835; x_wconf 89' lang='lat' dir='ltr'>poena</span> <span class='ocrx_word' id='word_1_166' title='bbox 814 2753 919 2833; x_wconf 85' lang='lat' dir='ltr'>aliquo</span> <span class='ocrx_word' id='word_1_167' title='bbox 943 2772 1004 2819; x_wconf 91' lang='lat' dir='ltr'>nou</span> <span class='ocrx_word' id='word_1_168' title='bbox 1027 2752 1060 2816; x_wconf 92' lang='lat' dir='ltr'>in</span> <span class='ocrx_word' id='word_1_169' title='bbox 1083 2750 1222 2816; x_wconf 87' lang='lat' dir='ltr'>futurum</span> <span class='ocrx_word' id='word_1_170' title='bbox 1246 2768 1358 2834; x_wconf 89' lang='lat' dir='ltr'>pascu·</span> 
     </span>
     <span class='ocr_line' id='line_1_22' title="bbox 123 2860 437 2928; baseline -0.016 -2"><span class='ocrx_word' id='word_1_171' title='bbox 123 2862 195 2928; x_wconf 91' lang='lat' dir='ltr'>lent</span> <span class='ocrx_word' id='word_1_172' title='bbox 217 2862 248 2926; x_wconf 93' lang='lat' dir='ltr'>iu</span> <span class='ocrx_word' id='word_1_173' title='bbox 271 2860 437 2926; x_wconf 89' lang='lat' dir='ltr'>casalibus.</span> 
     </span>
    </p>

    <p class='ocr_par' dir='ltr' id='par_1_7' title="bbox 120 2959 1361 3782">
     <span class='ocr_line' id='line_1_23' title="bbox 167 2959 1360 3047; baseline -0.003 -16"><span class='ocrx_word' id='word_1_174' title='bbox 167 2965 293 3031; x_wconf 81' lang='lat' dir='ltr'>Auditis</span> <span class='ocrx_word' id='word_1_175' title='bbox 317 2965 460 3047; x_wconf 89' lang='lat' dir='ltr'>pluribus</span> <span class='ocrx_word' id='word_1_176' title='bbox 483 2965 663 3044; x_wconf 84' lang='lat' dir='ltr'>pastoribus</span> <span class='ocrx_word' id='word_1_177' title='bbox 679 2969 711 3028; x_wconf 89' lang='lat' dir='ltr'>et</span> <span class='ocrx_word' id='word_1_178' title='bbox 727 2982 788 3028; x_wconf 88' lang='lat' dir='ltr'>ser.</span> <span class='ocrx_word' id='word_1_179' title='bbox 805 2962 934 3028; x_wconf 89' lang='lat' dir='ltr'>Nicolao</span> <span class='ocrx_word' id='word_1_180' title='bbox 952 2959 1072 3027; x_wconf 90' lang='lat' dir='ltr'>Obradi</span> <span class='ocrx_word' id='word_1_181' title='bbox 1088 2967 1247 3040; x_wconf 87' lang='lat' dir='ltr'>tamquam</span> <span class='ocrx_word' id='word_1_182' title='bbox 1264 2961 1360 3027; x_wconf 93' lang='lat' dir='ltr'>aduo-</span> 
     </span>
     <span class='ocr_line' id='line_1_24' title="bbox 123 3066 1360 3152; baseline -0.006 -15"><span class='ocrx_word' id='word_1_183' title='bbox 123 3077 198 3137; x_wconf 89' lang='lat' dir='ltr'>cato</span> <span class='ocrx_word' id='word_1_184' title='bbox 221 3071 361 3152; x_wconf 91' lang='lat' dir='ltr'>ipsomm</span> <span class='ocrx_word' id='word_1_185' title='bbox 385 3075 557 3150; x_wconf 87' lang='lat' dir='ltr'>pastorum,</span> <span class='ocrx_word' id='word_1_186' title='bbox 582 3068 868 3135; x_wconf 82' lang='lat' dir='ltr'>contradicentibus</span> <span class='ocrx_word' id='word_1_187' title='bbox 892 3073 924 3132; x_wconf 90' lang='lat' dir='ltr'>et</span> <span class='ocrx_word' id='word_1_188' title='bbox 947 3066 1122 3132; x_wconf 85' lang='lat' dir='ltr'>dicentibus</span> <span class='ocrx_word' id='word_1_189' title='bbox 1138 3083 1234 3146; x_wconf 86' lang='lat' dir='ltr'>posse</span> <span class='ocrx_word' id='word_1_190' title='bbox 1249 3083 1360 3147; x_wconf 88' lang='lat' dir='ltr'>pascu-</span> 
     </span>
     <span class='ocr_line' id='line_1_25' title="bbox 120 3169 1361 3255; baseline -0.005 -15"><span class='ocrx_word' id='word_1_191' title='bbox 120 3175 195 3254; x_wconf 88' lang='lat' dir='ltr'>lari,</span> <span class='ocrx_word' id='word_1_192' title='bbox 220 3183 253 3240; x_wconf 87' lang='lat' dir='ltr'>et</span> <span class='ocrx_word' id='word_1_193' title='bbox 275 3174 334 3240; x_wconf 92' lang='lat' dir='ltr'>hoc</span> <span class='ocrx_word' id='word_1_194' title='bbox 356 3194 426 3242; x_wconf 88' lang='lat' dir='ltr'>esse</span> <span class='ocrx_word' id='word_1_195' title='bbox 450 3180 650 3240; x_wconf 88' lang='lat' dir='ltr'>consuetum:</span> <span class='ocrx_word' id='word_1_196' title='bbox 680 3175 749 3238; x_wconf 87' lang='lat' dir='ltr'>visa</span> <span class='ocrx_word' id='word_1_197' title='bbox 772 3174 855 3238; x_wconf 87' lang='lat' dir='ltr'>dicta</span> <span class='ocrx_word' id='word_1_198' title='bbox 877 3173 958 3255; x_wconf 83' lang='lat' dir='ltr'>lege,</span> <span class='ocrx_word' id='word_1_199' title='bbox 981 3190 1039 3254; x_wconf 90' lang='lat' dir='ltr'>per</span> <span class='ocrx_word' id='word_1_200' title='bbox 1069 3170 1256 3236; x_wconf 86' lang='lat' dir='ltr'>sententiam</span> <span class='ocrx_word' id='word_1_201' title='bbox 1285 3169 1361 3236; x_wconf 90' lang='lat' dir='ltr'>deli·</span> 
     </span>
     <span class='ocr_line' id='line_1_26' title="bbox 121 3274 1359 3358; baseline -0.006 -12"><span class='ocrx_word' id='word_1_202' title='bbox 121 3281 257 3346; x_wconf 91' lang='lat' dir='ltr'>nitiuam</span> <span class='ocrx_word' id='word_1_203' title='bbox 283 3281 478 3348; x_wconf 87' lang='lat' dir='ltr'>terminando</span> <span class='ocrx_word' id='word_1_204' title='bbox 501 3280 715 3357; x_wconf 73' lang='lat' dir='ltr'>sententiaeb,</span> <span class='ocrx_word' id='word_1_205' title='bbox 740 3279 824 3358; x_wconf 87' lang='lat' dir='ltr'>qood</span> <span class='ocrx_word' id='word_1_206' title='bbox 840 3279 953 3342; x_wconf 89' lang='lat' dir='ltr'>amodo</span> <span class='ocrx_word' id='word_1_207' title='bbox 969 3277 1000 3340; x_wconf 92' lang='lat' dir='ltr'>in</span> <span class='ocrx_word' id='word_1_208' title='bbox 1017 3281 1112 3340; x_wconf 88' lang='lat' dir='ltr'>antea</span> <span class='ocrx_word' id='word_1_209' title='bbox 1127 3274 1230 3340; x_wconf 90' lang='lat' dir='ltr'>nullus</span> <span class='ocrx_word' id='word_1_210' title='bbox 1250 3279 1359 3355; x_wconf 90' lang='lat' dir='ltr'>pastor</span> 
     </span>
     <span class='ocr_line' id='line_1_27' title="bbox 123 3378 1359 3464; baseline -0.008 -12"><span class='ocrx_word' id='word_1_211' title='bbox 123 3392 160 3452; x_wconf 89' lang='lat' dir='ltr'>et</span> <span class='ocrx_word' id='word_1_212' title='bbox 182 3387 356 3452; x_wconf 90' lang='lat' dir='ltr'>conductor</span> <span class='ocrx_word' id='word_1_213' title='bbox 378 3387 527 3450; x_wconf 86' lang='lat' dir='ltr'>mandrae</span> <span class='ocrx_word' id='word_1_214' title='bbox 543 3385 648 3464; x_wconf 86' lang='lat' dir='ltr'>aliquo</span> <span class='ocrx_word' id='word_1_215' title='bbox 664 3383 756 3448; x_wconf 91' lang='lat' dir='ltr'>modo</span> <span class='ocrx_word' id='word_1_216' title='bbox 775 3384 873 3464; x_wconf 87' lang='lat' dir='ltr'>possit</span> <span class='ocrx_word' id='word_1_217' title='bbox 889 3382 1052 3462; x_wconf 86' lang='lat' dir='ltr'>pasculare</span> <span class='ocrx_word' id='word_1_218' title='bbox 1068 3378 1215 3444; x_wconf 87' lang='lat' dir='ltr'>animalia</span> <span class='ocrx_word' id='word_1_219' title='bbox 1230 3379 1359 3456; x_wconf 88' lang='lat' dir='ltr'>minuta,</span> 
     </span>
     <span class='ocr_line' id='line_1_28' title="bbox 120 3483 1358 3574; baseline -0.011 -14"><span class='ocrx_word' id='word_1_220' title='bbox 120 3512 229 3574; x_wconf 90' lang='lat' dir='ltr'>neque</span> <span class='ocrx_word' id='word_1_221' title='bbox 252 3497 340 3558; x_wconf 88' lang='lat' dir='ltr'>tenta</span> <span class='ocrx_word' id='word_1_222' title='bbox 362 3493 395 3554; x_wconf 94' lang='lat' dir='ltr'>iu</span> <span class='ocrx_word' id='word_1_223' title='bbox 418 3489 582 3564; x_wconf 74' lang='lat' dir='ltr'>casalibus</span> <span class='ocrx_word' id='word_1_224' title='bbox 607 3507 709 3569; x_wconf 81' lang='lat' dir='ltr'>nequo</span> <span class='ocrx_word' id='word_1_225' title='bbox 731 3507 830 3569; x_wconf 86' lang='lat' dir='ltr'>prope</span> <span class='ocrx_word' id='word_1_226' title='bbox 859 3487 961 3552; x_wconf 88' lang='lat' dir='ltr'>casole</span> <span class='ocrx_word' id='word_1_227' title='bbox 992 3484 1119 3566; x_wconf 88' lang='lat' dir='ltr'>aliquod</span> <span class='ocrx_word' id='word_1_228' title='bbox 1142 3503 1199 3564; x_wconf 92' lang='lat' dir='ltr'>per</span> <span class='ocrx_word' id='word_1_229' title='bbox 1221 3483 1358 3550; x_wconf 90' lang='lat' dir='ltr'>medium</span> 
     </span>
     <span class='ocr_line' id='line_1_29' title="bbox 120 3586 1360 3677; baseline -0.01 -13"><span class='ocrx_word' id='word_1_230' title='bbox 120 3597 270 3673; x_wconf 87' lang='lat' dir='ltr'>milliare,</span> <span class='ocrx_word' id='word_1_231' title='bbox 294 3596 352 3660; x_wconf 87' lang='lat' dir='ltr'>sub</span> <span class='ocrx_word' id='word_1_232' title='bbox 375 3613 478 3677; x_wconf 90' lang='lat' dir='ltr'>poena</span> <span class='ocrx_word' id='word_1_233' title='bbox 490 3596 704 3675; x_wconf 85' lang='lat' dir='ltr'>iperperorum</span> <span class='ocrx_word' id='word_1_234' title='bbox 728 3593 836 3657; x_wconf 88' lang='lat' dir='ltr'>decem</span> <span class='ocrx_word' id='word_1_235' title='bbox 857 3610 913 3672; x_wconf 92' lang='lat' dir='ltr'>pro</span> <span class='ocrx_word' id='word_1_236' title='bbox 928 3590 1068 3671; x_wconf 91' lang='lat' dir='ltr'>quolibet</span> <span class='ocrx_word' id='word_1_237' title='bbox 1084 3594 1116 3652; x_wconf 91' lang='lat' dir='ltr'>et</span> <span class='ocrx_word' id='word_1_238' title='bbox 1131 3588 1270 3668; x_wconf 84' lang='lat' dir='ltr'>qualibet</span> <span class='ocrx_word' id='word_1_239' title='bbox 1292 3586 1360 3652; x_wconf 87' lang='lat' dir='ltr'>uice</span> 
     </span>
     <span class='ocr_line' id='line_1_30' title="bbox 120 3695 1179 3782; baseline -0.013 -13"><span class='ocrx_word' id='word_1_240' title='bbox 120 3707 157 3769; x_wconf 86' lang='lat' dir='ltr'>ot</span> <span class='ocrx_word' id='word_1_241' title='bbox 180 3701 314 3782; x_wconf 81' lang='lat' dir='ltr'>omlibet</span> <span class='ocrx_word' id='word_1_242' title='bbox 336 3700 435 3782; x_wconf 87' lang='lat' dir='ltr'>possit</span> <span class='ocrx_word' id='word_1_243' title='bbox 458 3717 605 3764; x_wconf 87' lang='lat' dir='ltr'>accusare</span> <span class='ocrx_word' id='word_1_244' title='bbox 629 3703 660 3763; x_wconf 88' lang='lat' dir='ltr'>et</span> <span class='ocrx_word' id='word_1_245' title='bbox 683 3697 800 3761; x_wconf 84' lang='lat' dir='ltr'>babeat</span> <span class='ocrx_word' id='word_1_246' title='bbox 822 3695 1025 3760; x_wconf 84' lang='lat' dir='ltr'>medietatem</span> <span class='ocrx_word' id='word_1_247' title='bbox 1049 3711 1179 3774; x_wconf 88' lang='lat' dir='ltr'>poenae.</span> 
     </span>
    </p>

    <p class='ocr_par' dir='ltr' id='par_1_8' title="bbox 167 3795 1237 3879">
     <span class='ocr_line' id='line_1_31' title="bbox 167 3795 1237 3879; baseline -0.013 -8"><span class='ocrx_word' id='word_1_248' title='bbox 167 3807 300 3872; x_wconf 88' lang='lat' dir='ltr'>Testes:</span> <span class='ocrx_word' id='word_1_249' title='bbox 324 3823 384 3870; x_wconf 92' lang='lat' dir='ltr'>ser.</span> <span class='ocrx_word' id='word_1_250' title='bbox 406 3803 550 3867; x_wconf 86' lang='lat' dir='ltr'>Andreas</span> <span class='ocrx_word' id='word_1_251' title='bbox 573 3800 729 3879; x_wconf 89' lang='lat' dir='ltr'>Voletich,</span> <span class='ocrx_word' id='word_1_252' title='bbox 754 3819 814 3863; x_wconf 90' lang='lat' dir='ltr'>ser.</span> <span class='ocrx_word' id='word_1_253' title='bbox 839 3799 993 3863; x_wconf 86' lang='lat' dir='ltr'>Antonius</span> <span class='ocrx_word' id='word_1_254' title='bbox 1017 3795 1237 3862; x_wconf 87' lang='lat' dir='ltr'>Bernarouiclr.</span> 
     </span>
    </p>

    <p class='ocr_par' dir='ltr' id='par_1_9' title="bbox 166 3905 852 3988">
     <span class='ocr_line' id='line_1_32' title="bbox 166 3905 852 3988; baseline -0.015 -12"><span class='ocrx_word' id='word_1_255' title='bbox 166 3911 206 3976; x_wconf 95' lang='lat' dir='ltr'>In</span> <span class='ocrx_word' id='word_1_256' title='bbox 230 3909 309 3974; x_wconf 91' lang='lat' dir='ltr'>libro</span> <span class='ocrx_word' id='word_1_257' title='bbox 333 3909 434 3988; x_wconf 92' lang='lat' dir='ltr'>primo</span> <span class='ocrx_word' id='word_1_258' title='bbox 457 3907 684 3972; x_wconf 87' lang='lat' dir='ltr'>sententiarum</span> <span class='ocrx_word' id='word_1_259' title='bbox 709 3905 852 3968; x_wconf 91' lang='lat' dir='ltr'>civilium.</span> 
     </span>
    </p>
   </div>
   <div class='ocr_carea' id='block_1_6' title="bbox 563 4117 926 4176">
    <p class='ocr_par' dir='ltr' id='par_1_10' title="bbox 563 4117 926 4176">
     <span class='ocr_line' id='line_1_33' title="bbox 563 4117 926 4176; baseline 0 -17"><span class='ocrx_word' id='word_1_260' title='bbox 563 4121 624 4159; x_wconf 80' lang='lat' dir='ltr'>xm.</span> <span class='ocrx_word' id='word_1_261' title='bbox 650 4118 770 4160; x_wconf 71' lang='lat' dir='ltr'>nummo</span> <span class='ocrx_word' id='word_1_262' title='bbox 794 4117 926 4176; x_wconf 74' lang='lat' dir='ltr'>domums,</span> 
     </span>
    </p>
   </div>
   <div class='ocr_carea' id='block_1_7' title="bbox 119 4194 1360 4354">
    <p class='ocr_par' dir='ltr' id='par_1_11' title="bbox 119 4194 1360 4354">
     <span class='ocr_line' id='line_1_34' title="bbox 119 4194 1360 4275; baseline -0.01 -16"><span class='ocrx_word' id='word_1_263' title='bbox 119 4219 176 4275; x_wconf 87' lang='lat' dir='ltr'>qua</span> <span class='ocrx_word' id='word_1_264' title='bbox 196 4202 334 4268; x_wconf 86' lang='lat' dir='ltr'>statuitur,</span> <span class='ocrx_word' id='word_1_265' title='bbox 354 4201 424 4270; x_wconf 84' lang='lat' dir='ltr'>quod</span> <span class='ocrx_word' id='word_1_266' title='bbox 443 4202 568 4270; x_wconf 87' lang='lat' dir='ltr'>pistores,</span> <span class='ocrx_word' id='word_1_267' title='bbox 588 4199 645 4253; x_wconf 90' lang='lat' dir='ltr'>sino</span> <span class='ocrx_word' id='word_1_268' title='bbox 664 4214 760 4264; x_wconf 87' lang='lat' dir='ltr'>maros,</span> <span class='ocrx_word' id='word_1_269' title='bbox 780 4197 838 4252; x_wconf 92' lang='lat' dir='ltr'>siuo</span> <span class='ocrx_word' id='word_1_270' title='bbox 858 4197 979 4260; x_wconf 86' lang='lat' dir='ltr'>feminae,</span> <span class='ocrx_word' id='word_1_271' title='bbox 1000 4195 1115 4251; x_wconf 80' lang='lat' dir='ltr'>debeant</span> <span class='ocrx_word' id='word_1_272' title='bbox 1129 4194 1244 4249; x_wconf 88' lang='lat' dir='ltr'>uendere</span> <span class='ocrx_word' id='word_1_273' title='bbox 1263 4208 1360 4262; x_wconf 89' lang='lat' dir='ltr'>panem</span> 
     </span>
     <span class='ocr_line' id='line_1_35' title="bbox 480 4284 1006 4354; baseline -0.01 -13"><span class='ocrx_word' id='word_1_274' title='bbox 480 4286 513 4342; x_wconf 87' lang='lat' dir='ltr'>ad</span> <span class='ocrx_word' id='word_1_275' title='bbox 532 4301 692 4354; x_wconf 82' lang='lat' dir='ltr'>mensuram,</span> <span class='ocrx_word' id='word_1_276' title='bbox 713 4287 740 4340; x_wconf 95' lang='lat' dir='ltr'>in</span> <span class='ocrx_word' id='word_1_277' title='bbox 760 4291 823 4339; x_wconf 84' lang='lat' dir='ltr'>taxa</span> <span class='ocrx_word' id='word_1_278' title='bbox 841 4284 1006 4352; x_wconf 87' lang='lat' dir='ltr'>deputatam.</span> 
     </span>
    </p>
   </div>
   <div class='ocr_carea' id='block_1_8' title="bbox 164 4401 710 4498">
    <p class='ocr_par' dir='ltr' id='par_1_12' title="bbox 164 4401 710 4498">
     <span class='ocr_line' id='line_1_36' title="bbox 164 4401 710 4498; baseline -0.015 -18"><span class='ocrx_word' id='word_1_279' title='bbox 164 4413 228 4480; x_wconf 76' lang='lat' dir='ltr'>Die</span> <span class='ocrx_word' id='word_1_280' title='bbox 250 4416 311 4498; x_wconf 56' lang='grc' dir='ltr'>πυ).</span> <span class='ocrx_word' id='word_1_281' title='bbox 335 4401 482 4497; x_wconf 70' lang='lat' dir='ltr'>Auff&#39;ccsll‘.</span> <span class='ocrx_word' id='word_1_282' title='bbox 505 4411 710 4478; x_wconf 72' lang='lat' dir='ltr'>Mccuclmruu.</span> 
     </span>
    </p>
   </div>
   <div class='ocr_carea' id='block_1_9' title="bbox 120 4527 1359 4820">
    <p class='ocr_par' dir='ltr' id='par_1_13' title="bbox 120 4527 1359 4820">
     <span class='ocr_line' id='line_1_37' title="bbox 163 4527 1359 4620; baseline -0.013 -16"><span class='ocrx_word' id='word_1_283' title='bbox 163 4537 356 4619; x_wconf 84' lang='lat' dir='ltr'>Magnificus</span> <span class='ocrx_word' id='word_1_284' title='bbox 372 4542 404 4604; x_wconf 87' lang='lat' dir='ltr'>et</span> <span class='ocrx_word' id='word_1_285' title='bbox 419 4553 593 4619; x_wconf 84' lang='lat' dir='ltr'>generosus</span> <span class='ocrx_word' id='word_1_286' title='bbox 609 4535 752 4600; x_wconf 91' lang='lat' dir='ltr'>dominus</span> <span class='ocrx_word' id='word_1_287' title='bbox 767 4533 914 4614; x_wconf 85' lang='lat' dir='ltr'>Aloysius</span> <span class='ocrx_word' id='word_1_288' title='bbox 930 4529 1114 4608; x_wconf 88' lang='lat' dir='ltr'>Barbadico,</span> <span class='ocrx_word' id='word_1_289' title='bbox 1139 4546 1195 4609; x_wconf 91' lang='lat' dir='ltr'>pro</span> <span class='ocrx_word' id='word_1_290' title='bbox 1215 4527 1359 4620; x_wconf 69' lang='lat' dir='ltr'>illustris</span> 
     </span>
     <span class='ocr_line' id='line_1_38' title="bbox 121 4631 1357 4712; baseline -0.015 0"><span class='ocrx_word' id='word_1_291' title='bbox 121 4648 204 4712; x_wconf 91' lang='lat' dir='ltr'>simo</span> <span class='ocrx_word' id='word_1_292' title='bbox 229 4641 334 4708; x_wconf 90' lang='lat' dir='ltr'>ducali</span> <span class='ocrx_word' id='word_1_293' title='bbox 357 4641 493 4708; x_wconf 92' lang='lat' dir='ltr'>dominio</span> <span class='ocrx_word' id='word_1_294' title='bbox 516 4639 721 4705; x_wconf 79' lang='lat' dir='ltr'>venetiarum</span> <span class='ocrx_word' id='word_1_295' title='bbox 744 4637 882 4702; x_wconf 86' lang='lat' dir='ltr'>ciuitatis</span> <span class='ocrx_word' id='word_1_296' title='bbox 906 4633 1061 4700; x_wconf 85' lang='lat' dir='ltr'>Curzulae</span> <span class='ocrx_word' id='word_1_297' title='bbox 1085 4649 1190 4698; x_wconf 89' lang='lat' dir='ltr'>comes</span> <span class='ocrx_word' id='word_1_298' title='bbox 1213 4631 1357 4712; x_wconf 79' lang='lat' dir='ltr'>dignissi-</span> 
     </span>
     <span class='ocr_line' id='line_1_39' title="bbox 120 4734 1357 4820; baseline -0.015 -2"><span class='ocrx_word' id='word_1_299' title='bbox 120 4769 193 4818; x_wconf 91' lang='lat' dir='ltr'>mus</span> <span class='ocrx_word' id='word_1_300' title='bbox 217 4750 332 4818; x_wconf 86' lang='lat' dir='ltr'>sedens</span> <span class='ocrx_word' id='word_1_301' title='bbox 354 4747 395 4816; x_wconf 91' lang='lat' dir='ltr'>ad</span> <span class='ocrx_word' id='word_1_302' title='bbox 409 4765 501 4816; x_wconf 89' lang='lat' dir='ltr'>suum</span> <span class='ocrx_word' id='word_1_303' title='bbox 516 4745 592 4812; x_wconf 88' lang='lat' dir='ltr'>iuris</span> <span class='ocrx_word' id='word_1_304' title='bbox 608 4744 763 4812; x_wconf 88' lang='lat' dir='ltr'>banchum</span> <span class='ocrx_word' id='word_1_305' title='bbox 780 4761 849 4809; x_wconf 86' lang='lat' dir='ltr'>cunr</span> <span class='ocrx_word' id='word_1_306' title='bbox 864 4741 930 4808; x_wconf 89' lang='lat' dir='ltr'>suis</span> <span class='ocrx_word' id='word_1_307' title='bbox 946 4739 1108 4820; x_wconf 88' lang='lat' dir='ltr'>iudicibus,</span> <span class='ocrx_word' id='word_1_308' title='bbox 1126 4734 1357 4805; x_wconf 88' lang='lat' dir='ltr'>sententialiter</span> 
     </span>
    </p>
   </div>
   <div class='ocr_carea' id='block_1_10' title="bbox 0 0 1698 5392">
    <p class='ocr_par' dir='ltr' id='par_1_14' title="bbox 0 0 1698 5392">
     <span class='ocr_line' id='line_1_40' title="bbox 0 0 1698 5392; baseline 0 0"><span class='ocrx_word' id='word_1_309' title='bbox 0 0 1698 5392; x_wconf 95' lang='lat' dir='ltr'> </span> 
     </span>
    </p>
   </div>
  </div>
 </body>
</html>
