3416 5350
362 467 419 525 112

352 655 409 750 per
432 672 587 734 rectorem
611 671 644 732 et
667 665 815 734 offitialos
839 669 977 734 ciuitatis
1002 668 1133 750 Spalati,
1157 668 1242 749 qnod
1266 669 1339 734 talis
1363 667 1511 734 defensor
1524 688 1576 750 pro

350 773 482 838 absente
506 771 654 837 audiatur
684 777 717 836 et
739 771 884 836 iuditium
907 771 963 838 liat
985 777 1019 838 et
1040 771 1109 838 lieri
1131 774 1233 854 possit
1255 789 1326 837 cum
1351 791 1400 855 eo,
1424 771 1476 853 qui
1498 791 1529 836 se
1543 773 1581 837 ad
1673 799 1676 846 3

350 875 565 942 defensionem
588 875 742 942 obtulerit
764 893 822 956 pro
845 877 989 942 absente.
1675 935 1676 948 ,

398 979 551 1044 Additum
574 983 640 1062 est,
673 978 757 1059 quod
786 985 989 1060 procurator,
1022 983 1127 1061 tutor,
1158 983 1293 1058 curator,
1317 979 1371 1044 uel
1394 979 1533 1060 syndicus
1553 981 1582 1044 in
1675 1061 1676 1070 ἵ

353 1084 465 1149 iuditio
496 1099 559 1147 nou
581 1081 685 1162 possit
707 1082 825 1164 aliquid
849 1083 964 1161 dicere,
988 1083 1040 1148 uel
1063 1082 1204 1164 allegare
1228 1101 1334 1149 eoram
1365 1091 1503 1162 rectora,
1531 1085 1582 1149 sed

349 1193 440 1252 entra
462 1186 607 1250 iuditium
632 1186 718 1252 diost
740 1205 809 1250 cum
833 1187 989 1252 aduocato
1014 1205 1071 1252 suo
1087 1186 1237 1268 quicquid
1261 1186 1347 1251 uult:
1374 1191 1407 1250 ct
1422 1187 1582 1252 aduncatus

351 1309 391 1356 ea
409 1291 493 1356 dicat
509 1301 542 1355 et
557 1295 716 1370 proponat
732 1307 837 1356 coram
856 1296 979 1358 rectore
999 1297 1032 1357 et
1055 1289 1242 1356 offitialibus
1267 1289 1441 1354 communis
1464 1287 1581 1370 Spalati.

398 1393 442 1459 Et
465 1395 492 1458 si
514 1399 712 1476 procurator,
736 1400 834 1479 tutor,
858 1395 910 1460 uel
933 1401 1061 1460 curator
1083 1392 1325 1470 contralsceret,
1361 1391 1500 1474 qualibet
1519 1394 1580 1460 uice

353 1497 506 1579 puniatur
526 1498 559 1561 in
581 1496 648 1560 xli·
675 1497 782 1564 soldis.

730 1728 798 1770 OAP.
823 1729 850 1771 O·
874 1729 915 1770 nn
940 1727 1224 1772 eaoouasn'oumus.

394 1843 475 1910 Item
506 1847 662 1907 statutum
693 1847 726 1908 et
748 1844 930 1910 ordinatum
954 1851 1019 1927 est,
1051 1843 1136 1924 quod
1167 1845 1194 1907 si
1225 1844 1331 1925 aliqua
1364 1861 1500 1926 persone
1521 1841 1581 1904 uult

352 1946 477 2028 litigare
507 1965 565 2028 per
595 1951 850 2027 procuratorem,
885 1945 1021 2012 sufficiat
1044 1947 1071 2012 si
1093 1955 1280 2028 procurator
1302 1946 1421 2016 habeat
1444 1944 1579 2026 generale

352 2049 537 2114 mandatum
559 2051 602 2114 ad
625 2050 812 2132 litigandum
831 2051 863 2115 in
888 2049 1022 2132 egendo,
1048 2049 1100 2114 uel
1122 2048 1332 2116 defendendo.

396 2153 433 2216 In
457 2153 648 2234 quibusdam
673 2160 780 2219 autem
803 2155 928 2220 casibus
951 2173 1014 2219 non
1037 2151 1164 2233 sufficit,
1188 2154 1215 2220 si
1238 2159 1427 2236 procurator
1449 2152 1583 2234 generale

353 2255 472 2322 habeat
493 2257 688 2338 mandatum,
712 2257 769 2322 sed
793 2263 951 2339 opportet,
985 2257 1070 2338 quod
1091 2257 1209 2322 habeat
1231 2257 1371 2338 speciale
1394 2257 1580 2326 mundaum

353 2366 386 2426 et
407 2361 545 2426 licet'de
567 2361 627 2426 hoc
652 2360 740 2425 multi
765 2379 857 2426 casus
881 2367 956 2426 sunt
972 2361 1112 2442 expressi
1130 2361 1162 2424 in
1185 2361 1254 2426 iure
1277 2361 1431 2428 canonico
1446 2366 1478 2424 et
1498 2359 1583 2424 ciuili

353 2469 460 2529 tamen
482 2463 534 2527 hic
557 2471 719 2546 ponuntur
742 2465 839 2545 aliqui
862 2482 965 2542 casus
997 2465 1052 2544 qui
1074 2462 1234 2531 sufficiunt
1265 2467 1297 2528 in
1321 2465 1407 2530 ciuili
1428 2463 1495 2528 loro
1516 2463 1582 2527 ciui·

354 2569 430 2633 tatis
455 2566 587 2651 Spoleti,
610 2570 642 2632 in
665 2567 781 2648 quibus
804 2568 941 2649 exigitur
961 2569 1098 2649 speciale
1118 2568 1301 2632 mandatum
1317 2569 1349 2632 in
1366 2568 1583 2650 procuratione.

356 2669 449 2736 Unus
474 2677 539 2737 est:
574 2670 600 2736 si
624 2671 737 2752 aliquis
759 2672 830 2736 uult
853 2678 963 2753 petere
986 2667 1096 2751 filium,
1120 2672 1173 2736 uol
1196 2669 1293 2736 filiam
1317 2673 1449 2737 alicuius
1472 2671 1584 2734 nomine
1679 2743 1680 2746 Ἴ

355 2775 495 2856 alterius,
520 2781 679 2859 opportet,
700 2775 785 2856 quod
808 2775 851 2840 cd
873 2775 934 2842 hoc
956 2775 1074 2842 habeat
1097 2795 1116 2841 a
1138 2781 1230 2856 patre
1247 2775 1387 2856 speciale
1402 2776 1583 2840 mandatum.

356 2878 539 2944 Secundus¹
555 2885 621 2944 est:
639 2879 666 2944 si
685 2880 800 2960 aliquis
820 2879 891 2946 uult
906 2879 1013 2946 iacere
1029 2880 1156 2961 aliquod
1175 2887 1312 2962 pactum,
1328 2877 1584 2954 transactionem,

353 2981 457 3062 fiuent,
483 2983 719 3068 quietatiouem
756 2985 807 3048 uel
838 2983 1062 3050 refutationem
1092 2985 1132 3050 de
1162 2985 1231 3048 iure
1261 2983 1413 3062 alicuius;
1443 2989 1585 3064 opportet,

305 3089 310 3098 '
354 3087 440 3168 quod
462 3085 581 3152 habeat
604 3087 645 3151 ad
668 3085 728 3152 hoc
751 3087 889 3168 speciale
912 3088 1110 3152 mandatum.
1136 3087 1269 3154 Tercius
1293 3105 1387 3152 casus
1411 3095 1477 3153 est:
1500 3087 1524 3150 si
1538 3085 1587 3149 uli·

353 3191 424 3272 quis
447 3191 518 3255 uult
541 3190 675 3270 deterre,
711 3189 763 3256 uel
786 3189 906 3257 referre
943 3197 1175 3256 sacramentum
1199 3191 1292 3255 alicui
1317 3192 1357 3256 de
1381 3191 1488 3271 aliqua
1509 3208 1540 3254 re
1558 3189 1586 3250 iu

352 3295 464 3360 iuditio
486 3296 596 3376 petita,
629 3295 746 3361 debeat
768 3295 809 3360 ad
840 3295 901 3359 hoc
922 3295 1042 3361 habere
1066 3295 1204 3376 speciale
1234 3295 1426 3360 mandatum.
1459 3293 1588 3371 Quartus

353 3415 445 3465 casus
468 3405 533 3466 est:
558 3399 643 3480 quod
666 3400 693 3464 si
716 3399 830 3480 aliquis
853 3400 924 3464 uult
947 3399 1135 3465 contrahere
1169 3399 1360 3481 sponsalitia
1369 3409 1382 3477 ‚'
1409 3399 1461 3464 uel
1492 3397 1588 3461 matri-

355 3503 494 3568 monium
517 3503 643 3569 nomine
666 3503 808 3583 alterius,
832 3505 872 3569 ed
895 3503 956 3569 hoc
978 3503 1076 3570 debet
1097 3503 1217 3570 habere
1241 3503 1379 3585 speciale
1401 3502 1586 3567 mandatum.

354 3605 493 3684 Quintus
514 3623 607 3672 casus
631 3613 699 3673 ost:
723 3607 809 3689 quod
825 3607 952 3688 quaudo
969 3607 1084 3688 aliquis
1108 3608 1179 3673 uult
1194 3613 1304 3688 petere
1321 3623 1450 3672 uxorem
1468 3604 1589 3670 alterius

356 3711 440 3794 quod
464 3716 646 3778 reuertatur
668 3711 710 3776 ad
734 3713 861 3777 domum
880 3711 1060 3790 maritimi,
1081 3711 1167 3793 quod
1183 3729 1280 3794 super
1295 3711 1355 3776 hoc
1370 3709 1467 3776 debet
1482 3707 1591 3773 habere

357 3817 496 3900 speciale
512 3817 705 3882 mandatum.
730 3815 845 3883 Sextus
869 3835 961 3882 casus
984 3821 1050 3882 est:
1076 3817 1102 3880 si
1126 3813 1240 3897 aliquis
1262 3815 1332 3880 uult
1347 3819 1459 3896 petere
1476 3811 1591 3876 nomine

358 3919 499 4004 alterius,
524 3921 609 4002 quod
625 3918 681 3985 fiat
696 3918 937 4001 exemplificatio
954 3920 993 3985 de
1009 3919 1236 3998 instrumentis
1254 3936 1315 3999 quq
1332 3936 1391 4000 per
1405 3919 1591 3984 uetustatem

355 4024 605 4104 tensamentum,
637 4025 733 4091 debet
762 4024 880 4090 habere
910 4025 951 4089 ad
976 4025 1033 4089 hoc
1059 4023 1197 4106 speciale
1221 4023 1415 4088 mandatum.
1442 4019 1593 4101 Septimus

356 4147 448 4196 casus
472 4134 538 4195 est:
562 4127 592 4192 in
617 4130 813 4210 prestatione
836 4127 1004 4193 iuramenti
1028 4127 1195 4208 calumnie,
1219 4127 1273 4192 ubi
1297 4127 1435 4208 exigitur
1457 4123 1590 4206 speciale

356 4233 551 4299 mundatum.
576 4230 718 4298 Octouus
740 4250 833 4298 casus
856 4239 915 4312 est,
939 4231 1065 4313 quando
1089 4231 1191 4295 minor
1215 4249 1291 4296 xxv
1314 4229 1406 4295 annis
1429 4229 1484 4294 uel
1507 4229 1594 4295 etiam

360 4337 494 4405 ecclesia
522 4337 605 4417 petit
634 4337 666 4400 in
696 4337 856 4418 integrum
885 4337 1137 4414 restitutionem,
1169 4341 1244 4401 tunc
1267 4335 1441 4416 requiritur
1464 4331 1594 4416 speciale

364 4440 560 4508 mandatum.
584 4439 694 4507 Nonus
710 4458 802 4507 cesus
824 4445 882 4520 est,
907 4439 991 4522 quod
1007 4439 1133 4520 quondo
1157 4438 1264 4520 plures
1289 4445 1364 4503 suut
1379 4444 1596 4520 procuratores

404 4651 525 4714 ¹tod.
549 4653 655 4713 acad.
680 4653 705 4711 B
727 4657 757 4712 ct
779 4671 827 4728 ap.
851 4653 877 4710 L
881 4652 976 4727 jub.:
995 4645 1133 4725 ‚,casus“.
1184 4647 1305 4709 ‘ibid
1345 4645 1592 4730 ²‚truusitiouom“.

365 4737 509 4800 ³ibiu.:
537 4737 825 4816 „consumerentur“.
923 4759 926 4764 ¹
