3408 5354
230 432 484 508 ,reo'

378 634 509 713 Quarto.
532 639 612 703 Item
644 639 850 704 domandamo
884 639 923 705 de
946 641 1051 722 616116
1074 641 1192 722 special
1216 641 1268 718 alli
1290 641 1373 722 piedi
1402 643 1433 708 di
1462 617 1569 709 rostra

334 741 502 818 sublimita,
526 742 583 806 che
606 743 727 807 auendo
752 743 761 806 i
783 743 882 807 vostri
905 741 1076 808 fidelissimi
1101 742 1271 809 Curzulani
1301 751 1421 812 mostra
1450 747 1482 811 16
1515 765 1568 814 ue

333 844 481 910 rilissima
508 843 580 909 tede
603 843 629 908 si
660 844 824 912 nell’anno
855 852 992 928 passato,
1017 865 1137 914 comme
1159 849 1210 914 nel
1233 855 1381 930 presente
1403 868 1462 932 per
1492 869 1569 916 onor

243 967 244 970 ’
283 969 284 972 ’
337 948 422 1014 della
445 954 552 1014 166116
574 949 785 1014 illustrissima
806 950 952 1031 signoria,
977 943 1063 1026 accio¹
1085 971 1119 1018 se
1141 952 1300 1034 possiamo
1322 955 1376 1018 nui
1399 953 1570 1019 Curculani

317 1045 875 1135 ’666661666161666616111661611
902 1055 1072 1121 Veneaiani
1104 1063 1137 1122 61
1166 1057 1239 1121 16111
1269 1057 1413 1123 cittadini
1442 1060 1484 1125 de
1507 1059 1569 1126 Ve-

332 1159 424 1223 nenia
445 1175 503 1238 per
526 1157 627 1240 gloria
649 1163 681 1222 et
703 1163 857 1240 perpetua
877 1160 1030 1238 memoria
1052 1160 1127 1226 delli
1150 1162 1252 1226 nostri
1267 1161 1473 1230 descendenti
1496 1181 1568 1244 pos-

331 1279 417 1326 66616
440 1260 639 1326 usnlruttuar
670 1268 704 1327 et
724 1281 800 1327 aner
822 1262 853 1328 el
875 1262 1027 1330 beneficio
1044 1263 1147 1329 hanno
1164 1265 1185 1328 11
1203 1265 1347 1331 cittadini
1363 1265 1446 1331 dalla
1462 1275 1570 1332 vostra

330 1367 512 1444 sublimita3
534 1374 568 1432 61
588 1370 701 1446 questo
724 1367 924 1432 dimandemo
947 1387 1005 1450 per
1027 1369 1049 1432 li
1072 1368 1276 1451 gentilomeni
1292 1375 1324 1436 61
1340 1369 1494 1450 6111611161,
1512 1371 1570 1436 che

331 1471 449 1537 611616
471 1490 506 1538 66
529 1471 787 1538 6111666166616
811 1472 842 1536 16
865 1479 950 1537 16116
974 1473 1014 1539 de
1038 1469 1182 1538 Cumulo.

372 1576 421 1641 Ad
444 1582 590 1657 quartum
611 1577 908 1656 respondetur,
932 1578 1017 1658 quod
1039 1578 1085 1642 616
1106 1563 1339 1658 requirentibus
1361 1576 1424 1644 flde
1446 1585 1569 1646 61166

330 1680 400 1747 ritis
423 1681 496 1760 suis,
522 1699 630 1746 sumus
653 1681 793 1746 contenti
815 1686 849 1745 et
878 1682 1088 1760 concedimus,
1112 1681 1198 1762 quod
1221 1682 1344 1749 nobiles
1374 1682 1496 1766 consilij
1522 1683 1570 1748 sui

329 1790 364 1851 61
386 1785 574 1866 quicumque
598 1785 650 1867 alii
675 1785 764 1869 ciues
782 1784 962 1851 habitantes
991 1784 1147 1854 Ourzulae
1177 1787 1241 1852 sint
1262 1791 1346 1853 ciues
1379 1788 1480 1853 nostri
1503 1787 1568 1852 Ve

328 1892 398 1956 neti
420 1891 460 1956 de
483 1891 567 1956 intus
590 1895 713 1955 tantum
737 1895 771 1954 61
792 1891 953 1973 gaudeant
976 1907 1173 1970 quocumque
1203 1890 1365 1970 beneficio,
1396 1911 1459 1974 quo
1488 1912 1568 1974 gau-

328 1995 408 2062 dent
430 2003 462 2063 et
484 1995 631 2064 fruuntur
653 1995 704 2078 alij
729 1995 815 2060 ciues
838 1995 937 2060 nostri
960 1995 1076 2060 Veneti
1099 1995 1139 2061 de
1162 1997 1255 2062 intus.

290 2087 291 2094 '
372 2100 499 2178 Quinto.
523 2101 603 2166 Item
626 2099 835 2166 demandante
859 2119 880 2163 a
903 2104 1010 2164 vostra
1025 2099 1212 2166 celsitudine
1228 2099 1258 2164 lo
1274 2104 1360 2166 16616
1376 2099 1460 2166 delle
1476 2100 1568 2164 bom-

326 2205 436 2286 barde,
459 2205 490 2270 16
507 2205 580 2286 quel
602 2208 729 2270 reatano
752 2204 891 2284 segondo
915 2204 946 2268 16
968 2209 1059 2286 66116
1082 2222 1178 2286 61666
1200 2201 1312 2270 l'anno
1335 2209 1476 2286 passato.

370 2307 425 2376 Ad
448 2309 630 2391 quintum
654 2314 687 2374 61
709 2307 866 2382 ultimum,
890 2309 975 2389 quod
991 2308 1060 2374 dari
1076 2310 1121 2375 eis
1144 2307 1294 2392 iaciemus
1310 2309 1449 2375 libentur
1464 2327 1569 2390 quan-

326 2420 394 2480 tum
417 2419 543 2498 petunt.
1395 2477 1397 2480 .

370 2517 476 2595 Quare
505 2517 700 2584 authoritate
730 2516 936 2598 suprascripti
965 2515 1085 2597 consilij
1116 2517 1216 2582 nostri
1245 2517 1439 2598 Rogatornm
1469 2505 1581 2584 661116Ι

326 2624 523 2703 mandamur,
546 2627 583 2688 ut
604 2621 820 2703 suprascripta
841 2619 980 2701 capitula
1001 2619 1089 2686 iuxta
1110 2620 1334 2704 responsiones
1357 2627 1483 2688 6661166
1509 2622 1569 2688 ob-

328 2744 458 2793 seruare
481 2733 512 2794 et
535 2727 697 2793 obseruari
720 2725 825 2792 facere
847 2724 1071 2790 inuiolabiliter
1094 2725 1247 2792 debeatis.

369 2831 435 2900 Has
460 2837 565 2898 autem
587 2831 629 2897 ad
651 2847 868 2897 successorunr
890 2829 1072 2896 memoriam
1101 2829 1267 2912 registrari
1289 2829 1384 2897 facite
1413 2834 1448 2897 61
1470 2848 1568 2912 6166-

327 2938 464 3003 sentanti
484 2933 620 3002 restitui.
764 3021 769 3028 .
1449 2922 1453 2936 '

368 3041 487 3107 Datum
509 3043 671 3109 innostro
695 3039 798 3105 ducali
829 3039 947 3122 palatio
978 3039 1029 3105 die
1058 3039 1138 3104 xrrix.
1168 3038 1286 3122 MartiJ',
1317 3039 1488 3106 indictione
1520 3041 1567 3123 iij.

327 3145 535 3214 Moccclnxrv.

532 3249 716 3334 Atergo:

366 3356 533 3423 Nobilibus
556 3361 590 3422 61
611 3355 805 3438 sapientibus
827 3354 902 3420 viris
923 3353 1088 3420 Bernardo
1123 3353 1164 3418 de
1195 3351 1314 3432 Canali,
1345 3354 1452 3419 comiti
1481 3352 1568 3420 Gur·

326 3461 418 3528 aulae
442 3467 476 3528 ct
496 3461 730 3528 successoribus
752 3459 826 3525 suis.
1094 3536 1095 3540 Ἰ
1118 3539 1129 3582 Ι

720 3673 855 3714 xxxvm.
881 3672 1002 3715 DEGISIO
1024 3672 1157 3731 nonme,

325 3767 379 3820 qua
396 3757 533 3822 statuitur,
552 3753 623 3822 quod
640 3753 784 3817 debitores,
803 3753 847 3808 uel
865 3753 1012 3807 creditores
1031 3753 1178 3808 communia
1197 3768 1251 3808 non
1267 3753 1374 3823 possint
1390 3753 1506 3822 aliquod
1518 3756 1569 3809 in-

836 3848 945 3896 cantum
962 3855 1058 3895 emere.
1087 3845 1088 3848 ’

366 3965 428 4032 Dic
448 3987 480 4030 a.
504 3966 586 4050 Μαί]
607 3965 814 4032 Mecccloeaco.

365 4087 551 4172 Magnificus
573 4094 608 4153 et
628 4106 804 4172 generosus
826 4088 971 4154 dominus
993 4085 1175 4154 Bernardus
1199 4088 1239 4152 de
1261 4087 1382 4167 Canali,
1411 4087 1568 4170 dignissi-

321 4209 393 4258 mus
416 4212 519 4260 comes
544 4192 707 4274 Curzulae,
732 4194 846 4258 sedens
871 4192 911 4258 ad
933 4211 1024 4258 suurn
1047 4191 1123 4258 iuris
1138 4191 1295 4258 barchum
1311 4209 1381 4258 curn
1398 4194 1569 4262 661616111-

321 4297 419 4378 cibus,
442 4301 521 4365 uisis
542 4299 656 4366 litteris
679 4299 841 4365 ducalibus
865 4303 899 4364 et
917 4297 1091 4380 priuilegijs
1105 4297 1198 4362 istius
1215 4298 1460 4378 communitatis,
1485 4318 1568 4366 con-

322 4405 419 4471 cessis
441 4406 502 4486 ipsi
525 4404 709 4471 comunitati
734 4409 767 4468 61
789 4403 970 4469 uolentibus
993 4407 1026 4468 61
1048 4401 1281 4482 mandantibus
1314 4402 1401 4482 quod
1434 4403 1566 4489 denarij

324 4507 363 4573 de
383 4510 513 4593 triginta
534 4515 568 4576 et
590 4509 801 4592 quadraginta
823 4527 880 4590 pro
903 4508 1083 4574 centenario
1106 4507 1323 4588 expendantur
1338 4509 1370 4572 in
1385 4505 1512 4574 fabrica
1529 4518 1568 4576 et

322 4629 450 4682 necesse
472 4615 514 4680 sit
536 4613 697 4681 multoties
718 4613 824 4679 tacere
846 4631 1001 4695 expensas
1025 4618 1222 4696 opportunas
1237 4618 1271 4678 et
1285 4613 1482 4680 necessarias
1500 4633 1564 4696 pro

321 4718 457 4786 utilitate
480 4720 711 4786 communitatis
734 4725 768 4784 et
789 4718 951 4784 multoties
973 4737 1036 4785 non
1059 4719 1122 4782 sint
1147 4717 1267 4801 denarij
1290 4719 1322 4783 16
1345 4736 1493 4799 6616616;
1526 4728 1566 4788 61
