3388 5356
1273 635 1335 696 265

129 834 170 900 Per
189 833 275 916 copia
298 833 328 900 d’
338 835 412 917 ogni
436 833 569 901 articulo
593 833 664 900 deli‘
687 835 852 902 articolsts
897 885 904 900 .
951 885 958 900 .
1046 872 1087 886 -
1162 837 1245 901 solda·
1267 837 1307 918 vi.

126 939 166 1004 Per
183 939 336 1003 remotion
360 937 446 1004 daila
461 937 599 1018 querela,
622 955 736 1004 accusa
757 941 776 1004 ὸ
791 940 950 1018 donantis,

184 1061 239 1124 per
261 1040 450 1108 ciaschedun
472 1059 528 1107 reo
568 1089 955 1108 ........
1044 1079 1088 1089 -
1161 1041 1243 1107 sotdi
1264 1043 1325 1125 xvj.

126 1145 168 1210 Per
184 1145 254 1227 ogni
279 1145 437 1211 sententia
466 1145 626 1210 criminale
658 1163 716 1211 con
746 1145 778 1210 is
807 1165 866 1210 sua
894 1165 952 1228 pu·

184 1247 353 1314 blicatione
375 1247 408 1313 in
427 1265 563 1329 arrengo
621 1297 954 1314 .......
1042 1283 1086 1296 -
1159 1249 1243 1314 solda·
1264 1248 1316 1330 xij.

128 1351 171 1416 Per
186 1351 205 1413 1’
226 1357 293 1417 atto
317 1351 402 1416 della
423 1350 634 1417 relassatione
656 1369 714 1434 pro
736 1369 850 1417 nune.
896 1401 904 1414 .
951 1402 958 1416 .
1046 1389 1090 1398 -
1164 1351 1247 1415 soldi
1269 1349 1334 1432 viij.

130 1454 172 1520 Per
188 1454 440 1537 deppennations
471 1454 503 1518 di
532 1454 641 1537 Raspa
663 1454 693 1520 d'
702 1455 775 1536 ogni
808 1454 950 1535 bsnditt,
1244 1529 1247 1538 ,

192 1558 339 1640 relegato,
365 1561 383 1622 ὸ
407 1559 604 1624 ωηᾱιιιιηειῐο
627 1605 962 1623 .......
1049 1593 1093 1606 --
1165 1557 1248 1622 soldi
1268 1557 1323 1639 xij.

160 1659 233 1726 Tutti
262 1661 305 1742 gl'
327 1662 387 1726 atti
417 1661 502 1727 ciuili
524 1661 714 1747 presentati,
739 1664 758 1726 ὸ
781 1661 883 1728 scritti
912 1662 945 1726 in
969 1661 1148 1740 criminals,
1178 1658 1339 1740 ildoppio

131 1763 208 1843 giusta
228 1762 249 1826 1’
271 1781 339 1828 uso.

161 1864 225 1932 Zara
246 1865 267 1930 li
289 1885 358 1930 xxv.
381 1865 520 1948 Maggi0‚
544 1867 702 1950 Mszliij.

163 1969 216 2034 (iio.
237 1967 375 2035 Battista
398 1971 540 2036 Grimani
563 1969 748 2053 proueditor
771 1971 910 2053 general.

164 2070 276 2139 Bortolo
299 2072 443 2139 Lantana
472 2073 654 2140 coadiutors
677 2073 762 2138 della
783 2073 969 2156 *segretatis
994 2071 1067 2140 dell'
1080 2071 1340 2139 eccellentissimo

134 2175 283 2258 generatam
305 2175 348 2244 ht
368 2175 449 2242 fatto
473 2178 599 2259 copiare
621 2181 654 2242 et
676 2177 881 2242 sotwscritto.
