3434 5368
142 4875 224 4890 Q.

771 732 837 774 UAP.
860 731 996 772 xxxvm.
1020 731 1061 771 DE
1082 731 1183 772 nante.

403 829 484 896 Item
507 831 683 913 statuimus,
707 831 793 912 quod
815 831 841 896 si
865 831 934 912 quis
958 836 1115 895 mercator
1137 830 1270 894 emendo
1294 829 1413 910 aliquid
1428 831 1468 895 ab
1483 829 1594 911 aliquo
1683 833 1685 874 ⁷

363 934 489 1000 dederit
510 953 605 999 vnum
628 935 791 1000 denarium
814 951 947 1017 paruum
971 952 1027 1016 pro
1048 933 1137 1018 arnis,
1161 939 1334 999 mercatum
1356 933 1398 999 sit
1420 931 1546 998 firmum
1563 937 1596 996 et
1683 1005 1685 1014 Α

361 1039 511 1104 uenditor
533 1044 642 1105 teneat
642 1059 680 1104 ur
703 1039 780 1106 dare
802 1047 835 1106 et
857 1045 981 1121 emptor
1003 1039 1145 1120 recipere
1168 1056 1305 1116 meroem
1335 1043 1368 1104 et
1389 1039 1429 1104 ab
1452 1057 1513 1104 uuo
1537 1036 1593 1102 de·

361 1143 450 1209 uario
474 1161 571 1225 supra
593 1145 618 1210 si
642 1144 755 1226 aliquis
789 1145 914 1211 dederit
936 1163 1026 1209 arras
1049 1144 1105 1226 illi,
1139 1162 1197 1226 pro
1220 1161 1282 1224 quo
1304 1143 1479 1210 remanebit
1510 1161 1595 1208 mer·

362 1253 476 1328 ceſtriam
500 1255 647 1316 teneatur
668 1250 792 1317 soluere
815 1250 907 1316 alteri
931 1251 1014 1332 parti
1037 1267 1126 1314 arras
1148 1249 1181 1313 in
1204 1247 1343 1330 duplum.

653 1448 720 1490 ΟΔΡ.
744 1449 855 1490 xxm.
878 1449 921 1490 DE
942 1448 1102 1491 mmsmnm
1124 1423 1303 1490 umanum¹

405 1563 486 1630 Item
511 1565 679 1630 statuimus
702 1569 736 1630 et
758 1565 949 1644 ordinamus
972 1565 1057 1646 quod
1079 1564 1106 1629 si
1128 1563 1240 1646 aliquis
1255 1562 1427 1630 decesserit
1440 1569 1505 1628 tam
1522 1579 1595 1628 cum

362 1673 562 1748 testamento,
586 1687 680 1750 quam
704 1671 772 1736 sine
794 1675 995 1754 testamento,
1019 1676 1052 1736 et
1075 1667 1192 1736 habeat
1213 1685 1307 1732 vnum
1322 1665 1430 1753 tilium,
1454 1667 1507 1734 uel
1525 1667 1595 1749 plu·

1683 1167 1685 1302 i

1681 1367 1685 1398 l

1683 1405 1685 1426 t

1683 1499 1685 1528 i

363 1793 414 1839 res
436 1773 605 1858 legitimos,
629 1776 698 1840 siue
720 1775 761 1841 de
784 1793 845 1840 vna
860 1793 966 1856 uxore,
990 1774 1057 1840 siue
1079 1775 1119 1839 de
1142 1773 1284 1855 pluribus
1299 1773 1593 1852 matrimonialibus,
1684 1767 1685 1772 ’

366 1877 504 1946 debeant
525 1881 557 1944 in
580 1881 670 1947 bonis
693 1882 761 1946 eius
784 1880 952 1946 succedere
975 1884 1040 1944 tarn
1062 1879 1239 1963 mobilibus,
1262 1897 1355 1960 quam
1372 1878 1595 1956 immobilibus,

365 1989 399 2050 et
421 1983 558 2051 debeant
581 1985 724 2052 diuidere
754 1985 911 2068 equaliter
942 1985 1027 2050 bona
1058 1981 1168 2049 illius.²
1201 1985 1294 2050 Etsi
1316 1983 1429 2066 aliquis
1458 1981 1594 2049 filiorum
1683 2023 1685 2054 t

363 2088 496 2156 haberet
517 2087 624 2170 filium,
648 2090 701 2155 uel
721 2087 813 2170 filios,
837 2095 995 2173 nepotem,
1018 2089 1071 2154 uel
1093 2095 1234 2170 nepotes,
1264 2088 1346 2154 iutra
1366 2087 1499 2171 madum
1525 2105 1595 2152 suo-

362 2192 476 2260 cedaut
497 2199 531 2260 et
552 2195 714 2277 recipiant,
749 2195 903 2261 moriente
926 2214 987 2260 auo
1010 2199 1042 2259 et
1064 2199 1165 2275 patre,
1189 2199 1310 2275 partem
1333 2194 1432 2276 patris
1455 2194 1515 2258 sui.
1552 2191 1595 2256 Et
1684 2207 1685 2294 f

363 2299 408 2364 sic
430 2299 667 2382 intelligendum
691 2306 750 2378 est,
775 2299 994 2366 descendendo
1017 2317 1075 2381 per
1097 2299 1212 2364 lineam
1235 2299 1404 2380 sauguinis.
1428 2297 1472 2362 Et
1486 2298 1515 2363 si
1532 2314 1593 2361 nou
1683 2381 1685 2402 Ι

361 2403 508 2469 habuerit
528 2405 641 2484 aliquis
663 2404 795 2470 fratrum
817 2403 925 2483 filium,
949 2403 1001 2469 uel
1024 2403 1120 2486 filios,
1155 2404 1212 2470 sed
1234 2403 1380 2468 habuerit
1401 2402 1508 2481 tiliam,
1543 2400 1594 2466 uel
1683 2409 1685 2436 ¹

361 2505 451 2590 filias,
474 2508 528 2574 ille
551 2507 614 2574 iilie
636 2508 773 2574 babeant
795 2516 916 2590 partem
940 2507 1039 2590 patris
1062 2509 1120 2590 sui,
1142 2509 1222 2574 sicut
1244 2527 1323 2574 uuus
1345 2508 1494 2584 iratrum;
1519 2511 1554 2571 et
1568 2504 1594 2570 si
1683 2539 1685 2590 {

362 2611 407 2676 illi
429 2611 545 2678 iratres
561 2612 733 2680 habuerint
749 2631 899 2693 sororem,
923 2613 975 2679 uel
991 2631 1125 2692 sorores,
1150 2619 1318 2678 teneantur
1332 2615 1481 2678 maritare
1495 2611 1592 2693 ipsas,

361 2717 413 2783 uel
435 2717 545 2800 ipsam,
570 2719 729 2799 usquead
753 2719 906 2785 decimum
929 2725 1076 2784 octauum
1098 2737 1229 2797 anuum3
1262 2719 1345 2800 quod
1370 2719 1397 2783 si
1419 2717 1589 2798 noluerint,
1683 2787 1684 2794 ἶ

361 2822 480 2903 possint
503 2842 538 2889 se
560 2825 718 2906 maritare,
742 2825 922 2906 recipiendo
945 2825 1124 2906 porcionem
1145 2824 1284 2889 omnium
1300 2842 1404 2890 rerum
1419 2823 1521 2904 patris
1537 2839 1593 2904 per

362 2931 465 2992 ratum
487 2929 636 3011 capitum,
660 2930 700 2996 de
722 2930 853 2996 consilio
876 2930 1009 2996 aliorum
1031 2949 1159 2996 suorum
1182 2930 1436 3012 propinquorum.

793 3110 860 3152 oar·
883 3111 935 3152 xu.
965 3112 1006 3152 nn
1028 3087 1161 3152 tronum.3

405 3207 486 3271 Item
509 3208 686 3287 statuimus,
711 3209 794 3290 quod
817 3215 851 3273 vt
873 3228 969 3291 supra
991 3210 1108 3276 dictum
1131 3215 1189 3290 est,
1213 3211 1253 3274 de
1271 3210 1340 3275 uiro
1356 3210 1510 3275 moriente
1529 3215 1592 3272 tam

363 3329 433 3375 cum
456 3315 656 3391 testamento,
680 3331 773 3394 quam
796 3313 874 3398 siue,
898 3314 1136 3397 intelligendum
1159 3320 1208 3379 est
1227 3313 1369 3380 similiter
1392 3314 1432 3378 de
1447 3311 1590 3391 muliere,

363 3415 458 3480 etiam
480 3415 633 3482 moriente
656 3422 721 3482 tam
743 3435 812 3482 oum
836 3423 1036 3500 testamento,
1071 3437 1164 3499 quam
1187 3419 1272 3499 siue,
1307 3418 1471 3496 uidelicet,
1505 3416 1591 3499 quod
1682 3461 1683 3473 ,

363 3521 477 3586 mulier
498 3539 561 3586 uon
583 3523 684 3604 possit
705 3523 815 3588 testari
837 3523 909 3604 plus
931 3523 983 3587 vni
1006 3522 1091 3606 filio,
1120 3523 1174 3588 uel
1197 3522 1268 3603 filie,
1304 3541 1398 3604 quam
1420 3522 1500 3601 alii‚‘
1534 3540 1591 3587 nec

363 3626 465 3706 possit
485 3625 714 3694 dishereditare
736 3625 832 3692 filium
856 3628 909 3692 uel
932 3626 1037 3707 tiliam,
1068 3627 1120 3693 uel
1141 3627 1182 3694 ab
1204 3627 1251 3692 eis
1274 3627 1500 3694 descendentes
1524 3625 1591 3692 siue
1680 3629 1682 3646 ³

362 3729 446 3796 iusta
468 3747 573 3795 causa.

795 3859 861 3903 GAP.
884 3861 947 3902 xm.
979 3863 1020 3903 Did
1042 3863 1158 3903 EODEM.

405 3957 486 4023 Item
519 3962 672 4023 statutum
704 3964 738 4024 et
767 3959 944 4025 ordinatum
968 3966 1033 4040 est,
1067 3961 1201 4042 quodsi
1224 3961 1337 4043 aliquis
1370 3961 1517 4028 habuerit
1551 3961 1589 4026 de

362 4062 464 4144 prima
486 4080 581 4140 uxore
603 4061 708 4142 filiam,
733 4063 785 4128 uel
808 4061 905 4144 filias,
940 4070 974 4130 et
996 4065 1036 4131 de
1058 4065 1196 4132 secunda
1217 4071 1250 4130 et
1271 4085 1369 4146 supra
1390 4063 1504 4145 tilium,
1539 4064 1589 4130 uel

362 4164 443 4232 filios
467 4171 501 4232 et
523 4186 541 4232 e
564 4185 734 4244 conuers03
770 4185 877 4234 omues
900 4169 1093 4249 coequaliter
1128 4169 1270 4235 diuidaut
1298 4171 1382 4236 bona
1404 4170 1512 4252 patris.
1549 4167 1590 4232 Et

361 4276 437 4336 uota
452 4271 536 4352 quod
552 4271 634 4336 siout
649 4271 766 4335 dictum
781 4275 832 4337 est
847 4272 886 4338 de
901 4274 980 4352 uiro,
1004 4274 1049 4339 ita
1064 4274 1302 4356 intelligendum
1326 4281 1374 4341 est
1397 4275 1436 4339 de
1458 4275 1589 4339 muliere
1678 4311 1680 4352 t

361 4375 498 4441 habente
510 4375 600 4454 filios,
617 4374 669 4439 uel
685 4375 775 4453 filias,
791 4376 858 4444 siue
870 4395 938 4442 cum
952 4397 1012 4442 vno
1025 4379 1102 4458 uiro,
1126 4379 1193 4445 siue
1206 4397 1275 4444 cum
1288 4379 1429 4461 pluribus
1440 4378 1589 4460 legitime.
1678 4415 1680 4484 ,

409 4517 500 4579 ¹Ood.
518 4521 602 4593 Cap..
629 4520 693 4602 „Da
716 4519 982 4583 testamento“.

407 4603 479 4665 ⁹Ci.
495 4623 571 4680 cap.
589 4605 697 4666 CXLV.
714 4607 860 4666 Slatuti
875 4610 993 4669 iuferius
1009 4612 1056 4670 eit.

408 4689 419 4725 ⁸
435 4694 513 4752 cod.
538 4695 634 4767 Cap:
661 4695 720 4775 „De
735 4695 876 4754 diuisione
891 4693 1056 4757 heredum“.

408 4775 420 4811 ⁴
436 4779 477 4840 Oi.
494 4783 528 4840 de
543 4781 600 4840 ista
615 4781 779 4854 quaestione
795 4783 914 4844 inferius
930 4801 1002 4859 cap.
1019 4783 1132 4846 LXXV.
1149 4787 1185 4844 et
1200 4784 1311 4845 CXXX.
1329 4785 1488 4846 Statuti.
