3434 5368
193 708 253 766 toto
269 721 351 780 posse
366 705 513 765 conamine
528 705 677 780 rumpendi
692 720 753 764 cem
766 708 796 764 et
807 705 832 764 si
842 705 909 776 scio,
927 705 971 764 uel
984 704 1084 768 scirem
1097 705 1223 780 aliquam
1240 705 1439 782 compagniam

193 810 311 888 factam,
336 827 425 884 quam
448 810 539 869 ciclus
561 811 671 884 potero,
695 807 883 870 manifestabo
905 825 967 868 eam
984 810 1106 887 domino,
1130 812 1160 868 et
1175 811 1289 884 quando
1312 809 1443 870 dominus

193 931 287 974 comes
310 914 445 988 quesierit
461 931 478 974 8
493 930 537 973 me
553 913 714 995 8818111888,
738 915 811 974 dabo
826 915 852 973 ei
869 916 974 974 rectum
991 915 1020 972 et
1035 914 1158 992 fidelem,
1183 916 1212 974 et
1226 915 1381 975 ueritatem
1397 915 1440 974 di·

198 1036 260 1080 cam
276 1022 307 1078 et
321 1020 448 1079 raciones
463 1020 493 1078 at
507 1017 635 1078 iusticias
650 1020 680 1078 81
694 1019 834 1079 directum
849 1019 878 1078 in
895 1019 1035 1101 omnibus,
1059 1035 1114 1093 que
1136 1019 1278 1094 portinent
1301 1019 1337 1078 cd
1357 1019 1443 1079 comi·

195 1126 290 1184 tatum
308 1125 422 1184 domolo
436 1122 627 1184 manifestabo
639 1125 668 1182 81
680 1123 876 1205 manutenebo,
893 1123 1037 1194 stemma,
1054 1139 1108 1197 que
1120 1123 1190 1182 mibi
1203 1123 1334 1184 dominus
1346 1139 1440 1184 comae

196 1228 272 1287 iuste
287 1228 445 1302 perceperit
459 1227 624 1308 obseruabo,
641 1230 670 1286 et
684 1227 710 1286 si
726 1226 832 1314 eliquia
847 1227 881 1286 ds
897 1227 968 1301 18818
979 1227 1103 1287 188118118
1119 1228 1165 1287 881
1180 1227 1342 1288 nacionibus
1354 1227 1443 1288 habet

195 1331 315 1404 aliquio,
339 1330 528 1391 manifestabo
547 1331 658 1391 domino
674 1331 770 1390 comiti
786 1331 847 1390 sinc
863 1347 951 1402 mora,
974 1333 1004 1390 et
1019 1333 1045 1392 si
1060 1347 1112 1408 ego
1128 1331 1219 1392 babeo
1234 1331 1354 1406 aliquid,
1378 1333 1442 1391 red·

195 1437 261 1494 dam
278 1451 363 1508 quam
386 1435 477 1494 cicius
493 1437 598 1510 potero,
622 1435 790 1509 etamplius
806 1452 861 1494 non
877 1435 986 1504 tollam,
1009 1437 1039 1493 et
1053 1435 1187 1508 promitto
1206 1436 1280 1494 buna
1302 1435 1357 1495 ilde
1379 1440 1441 1494 sine

195 1538 297 1596 frande
309 1539 436 1612 prodicta
447 1538 542 1598 omnia
553 1539 712 1614 obseruare,
736 1541 765 1598 et
776 1541 851 1612 quod
866 1537 939 1599 facio
950 1539 1076 1612 predicto
1092 1539 1204 1598 domino
1220 1539 1347 1598 bfcrsilio
1362 1535 1442 1599 meo¹

195 1642 302 1722 comiti,
326 1643 423 1702 tenear
438 1641 531 1702 facere
546 1637 602 1702 sibi
618 1645 648 1702 et
662 1643 723 1702 8818
738 1643 946 1702 successoribus
962 1644 997 1702 de
1012 1644 1114 1716 quarto
1129 1644 1158 1702 in
1173 1644 1305 1716 quartum
1325 1659 1440 1702 annum.

628 1971 686 2016 888
707 1973 729 2014 1.
753 1973 795 2014 nu
817 1947 1013 2015 ncumurnro.²

238 2089 322 2154 Item
345 2086 516 2170 firmamus,
540 2086 626 2168 quod
649 2085 840 2174 quicumque
862 2084 976 2152 fecerit
996 2085 1211 2165 homicidium,
1235 2085 1294 2152 8181
1321 2103 1356 2152 sc
1383 2085 1439 2150 de·

197 2191 369 2270 fendendo,
402 2191 488 2272 quod
509 2191 611 2272 possit
632 2190 714 2256 bene
737 2189 864 2272 probari
887 2189 1042 2268 defensio,
1067 2190 1145 2255 mori
1169 2190 1296 2268 debeat,
1319 2187 1346 2253 81
1370 2206 1440 2270 pro-

196 2297 307 2361 batum
338 2294 436 2361 fuerit
459 2294 500 2368 ed
522 2294 626 2358 minus
649 2311 707 2375 per
738 2293 817 2358 duos
840 2291 981 2374 ydoneos
1011 2297 1112 2358 testes
1135 2292 1238 2372 uiros,
1270 2295 1440 2356 8818888-

195 2406 287 2464 satus
310 2395 601 2475 888188888188811,
626 2396 679 2462 uel
703 2396 729 2460 si
753 2397 815 2462 erit
837 2394 1037 2460 manifestum
1053 2414 1110 2476 per
1124 2394 1283 2476 publicam
1307 2391 1441 2469 famam3

196 2501 280 2565 8181
303 2500 358 2566 1118
380 2499 455 2565 talla
477 2497 597 2581 fugerit
619 2504 653 2564 81
674 2497 822 2565 habuerit
843 2501 967 2580 patrem
992 2498 1044 2563 uel
1067 2501 1211 2576 matrem,
1242 2495 1295 2562 uel
1319 2501 1438 2560 utnum-

198 2623 270 2688 que,
294 2607 527 2684 postmortem
550 2621 660 2668 eorum
683 2607 752 2668 1818
782 2601 889 2683 porcio
913 2620 971 2667 888
993 2601 1155 2667 mobilium
1179 2606 1212 2666 81
1233 2599 1440 2667 immobilium

202 2707 354 2773 deueniei
375 2707 407 2770 18
430 2705 704 2788 88188181883
726 2705 960 2771 communitatis
982 2709 1016 2770 ct
1038 2703 1128 2770 sitin
1143 2703 1248 2770 benno
1271 2707 1441 2785 perpetua·

197 2809 504 2890 litenssommune⁴
534 2825 605 2874 cum
635 2807 747 2874 maiori
778 2813 871 2890 perte
901 2807 1023 2889 consili
1055 2805 1143 2872 uxori
1172 2806 1267 2873 occisi
1297 2805 1440 2873 8818818

195 2913 369 2979 heredibus
393 2908 509 2978 debeat
538 2909 709 2994 prouidere
731 2911 772 2978 de
794 2906 858 2978 iliis
880 2909 972 2977 bonis
1004 2902 1160 2977 homicide
1189 2927 1290 2991 usquc
1313 2907 1354 2974 ad
1375 2927 1441 2975 mc

197 3011 361 3096 dietatem,
391 3032 454 3097 que
475 3015 681 3098 peruenerint
702 3013 734 3079 in
758 3031 930 3079 commune.
966 3009 1010 3078 Et
1032 3010 1059 3078 81
1081 3011 1143 3092 illi,
1169 3009 1223 3094 qui
1244 3011 1350 3078 uocati
1373 3008 1441 3076 frue-

195 3115 262 3186 rint
284 3139 344 3203 por
372 3137 536 3186 commune
566 3117 938 3201 superimmensus,
973 3117 1083 3182 888188
1118 3115 1354 3194 recusauerim,
1388 3113 1441 3180 uel

196 3224 285 3290 uenti
317 3241 380 3289 non
413 3221 558 3288 dicerent
590 3221 758 3287 ueritatem
781 3231 840 3304 per
861 3219 1088 3299 iuramentum,
1124 3219 1251 3284 8818881
1284 3218 1442 3284 communi

202 3339 364 3410 yperpera
397 3321 641 3407 quinquaginta,
674 3325 754 3390 8181
777 3343 839 3390 888
862 3317 1032 3388 habuerint
1053 3319 1135 3388 vnde
1158 3321 1299 3400 soluere,
1328 3339 1442 3386 manus

197 3450 257 3496 sua
279 3421 412 3496 deutera
445 3427 616 3510 incidatur,
652 3431 684 3492 81
706 3425 733 3492 81
755 3427 875 3510 fugerit
905 3425 979 3490 dum
1003 3443 1064 3489 888
1088 3421 1281 3506 persoluem‘t
1314 3427 1440 3489 centum

197 3551 369 3616 yperpera,
393 3531 437 3598 811
456 3533 491 3614 jn
513 3529 617 3598 bauuo
636 3529 814 3614 perpetuali
837 3536 871 3596 81
892 3529 1078 3596 forbauitus.

621 3742 687 3786 ΟΑΡ.
711 3743 746 3783 11.
768 3743 810 3786 DE
833 3739 1020 3787 coensem.

241 3861 325 3925 Item
348 3858 526 3937 statuimus,
558 3857 644 3938 quod
666 3857 737 3936 ille,
768 3855 822 3938 qui
845 3855 956 3922 fecerit
979 3855 1187 3937 conpagniaur
1210 3859 1321 3919 contra
1342 3852 1440 3919 hono-

197 3983 266 4032 rem
298 3961 422 4027 comitis
445 3967 479 4027 81
501 3968 613 4026 888188
640 3960 774 4026 salutem
807 3960 944 4025 ciuitatis
968 3963 1001 4024 et
1023 3958 1213 4042 insularum,
1247 3957 1300 4021 uel
1332 3961 1443 4022 eontra

198 4067 324 4147 aliquos
347 4065 445 4144 clueo,
477 4063 528 4129 uel
551 4064 636 4146 quod
658 4063 779 4130 uellent
801 4063 951 4129 resistcre
975 4068 1008 4128 81
1030 4061 1200 4143 impedire,
1233 4060 1318 4143 quod
1342 4059 1441 4124 domi-

197 4188 260 4234 nus
290 4186 395 4234 888888
419 4184 482 4233 888
505 4167 652 4249 impleret
681 4167 853 4250 iusticiam,
889 4166 941 4232 881
964 4166 1123 4232 racionem
1146 4166 1186 4230 dc
1209 4163 1316 4244 aliquo
1344 4162 1441 4228 male·

248 4305 823 4388 ι81888.Η8888888888.188’81811;
842 4305 1097 4387 „uuncmmiii.·‘

246 4395 260 4430 ²
275 4396 389 4455 Titulus
405 4395 461 4454 iste
478 4396 558 4454 818881
572 4411 619 4469 88.
635 4394 747 4469 Ljubi
758 4395 783 4454 1.
800 4393 842 4452 ili.
859 4411 922 4468 cap.
940 4395 963 4454 1.
980 4391 1097 4452 Statuti.

248 4479 381 4556 ⁸Ljub.
400 4483 429 4540 et
443 4475 580 4541 Herm:
599 4481 747 4554 potestate.

248 4559 1045 4645 Ι18181).81Η8888.181811181888888888818811188
1067 4565 1111 4624 ad
1130 4563 1144 4622 1
1150 4563 1352 4624 sciendum
1367 4573 1441 4621 com·

201 4671 285 4714 mune
300 4671 364 4714 curn
380 4655 481 4715 maiori
497 4655 648 4729 perlecto.
665 4655 740 4728 quod
756 4653 880 4728 intelligi
896 4670 950 4712 non
965 4653 1066 4727 potest.
1083 4653 1143 4711 Noe
1159 4667 1233 4732 roro,
1250 4649 1363 4710 omissis
1379 4663 1441 4708 rer·

201 4741 247 4802 bis
264 4737 319 4824 „ad
335 4738 528 4814 faciendum“,
545 4739 727 4802 distinximus
742 4740 898 4800 sententias
913 4737 1139 4816 distinguendae.
