3376 5392
1260 485 1320 548 203

91 691 221 758 dimidio
243 695 276 757 et
299 693 339 758 ab
361 692 433 756 inde
465 710 562 773 snpra
590 692 731 774 paruulis
766 692 920 758 sexdecim
944 692 1023 756 libra
1053 697 1085 758 et
1115 693 1216 773 pisoes
1248 711 1323 774 ponn

90 797 172 863 deris
196 797 295 862 librae
318 798 410 862 unius
433 797 597 878 usquead
620 817 714 862 unam
750 816 818 862 curn
849 797 977 862 dimidio
1000 797 1139 878 paruulis
1162 801 1323 878 quattuor·

89 900 190 966 decim
215 907 249 966 at
269 902 373 984 pisces
394 902 532 999 minores
553 921 617 967 una
639 902 727 981 libra,
773 921 867 966 unam
889 902 1000 968 libram
1024 919 1093 966 cum
1117 901 1244 967 dimidio
1266 919 1323 984 pro

90 1005 197 1090 soldo;
222 1011 256 1070 et
277 1005 317 1071 de
340 1007 460 1088 gherds
490 1007 587 1072 libras
618 1005 696 1072 duas
735 1025 792 1088 pro
820 1005 910 1072 soldo
939 1005 1083 1072 adminus
1113 1011 1147 1071 et
1175 1005 1234 1070 hoc
1264 1006 1322 1071 sub

90 1127 193 1191 poena
215 1111 433 1193 iperperorum
456 1111 590 1177 duorum
617 1111 745 1178 cuilibet
775 1109 1019 1190 contrafacienti,
1051 1109 1220 1176 diuidenda
1241 1111 1323 1176 inter

91 1220 306 1280 accusatorem
329 1222 362 1280 et
383 1215 656 1294 communitatem
685 1215 883 1293 declarando,
908 1215 992 1297 quod
1014 1231 1106 1282 nemo
1129 1215 1246 1282 audeat
1261 1214 1323 1281 aiio

92 1323 222 1400 portare
245 1319 357 1402 pisces,
381 1337 439 1386 nec
460 1319 540 1385 alibi·
556 1320 706 1399 uendere,
744 1319 804 1385 nisi
834 1320 874 1386 ad
904 1320 1069 1402 piscariam
1099 1320 1166 1386 sine
1196 1319 1323 1385 licentia

93 1422 225 1488 rectoris
250 1424 309 1488 sub
331 1425 491 1506 praedicta
513 1443 624 1507 poena,
648 1443 729 1506 quae
751 1443 853 1506 poena
876 1424 1020 1506 exigatur
1049 1443 1068 1488 a
1098 1423 1323 1492 contrafacien-

93 1526 176 1592 tibus
200 1528 312 1609 uigore
334 1531 511 1609 praesentis
533 1531 762 1596 terminationis
793 1529 859 1596 sine
889 1529 951 1594 alia
981 1529 1258 1614 condemnatione3
1290 1535 1323 1594 et

93 1631 137 1697 sic
158 1637 195 1696 ut
225 1634 432 1714 praemissum
463 1639 512 1700 est
541 1653 600 1716 per
630 1634 819 1700 sententiam
848 1634 1030 1700 terminauit
1064 1639 1096 1700 ct
1118 1633 1324 1700 sententiauit

95 1753 219 1817 semper
241 1737 273 1800 in
296 1735 435 1802 futurum
459 1757 530 1804 esse
553 1739 762 1804 seruandum:
786 1741 860 1805 item
885 1739 1068 1804 schumbros
1090 1744 1243 1820 quattuor
1264 1755 1322 1820 pro

93 1840 180 1906 coldo
203 1841 292 1904 iuxta
313 1840 446 1906 formam
468 1843 547 1925 legis
571 1849 604 1908 et
625 1844 686 1909 hoc
708 1850 857 1924 quattuor
880 1844 921 1909 ad
943 1843 1055 1909 minus,

136 1943 268 2011 Testes:
293 1946 513 2013 senderedus
537 1948 664 2026 Marini;
689 1967 749 2014 ser.
773 1949 929 2015 Antonius
946 1947 1130 2028 Simonetti3
1154 1967 1214 2016 ser.
1231 1947 1324 2014 Jaco-

94 2047 151 2114 bns
175 2047 341 2129 Simeonis,
367 2070 426 2116 ser.
451 2051 606 2118 Antonius
628 2051 844 2118 Bcrnorouich
869 2059 901 2118 et
923 2053 974 2134 aiij
999 2070 1093 2134 quam
1117 2052 1234 2134 plures.

511 2301 608 2343 xnvnr.
632 2303 752 2345 nnorsro
776 2303 909 2362 oournsa,

95 2391 145 2444 qna
154 2377 295 2444 statuitur,
305 2378 376 2446 qnod
385 2381 492 2448 patroni
502 2382 671 2450 nauigiornm
681 2397 828 2436 exonerare
838 2381 953 2436 debeant
962 2382 1108 2437 saburram
1117 2382 1145 2435 in
1154 2381 1322 2451 Purpurclla.

135 2515 194 2582 Dic
217 2541 243 2583 u.
270 2518 406 2603 Augusti
428 2519 574 2588 Mccccxc.

135 2657 322 2742 Magnificus
345 2666 378 2726 et
398 2680 570 2746 generosus
594 2663 739 2728 dominns
762 2665 943 2728 Dominicus
968 2663 1142 2745 Theupulo
1167 2683 1225 2744 pro
1248 2663 1317 2728 illu-

95 2763 247 2830 strissimo
271 2770 304 2830 et
325 2765 588 2832 excellentissimo
611 2768 714 2832 ducati
737 2767 874 2834 dominio
898 2769 1101 2834 Venetiarum
1124 2785 1228 2834 comes
1244 2767 1321 2834 Cur·

96 2867 182 2934 rulae
205 2869 417 2956 dignissimus,
442 2889 511 2935 cum
536 2872 641 2952 plures
668 2879 732 2938 tam
760 2872 900 2952 nobilles‚
924 2892 1018 2954 quarn
1045 2873 1213 2954 populures
1240 2890 1322 2938 com-

98 2973 276 3052 paruissent
305 2981 338 3038 ct
366 2975 461 3041 ualde
492 2978 655 3057 conquesti
685 2976 837 3050 fuissent,
869 2979 953 3059 quod
983 2977 1127 3060 nauigia,
1157 2996 1238 3058 quae
1264 2976 1325 3041 huc

98 3079 265 3162 applicant,
277 3081 402 3161 patroni
416 3080 569 3146 dictorum
583 3083 779 3162 nauigiorum
792 3089 961 3148 exonerant
978 3081 1147 3147 saburnarn
1162 3083 1194 3146 in
1208 3088 1325 3164 puncta

98 3180 199 3248 Sancti
221 3183 346 3249 Nicolai
363 3205 460 3266 prope
476 3185 637 3252 ciuitatem
655 3193 688 3252 et
703 3189 868 3268 presertim
886 3188 1054 3252 saburnam
1069 3205 1224 3268 magnam,
1242 3205 1323 3267 quae

96 3303 144 3351 res
167 3287 198 3352 in
218 3307 367 3370 magnum
383 3291 606 3356 detrimentum
630 3291 767 3356 ciuitatis
784 3293 985 3370 nectebatur3
1009 3291 1080 3358 ideo
1097 3292 1264 3372 petierunt,
1289 3294 1324 3354 ut

79 3391 254 3470 praefatus
276 3393 460 3477 magnificus
483 3415 587 3461 comes
610 3397 824 3478 prouisionem
841 3397 969 3474 facerat,
994 3415 1033 3462 ne
1056 3397 1095 3462 de
1111 3401 1216 3462 cetero
1232 3413 1323 3475 prae·

97 3495 167 3561 dicti
188 3497 385 3580 nauigiomm
409 3501 531 3582 patroni
555 3501 632 3566 talia
655 3502 793 3566 audeant
816 3501 937 3579 faoere;
962 3519 1056 3581 quam
1079 3502 1119 3566 ob
1142 3519 1208 3566 rem
1232 3518 1324 3581 prae-

16 3679 17 3682 *
97 3597 175 3664 intus
197 3601 382 3683 magnificus
405 3604 549 3670 dominns
573 3623 677 3670 comes
700 3606 796 3670 talem
820 3606 1004 3686 petitionem
1020 3606 1137 3670 iustam
1154 3623 1225 3670 esse
1241 3604 1323 3668 arbi-

98 3709 195 3770 tratus
217 3707 423 3772 sententiauit
451 3714 484 3773 et
512 3709 741 3792 determinant,
771 3711 854 3791 quod
877 3711 935 3775 sub
966 3727 1070 3792 poena
1098 3709 1324 3792 quinquaginta

98 3807 243 3876 librarum
267 3830 359 3877 nemo
389 3813 520 3878 alicuius
552 3815 669 3896 nauigij
698 3821 851 3897 patronus
883 3813 1106 3896 cuiuscumque
1136 3814 1323 3880 conditionis

100 3915 208 3980 existat
237 3923 274 3981 et
302 3921 365 3980 tem
397 3917 474 3983 ciuis
506 3916 671 4004 Corsulae,
704 3935 797 4000 quarn
831 3919 972 3995 forensia,
1005 3918 1121 3984 audeat
1152 3937 1324 3986 exonerare

100 4018 262 4085 sabnmam
285 4040 430 4102 magnam
455 4024 487 4087 in
518 4024 699 4104 supradicto
723 4025 802 4102 loco,
834 4024 891 4090 sed
914 4041 1087 4090 exonerare
1115 4041 1184 4090 eam
1208 4023 1325 4090 debeat

98 4121 127 4185 in
148 4124 336 4206 Purpurella
358 4135 430 4207 post
453 4145 560 4194 muros
584 4127 730 4204 ciuitatis,
754 4147 821 4192 cum
839 4129 898 4193 hac
913 4129 1009 4193 etiam
1027 4128 1214 4206 conditione,
1239 4127 1323 4207 quod

99 4226 155 4306 1116,
179 4232 230 4310 qui
255 4231 370 4296 dictam
394 4233 563 4296 saburnam
578 4233 771 4310 exonerabit
797 4233 882 4298 nullo
899 4234 991 4299 modo
1007 4233 1091 4298 intra
1106 4232 1322 4315 purpurellam

99 4349 260 4401 exonerare
282 4336 384 4416 possit
407 4337 465 4402 sub
490 4337 603 4401 eadem
626 4355 737 4418 poena.

139 4435 266 4505 Testes:
291 4459 351 4506 scr.
369 4440 518 4507 Nicolaus
538 4440 673 4520 Obradi;
690 4461 751 4509 ser.
768 4443 909 4510 Andreas
927 4443 1072 4508 Voletich
1088 4451 1120 4508 ct
1138 4443 1245 4524 plures
1261 4442 1324 4524 aiij.
