3422 5364
585 634 652 680 ΟΠ.
676 633 813 678 xxxvm.
835 635 879 677 DE
899 633 1018 678 EODH.

227 751 309 818 Itam
341 757 470 835 captum
503 751 574 832 luit,
609 753 694 835 quod
725 751 779 834 qui
813 751 996 818 uendiderit
1026 751 1088 817 mel
1117 751 1158 817 ad
1188 757 1335 832 metrum,
1366 771 1429 818 non

184 855 304 924 uendat
333 856 426 922 aliter
458 873 553 938 quam
583 856 624 922 ad
653 857 766 923 libram
796 856 837 922 de
867 856 968 939 unoijs
999 875 1040 921 xv
1070 856 1131 922 sub
1162 873 1248 938 pena
1278 855 1430 922 librarum

184 961 297 1026 decem
319 978 501 1043 paruorum,
525 961 614 1026 cuius
636 960 791 1026 medietas
814 961 857 1026 sit
879 961 1064 1039 communis,
1084 961 1147 1028 alia
1168 961 1371 1027 accusatoris.

511 1191 579 1234 oue.
602 1191 718 1234 xxm.
741 1191 784 1232 nn
806 1173 956 1236 mouns
977 1190 1097 1234 maome.

227 1309 311 1374 Item
333 1311 461 1390 captum
485 1305 555 1390 luit,
579 1307 665 1388 quod
688 1324 808 1386 omnes,
833 1307 887 1388 qui
906 1307 1108 1374 condiderint
1130 1306 1188 1388 lae,
1212 1325 1275 1374 non
1291 1306 1431 1373 audeant

188 1412 332 1478 uendere
355 1411 458 1496 aliter,
481 1411 543 1478 nisi
564 1429 636 1477 cum
658 1411 827 1490 buciolina,
850 1410 944 1476 simili
967 1409 1012 1476 illi
1035 1410 1075 1477 de
1098 1411 1183 1477 uino.

584 1642 652 1686 ou.
675 1641 727 1684 11³·
751 1641 794 1684 ΒΕ
815 1639 1035 1685 memus·

228 1759 310 1826 Item
335 1763 463 1840 captum
485 1756 556 1843 fuit,
589 1758 675 1840 quod
701 1755 924 1824 braciolarium
946 1757 1043 1840 panni
1066 1763 1254 1839 permaneat
1277 1757 1360 1825 sicut
1383 1765 1432 1824 est

186 1863 229 1929 ad
251 1880 386 1945 presens
410 1867 444 1928 et
465 1880 527 1928 non
550 1861 609 1928 fiat
630 1861 741 1943 maius,
775 1879 835 1928 nec
857 1862 970 1928 minus.
1004 1861 1049 1926 Et
1071 1862 1157 1943 quod
1179 1862 1284 1928 nullus
1315 1863 1433 1928 audeat

185 1966 329 2033 uendere
351 1965 481 2048 aliquod
503 1984 642 2048 pannum
659 1965 840 2032 scutellam
862 1965 996 2031 abcuim
1013 1983 1084 2030 curn
1103 1965 1217 2032 minori
1242 1965 1431 2032 braciolario

185 2070 246 2137 sub
268 2087 355 2152 pena
376 2071 529 2137 librarum
552 2090 622 2155 xxv,
658 2071 747 2136 cuius
769 2087 854 2152 pens
877 2069 1033 2136 medietas
1055 2071 1097 2135 sit
1119 2071 1292 2136 communis
1315 2077 1349 2136 et
1371 2071 1434 2136 alia

185 2175 390 2256 accusatorie,
414 2175 441 2240 si
465 2175 613 2258 persius
636 2175 872 2242 accusationem
894 2173 992 2239 fuerit
1013 2175 1145 2240 inuenta
1167 2174 1297 2240 ueritas.

281 2402 349 2450 oar.
371 2405 436 2446 xm.
459 2405 502 2447 nu
523 2403 738 2448 marsuammo
761 2389 826 2448 ooir
848 2401 1059 2446 annuemus
1082 2403 1181 2446 sorra
1203 2403 1339 2446 rmum.

231 2520 403 2588 Millesimo
426 2521 533 2605 ccclvj.
557 2519 609 2586 die
631 2521 692 2586 xix.
716 2521 837 2602 aprilis,
860 2521 893 2584 in
915 2518 1197 2587 reformationibus
1211 2519 1373 2587 Francisoi
1393 2522 1433 2586 de

187 2625 335 2692 Bononia
365 2631 492 2709 captum
522 2631 557 2691 ot
585 2623 793 2692 reformatum
823 2623 892 2704 fuit,
925 2624 1010 2706 quod
1041 2622 1082 2691 da
1112 2629 1220 2690 cetero
1253 2625 1432 2706 braciolarij

191 2729 376 2806 communis,
399 2747 469 2795 cum
493 2729 608 2812 quibus
631 2735 855 2796 mensurantur
877 2729 974 2812 panni
994 2733 1028 2794 ot
1050 2728 1175 2806 similia,
1199 2729 1264 2794 sint
1284 2745 1434 2808 mensure

190 2839 342 2915 consuete
367 2839 400 2900 et
423 2833 508 2917 quod
538 2834 635 2916 panni
663 2833 748 2918 linei,
779 2833 873 2913 lanei,
901 2831 1041 2898 fustanai
1064 2838 1098 2899 et
1118 2832 1233 2912 omnia,
1268 2848 1332 2915 que
1363 2849 1434 2898 curn

189 2937 391 3018 braziolarijs
413 2942 647 3018 mensurantur,
672 2937 811 3004 debeant
825 2937 901 3019 poni
917 2955 1014 3018 super
1035 2935 1195 3003 banchum
1210 2941 1244 3002 et
1258 2937 1435 3001 mensurari

190 3059 262 3108 cum
285 3041 497 3122 braziolarn'js,
521 3041 678 3124 signando
694 3041 824 3107 brachia
839 3040 965 3120 adhoc,
985 3046 1022 3106 ut
1035 3039 1125 3107 fraus
1140 3059 1204 3106 non
1219 3037 1436 3106 committatur

189 3145 223 3212 in
246 3145 420 3228 premissis.
454 3145 499 3210 Et
521 3145 581 3211 boo
602 3145 671 3212 sine
703 3146 810 3227 aliqua
838 3163 952 3227 pressa
982 3163 1039 3211 seu
1068 3145 1232 3211 additione
1262 3144 1321 3210 sub
1351 3161 1436 3225 pena

189 3251 344 3318 librarum
367 3251 506 3333 quinque
528 3268 586 3333 pro
609 3249 753 3332 quolibet
774 3248 1032 3329 contrafaciante,
1056 3249 1146 3316 cuius
1168 3267 1254 3332 ppnp
1278 3247 1435 3315 medietas

190 3355 235 3420 sit
256 3356 461 3422 accusatoris.

232 3457 402 3526 Mocclm
426 3459 479 3527 dia
499 3459 573 3543 xxij.
596 3459 692 3542 madii
716 3459 922 3543 proclamata.

552 3690 620 3736 on.
643 3691 720 3733 xm.
749 3691 793 3734 DE
815 3691 960 3735 eorunm
981 3690 1069 3734 nom.

232 3805 404 3874 Millesimo
427 3807 554 3891 ccclnvj.
586 3809 637 3875 die
666 3809 728 3873 xix.
752 3808 871 3890 aprilis,
902 3809 935 3874 in
967 3805 1249 3875 reformationibus
1272 3804 1434 3871 Francisoi

188 3911 230 3978 de
248 3910 393 3978 Bononia
423 3917 551 3994 captum
575 3919 609 3978 et
630 3911 838 3980 reformatum
868 3911 938 3997 fuit,
969 3912 1054 3996 quod
1077 3931 1189 3978 aurum
1212 3916 1246 3978 et
1267 3914 1433 3992 argentum

187 4015 384 4098 ponderetur
406 4017 447 4082 ad
469 4017 593 4099 pondus
616 4016 770 4098 Marchip.

414 4247 482 4291 on.
506 4247 596 4290 nm.
620 4247 662 4290 DE
683 4247 829 4291 ronam
852 4247 1003 4308 emmau,
1027 4248 1123 4290 mm
1144 4248 1212 4291 HG.

233 4363 316 4428 ltem
333 4367 461 4445 captum
476 4361 547 4448 fuit,
572 4364 657 4445 quod
673 4381 794 4443 carnos,
814 4361 942 4442 ferrum,
959 4363 1134 4446 plumbum,
1152 4369 1309 4446 stagnum,
1326 4363 1434 4437 linum,

189 4467 316 4552 pegola,
348 4486 458 4550 grana
490 4485 614 4548 caseus,
645 4467 729 4543 lana,
762 4485 845 4552 cera,
877 4468 939 4533 mel
962 4475 996 4532 et
1018 4467 1081 4533 alia
1111 4465 1292 4532 huiusmodi
1319 4465 1434 4531 similia

189 4571 412 4656 ponderantur
444 4571 484 4636 ad
516 4573 651 4656 pondus,
682 4572 751 4637 siue
782 4571 823 4638 ad
852 4571 966 4638 libram
996 4590 1037 4636 xv
1058 4571 1223 4637 unciarum
1250 4568 1291 4636 de
1319 4569 1433 4647 Luooa,

191 4676 274 4742 sicut
297 4680 349 4741 est
370 4674 526 4742 hactenus
549 4680 746 4742 consuetum.

1311 4775 1330 4808 l·
