3398 5354
341 481 401 542 162

339 681 461 762 libris13
486 702 506 748 a
529 683 639 749 decem
662 683 759 749 soldis
782 683 866 750 inira
888 685 1038 766 puniatur
1060 686 1093 750 in
1110 685 1220 750 decem
1241 685 1332 749 libris
1349 689 1384 750 et
1398 684 1431 748 in
1448 685 1576 766 duplum

338 785 496 866 restituet,
532 787 617 868 quod
652 789 785 870 aceepit.
820 788 863 852 Et
896 788 1029 870 syndici,
1064 791 1119 870 qui
1154 794 1250 854 erunt
1280 789 1321 852 ad
1352 789 1574 871 syndicandun

338 897 495 957 rectorem
514 895 548 956 et
565 890 716 958 offitiales
740 892 912 958 eommunis
936 891 1068 976 Spoleti,
1094 893 1220 959 uinculo
1244 893 1437 958 sacramenti
1460 895 1575 974 precise

339 998 510 1060 teneantur
533 995 573 1061 de
594 995 659 1062 boo
681 1014 753 1060 cum
777 997 863 1062 omni
886 995 1064 1062 subtilitate
1088 1003 1121 1062 ot
1140 996 1326 1078 sagacitate,
1351 1014 1415 1077 qua
1437 999 1575 1078 poterint

335 1096 443 1164 lacere
465 1097 637 1181 diligenter
660 1100 900 1182 inquisitionem
917 1100 956 1164 ad
973 1101 1201 1166 inueniendum
1223 1101 1395 1166 ueritatem
1412 1104 1447 1166 et
1462 1107 1575 1166 eontra

335 1199 492 1268 facientes
514 1201 628 1283 punire
653 1203 793 1270 debeant
807 1205 840 1268 in
857 1205 948 1286 penis
972 1204 1125 1284 predictis
1141 1205 1183 1269 ad
1198 1204 1267 1283 boc,
1292 1209 1329 1268 ut
1348 1202 1423 1268 falsi
1445 1210 1574 1271 rectores

337 1309 370 1370 et
392 1304 466 1371 fulsi
489 1305 640 1374 offitiales
663 1309 748 1387 diste
773 1309 911 1374 ciuitatis
943 1309 982 1372 de
1006 1327 1116 1373 eorum
1146 1307 1240 1374 furtis
1264 1314 1297 1373 et
1319 1309 1449 1374 iniustis
1473 1325 1572 1390 aooep·
1680 1385 1681 1400 χ

336 1409 477 1476 tionibus
499 1413 726 1477 uerecundiam
752 1417 786 1477 et
810 1411 975 1477 damnum²
999 1417 1032 1478 et
1055 1412 1259 1494 obprobrium
1286 1413 1461 1493 patiantur,
1484 1419 1518 1477 ut
1537 1413 1573 1478 sit
1679 1403 1681 1484 ἰ

336 1515 454 1580 ueteris
470 1515 503 1580 in
519 1515 698 1598 exemplum
714 1521 748 1581 et
764 1520 800 1580 ut
815 1515 965 1597 legaliter·
982 1516 1119 1582 debeant
1140 1534 1251 1582 eorum
1273 1514 1409 1580 offitium
1427 1533 1572 1583 exercere
1679 1521 1681 1526 ’

496 1764 564 1810 cde.
588 1765 663 1808 nvn.
688 1766 730 1807 Du
752 1765 936 1807 annuemus
960 1764 1131 1807 PUEBORUM
1153 1765 1192 1805 M
1215 1763 1419 1806 remmom.

378 1881 460 1946 Item
484 1885 640 1946 statutum
665 1885 698 1946 et
720 1881 899 1946 ordinatum
923 1886 983 1958 est,
1008 1881 1093 1961 quod
1114 1881 1141 1944 si
1157 1879 1270 1962 aliquis
1294 1879 1457 1945 masculus
1483 1881 1572 1945 minor

333 2089 475 2155 miserit:
507 2093 652 2170 potestas
676 2095 709 2154 et
732 2096 836 2153 rector
866 2089 960 2154 huius
991 2087 1131 2152 ciuitatis
1160 2087 1263 2169 possit
1287 2092 1320 2154 et
1343 2087 1463 2154 debeat
1483 2089 1513 2153 in
1536 2105 1568 2154 eo

336 2209 454 2275 penem
477 2193 644 2276 imponere
666 2192 719 2259 uel
741 2198 922 2274 temperare
944 2198 978 2256 et
1000 2193 1169 2271 minorare,
1194 2199 1291 2274 prout
1313 2191 1488 2258 conditioni
1508 2209 1567 2274 per·

334 2315 412 2377 sone
435 2303 469 2363 et
491 2297 639 2380 qualitati
662 2288 781 2379 negotij
804 2296 939 2362 uiderit³
961 2297 1142 2362 conuenire.

431 2543 498 2587 OAP.
523 2544 611 2587 nvm.
635 2543 677 2586 DE
700 2542 956 2586 deposuimus
978 2543 1077 2587 monn
1099 2543 1160 2585 Um·
1183 2543 1285 2588 ΟΙιΕΒΔ
1307 2545 1351 2586 ΒΕ
1374 2545 1473 2588 roms.

286 2731 289 2738 ,
374 2663 457 2727 Item
480 2666 637 2727 statutum
653 2665 687 2726 et
702 2661 881 2727 ordinatum
905 2666 964 2740 est,
989 2660 1075 2742 quod
1102 2661 1129 2726 si
1153 2661 1224 2742 quis
1249 2662 1472 2744 apportauen't
1485 2659 1568 2742 ligna

334 2766 423 2832 olera
445 2765 498 2831 uel
529 2765 622 2848 quid*
645 2763 732 2830 aliud
755 2766 795 2830 de
818 2762 895 2831 ioris
918 2770 951 2830 et
973 2765 1014 2830 ab
1046 2764 1152 2847 aliquo
1184 2764 1393 2831 denuntiatus
1415 2765 1467 2832 uel
1489 2781 1567 2830 mou·

332 2875 423 2936 satus
446 2868 553 2949 fuerit
578 2869 663 2950 quod
687 2869 726 2934 de
743 2887 800 2935 suo
823 2888 875 2934 res
898 2868 974 2935 sibi⁵
998 2868 1105 2948 ablate
1130 2873 1240 2935 essent
1255 2873 1289 2934 et
1303 2871 1468 2952 predictus
1489 2885 1569 2934 notu·

334 2980 433 3054 satus,
464 2973 518 3038 uel
549 2973 754 3038 denuntiatus
785 2991 848 3039 non
879 2973 999 3054 poterit
1030 2973 1209 3052 ostendere,
1239 2972 1292 3038 uel
1321 2973 1467 3055 probare
1496 2970 1570 3052 quod
1679 2967 1681 3042 4

345 3086 417 3145 usto
440 3077 536 3144 modo
557 3077 703 3160 predicta
724 3076 891 3142 habuerit:
916 3078 1001 3158 quod
1022 3077 1180 3142 habeatur
1203 3095 1261 3160 pro
1284 3075 1433 3142 confesso
1455 3081 1487 3143 et
1506 3092 1569 3140 oon·
1679 3067 1681 3084 '

338 3183 424 3249 uicto
441 3187 475 3249 et
497 3171 742 3248 condemnetur⁰
764 3182 797 3247 in
818 3201 865 3245 xx
889 3181 987 3247 soldis
1010 3187 1042 3246 et
1062 3181 1134 3262 plus
1157 3186 1191 3246 et
1205 3181 1318 3264 minus,
1342 3181 1486 3262 inspecta
1506 3195 1569 3244 oon·
1679 3161 1681 3254 ἶ

339 3287 460 3354 ditione
480 3302 617 3368 persone
641 3291 675 3351 et
694 3285 848 3366 qualitate
871 3285 1001 3367 nogotij,
1025 3303 1062 3351 ao
1085 3285 1112 3350 si
1134 3303 1193 3366 per
1214 3289 1325 3369 testes,
1349 3283 1403 3349 uel
1424 3283 1569 3366 proprium
1679 3279 1681 3366 ζ

337 3390 568 3458 confessionem
592 3396 677 3456 esset
700 3391 841 3471 legitime
863 3391 1033 3472 probatum
1057 3387 1244 3455 malefitium
1267 3393 1381 3454 eontra
1403 3404 1481 3452 eum.
1679 3401 1681 3422 ¹

500 3638 569 3682 on.
592 3638 656 3680 mx.
680 3639 723 3680 DE
747 3637 997 3682 sorbonn-trimus
1020 3637 1104 3679 ANTE
1126 3637 1241 3680 nom
1263 3635 1419 3678 ΔΒΓΕΠΔΜ.

377 3757 458 3822 Item
475 3761 634 3822 statutum
652 3761 686 3822 et
702 3755 881 3821 ordinatum
897 3760 956 3834 est,
973 3754 1059 3835 quod
1074 3753 1180 3820 nullus
1197 3751 1346 3818 seccedat
1363 3757 1437 3817 onte
1453 3750 1566 3816 donum

333 3860 470 3928 adenem
485 3860 588 3942 etqui
605 3867 717 3926 contre
735 3859 856 3941 feeerit,
880 3861 1039 3924 indecem
1062 3859 1160 3925 soldis
1179 3859 1249 3924 uice
1265 3858 1408 3940 qualibet
1430 3857 1566 3939 puniatur

333 3969 366 4032 et
388 3963 538 4030 credatur
560 3965 599 4029 de
622 3963 682 4030 hoo
713 3969 913 4030 sacramento
944 3963 1175 4029 denuntiatoris
1206 3961 1259 4027 uel
1289 3960 1480 4028 accusatoris
1501 3975 1562 4022 oum

332 4085 395 4133 uno
420 4067 546 4150 ydoneo
569 4071 665 4133 teste.

381 4259 472 4338 ¹Ap.
503 4261 629 4338 Ljub.:
664 4253 872 4338 „pannorum“.
987 4257 999 4294 2
1028 4259 1114 4320 Ood.
1146 4260 1252 4324 abad.
1283 4261 1336 4322 B.:
1372 4251 1563 4338 „dampnum‘.
1597 4241 1602 4254 ⁸

338 4346 429 4424 8Δρ.
452 4348 578 4424 Ljub.:
603 4343 803 4429 „uidebitur“.
876 4344 887 4378 ⁴
910 4345 1021 4408 ibid:
1050 4344 1222 4422 „aliquod“.
1293 4345 1305 4380 ⁶
1327 4349 1435 4409 ibid:
1463 4345 1562 4430 „ipsp“.

337 4433 354 4471 ⁰·
373 4434 459 4496 (lod.
491 4433 599 4494 acad.
624 4435 665 4492 B:
692 4431 973 4515 „condempnetnr“.
