3436 5362
1341 443 1382 504 29

132 645 224 724 quod
256 645 303 710 eis
334 644 532 725 promittitur
562 663 619 726 per
649 649 814 710 statutum.
845 645 925 710 Item
949 645 1115 728 lumbum,
1149 643 1234 725 quod
1257 643 1289 708 in
1312 643 1388 708 ciui·

137 751 209 813 tete
235 746 359 828 Spoleti
382 765 446 813 non
469 749 633 814 comedent
657 749 710 814 nel
732 748 843 814 bibent
866 767 935 812 cum
959 749 1065 829 eliquu
1089 747 1219 830 speciali
1252 765 1390 828 persone

139 849 227 931 dicte
253 851 405 929 ciuitatis,
429 851 488 916 nisi
510 850 594 918 forte
617 853 648 916 iu
672 852 814 917 aduentu
845 851 963 916 domini
987 853 1079 932 beni,
1110 851 1163 916 uel
1196 851 1314 916 domini
1338 869 1388 915 oo-

138 955 238 1034 mitis,
264 955 319 1019 uel
342 974 412 1020 oum
435 955 559 1020 domino
584 955 838 1037 archiepiscopo,
872 974 930 1021 neo
960 975 1029 1020 cunr
1054 955 1159 1036 aliquo
1181 954 1309 1020 forense
1333 956 1384 1018 he·

138 1058 241 1124 bente
265 1059 464 1140 questionem
488 1077 593 1123 oorern
617 1077 666 1124 eo.
690 1059 769 1124 Item
802 1059 953 1124 iurebunt
981 1059 1075 1122 boine
1098 1057 1161 1122 fite
1185 1057 1252 1123 sine
1275 1057 1387 1124 lreude

140 1161 309 1241 requirere
332 1161 437 1226 omniu
459 1162 542 1226 bona
566 1168 599 1224 et
621 1162 691 1226 iure
714 1162 886 1226 eommunis
911 1161 1032 1242 Spoleti
1057 1179 1255 1242 quecumque
1278 1167 1388 1226 essent

143 1270 303 1348 occupate
325 1265 377 1329 uel
402 1264 533 1329 detenta
558 1265 673 1330 iniuste
696 1273 730 1330 et
753 1285 791 1330 ea
814 1265 854 1330 od
878 1283 1043 1330 commune
1062 1264 1186 1346 Spoleti
1209 1263 1316 1330 iecere
1332 1264 1388 1330 de-

144 1369 267 1434 uenire.
299 1367 382 1432 Item
405 1368 555 1433 iurebunt
577 1369 756 1450 gubernare
780 1375 847 1434 toto
872 1389 930 1435 suo
954 1387 1065 1450 posse,
1090 1369 1175 1450 quod
1198 1370 1333 1450 pecunie
1356 1375 1389 1433 et

143 1472 177 1536 id
202 1473 288 1553 quod
311 1471 408 1536 hebet
431 1471 548 1536 dietum
572 1472 753 1537 commuue¹
777 1491 840 1538 non
863 1473 1062 1554 expendetur
1084 1473 1167 1536 molo
1191 1473 1301 1548 modo,
1327 1471 1387 1536 nisi

144 1581 271 1640 tentum
293 1575 324 1638 in
348 1575 607 1641 necessitatibusl
630 1576 706 1640 dieti
726 1576 908 1640 eommunis.
932 1577 1012 1641 Item
1033 1575 1191 1653 iurebunt‚
1216 1577 1301 1657 quod
1325 1594 1388 1641 nou

143 1679 363 1760 procurabunt
393 1679 519 1760 publice
549 1679 601 1743 uel
631 1681 771 1762 priuete,
803 1680 888 1760 quod
917 1698 974 1760 pro
999 1679 1143 1760 sequenti
1169 1698 1251 1744 errno
1273 1679 1389 1746 debeat

143 1781 326 1848 confirmari
354 1783 407 1848 uel
438 1783 513 1865 eligi
535 1783 566 1846 iu
590 1789 781 1864 potestatem
812 1784 896 1862 dicte
927 1783 1082 1860 ciuitatis,
1115 1801 1173 1846 neo
1203 1783 1318 1864 aliquis
1348 1784 1388 1848 de

143 1906 203 1952 sue
225 1886 353 1952 familis.
377 1887 459 1951 Item
481 1887 648 1951 iurobunt³
670 1893 892 1964 manutenere,
924 1887 1102 1968 gubernare
1125 1893 1158 1950 et
1180 1905 1299 1968 augere
1331 1906 1388 1952 suo

143 2009 242 2074 posse
265 1989 414 2068 honores,
438 1991 634 2072 dignitates⁴,
659 1990 901 2068 iurisdictiones,
929 1989 1129 2055 franchisiam
1154 1997 1186 2056 et
1208 1991 1389 2056 libertatem

142 2096 285 2162 ciuitatis
316 2094 455 2176 Speleti⁶
478 2100 511 2158 et
532 2093 638 2159 lacere
662 2099 696 2158 et
719 2111 830 2158 curere
861 2111 1059 2175 quecumque
1091 2095 1247 2176 poterint⁰
1269 2096 1310 2160 ed
1333 2094 1390 2160 ho-

142 2217 256 2266 norem
279 2203 312 2265 et
334 2199 452 2263 bonum
474 2205 592 2264 statum
623 2199 706 2277 dicte
738 2198 876 2262 ciuitatis
904 2199 952 2263 et⁷
982 2197 1111 2264 ualeant
1141 2197 1325 2283 peruenire3
1356 2207 1389 2264 et

142 2303 260 2369 tollere
292 2321 351 2369 suo
381 2319 478 2383 posse
502 2302 606 2366 omnia
629 2307 662 2368 et
685 2301 825 2383 singule,
849 2320 907 2382 per
931 2319 992 2382 quq
1017 2307 1120 2368 stetus
1144 2301 1227 2380 dicte
1251 2303 1390 2367 ciuitatis

143 2407 350 2485 turbaretur,
380 2403 449 2471 uel⁸
471 2405 593 2469 turbari
616 2405 732 2485 possit,
766 2404 818 2468 uel
842 2404 937 2468 etiem
961 2405 992 2467 in
1015 2403 1121 2485 aliquo
1144 2405 1316 2470 lederetur.
1348 2404 1392 2470 Et

143 2511 293 2594 predicte
324 2510 430 2576 omnia
460 2514 495 2574 et
524 2507 649 2592 singula
679 2509 829 2574 iurebunt
858 2508 1066 2588 corporaliter
1102 2510 1194 2574 tectis
1228 2509 1392 2589 seripturis

147 2615 188 2680 ad
213 2619 325 2680 saneta
346 2613 407 2678 Dei
431 2611 598 2694 euangelia
630 2610 766 2676 fideliter
790 2619 823 2677 et
845 2611 991 2694 legaliter
1021 2613 1188 2677 attendere
1219 2619 1252 2676 et
1282 2612 1391 2678 obser·

145 2737 225 2784 uere
246 2719 332 2784 bons
354 2717 427 2794 fide,
452 2718 520 2780 sine
536 2713 657 2794 fraude,
681 2717 811 2781 remotis
830 2715 936 2799 hodio,
961 2734 1077 2795 amore,
1100 2716 1218 2796 precio,
1243 2717 1391 2798 precibus

147 2823 200 2888 uel
223 2822 339 2888 timore
362 2825 418 2886 eut
441 2819 570 2901 speciali
594 2819 699 2900 luero,
735 2818 786 2885 uel
810 2819 935 2902 domno,
960 2819 1044 2902 quod
1068 2821 1115 2885 eis
1139 2825 1247 2902 posset
1270 2819 1390 2900 elique-

147 2926 220 2992 liter
242 2925 420 3007 peruenire.

364 3157 432 3200 onl’·
456 3157 536 3198 xm.
559 3157 602 3198 DE
624 3155 704 3199 Ptolo
726 3155 894 3198 ennomus
917 3156 977 3198 ΡΗ
999 3155 1177 3198 mucronum

191 3272 275 3339 Item
299 3270 452 3338 statutum
477 3279 511 3338 et
534 3271 714 3336 ordinatum
738 3277 804 3352 ost,
833 3271 918 3351 quod
941 3277 1085 3352 potestas
1108 3270 1246 3336 ciuitatis
1271 3267 1394 3352 Spoleti

149 3383 181 3442 et
212 3377 284 3440 eius
314 3374 465 3443 oitioieles
495 3381 665 3442 teneantur
694 3377 817 3456 precise
849 3375 975 3440 uinculo
1008 3375 1197 3440 sacrementi
1227 3380 1338 3439 tenere
1361 3379 1394 3438 et

150 3480 326 3545 obseruare
347 3497 458 3560 paoem
489 3497 559 3544 ourn
583 3479 727 3544 omnibus
757 3485 791 3544 et
812 3479 945 3561 singulis
974 3479 1155 3545 hominibus
1184 3483 1218 3541 et
1239 3477 1392 3558 personis

150 3583 337 3650 ciuitatibus
360 3588 393 3647 et
416 3583 711 3658 communitatibus,
744 3583 831 3648 oum⁹
853 3584 967 3665 quibus
999 3583 1113 3648 oiuites
1138 3581 1260 3662 Spoleti
1284 3599 1392 3662 paoem

148 3687 266 3766 habet3
300 3693 333 3752 et
363 3687 391 3752 si
420 3687 596 3766 inuenerit,
628 3688 712 3768 quod
742 3689 855 3754 oiuites
887 3687 1008 3768 Spoleti
1038 3686 1173 3750 heberet
1204 3684 1392 3750 discordiam

152 3811 223 3858 oum
248 3791 425 3872 aliquibm,
457 3797 605 3855 teneatur
627 3810 685 3872 pro
707 3809 801 3872 posse
832 3790 998 3872 pacificare
1033 3787 1231 3854 oomnrune¹⁰
1253 3805 1323 3851 ourn
1348 3787 1393 3851 eis

150 3902 183 3962 et
205 3913 372 3960 commune
395 3893 459 3961 et¹¹
491 3893 668 3961 homines¹²
696 3895 833 3959 oiuitetis
864 3895 1004 3976 Spoleti3
1036 3911 1105 3957 oum
1137 3892 1256 3956 honore
1287 3896 1394 3954 temen

151 4000 236 4079 diote
260 3998 434 4064 oiuitetIs¹³
456 4004 490 4064 et
511 4017 581 4063 ourn
605 3999 735 4064 oonsilio
759 3998 910 4064 nobilium
939 3998 1077 4064 ciuitatis
1100 3995 1243 4076 prediotq
1267 3999 1301 4060 et
1323 4011 1395 4058 oum

151 4103 282 4170 oonsilio
305 4103 447 4186 generali
469 4103 569 4184 ipsius
593 4103 741 4167 oiuitetis.

198 4262 210 4297 ¹
232 4265 290 4341 Ap.
315 4264 340 4321 L
344 4263 442 4339 jub:
469 4261 566 4339 „quod
589 4261 714 4334 pecunie
736 4265 766 4319 et
786 4277 876 4319 onera
892 4261 961 4318 dieti
978 4259 1139 4318 eommunIs
1155 4257 1232 4334 diotq
1247 4252 1393 4314 oiuitstis“

152 4357 205 4413 eto.
278 4348 424 4410 ²ibid.·
459 4353 506 4424 „et
528 4341 733 4407 utilitatibus“.
813 4343 824 4380 ⁸
854 4346 962 4406 ibid:
994 4338 1169 4421 „tidoIIter“.
1247 4339 1259 4373 ⁴
1287 4339 1396 4400 ibid:

158 4439 250 4518 „diotq
273 4438 403 4498 ciuitatis
426 4433 571 4510 Spoleti“.
644 4431 656 4466 ⁶
683 4433 747 4508 „et“
776 4467 815 4476 —
836 4429 985 4509 „Spelati“
1008 4432 1090 4490 deest
1117 4429 1208 4489 ibid.
1279 4426 1397 4485 ⁰Deest

154 4525 241 4584 ibid.
323 4521 333 4556 ⁷
366 4524 458 4581 Deest
488 4521 578 4580 ibid.
650 4517 792 4580 ⁸ibid.:
827 4519 905 4591 „et“.
978 4515 1119 4576 ⁰ibid.:
1146 4514 1296 4596 „personis
1318 4530 1395 4572 oom-

153 4611 300 4670 munitetis
324 4613 354 4668 et
377 4608 513 4684 ciuitatis,
537 4601 598 4665 in“.
671 4603 699 4638 ¹⁰
721 4606 813 4664 Deest
836 4605 926 4665 ibid.
998 4601 1025 4636 ¹¹
1049 4604 1095 4661 Sio
1126 4601 1216 4662 ibid.
1241 4599 1397 4658 -Deest

152 4697 280 4759 inood.
306 4696 416 4756 acad.
440 4694 475 4754 A.
500 4699 530 4753 et
552 4693 586 4752 Β.
659 4687 687 4724 ¹²
709 4691 820 4753 ibid:
846 4691 972 4774 „diotq“.
1043 4686 1072 4723 ¹³
1098 4688 1206 4748 ibid:
1233 4679 1396 4768 „Spoleti“.

1618 4775 1708 4806 ..ΔΗ
