3436 5362
290 705 359 750 ΟᾸΡ.
383 707 475 748 xxm.
499 707 541 748 DE
563 707 739 750 PROPOSI'HS
761 707 801 748 mu
824 707 964 752 nummu
989 707 1272 751 corcolmumotwu.

201 821 286 888 Item
318 827 473 888 statutum
504 829 537 888 et
566 823 747 888 ordinatum
778 831 844 900 est,
877 824 963 905 quod
993 823 1081 889 nulla
1103 825 1266 906 proposita
1288 823 1408 906 possit¹

157 921 227 991 lieri
257 926 291 990 in
320 926 464 1010 generali
494 927 625 993 consilio
656 927 810 992 ciuitatis²
834 926 958 1008 Spalati
982 947 1040 1010 per
1062 935 1228 1002 rectorem,
1261 929 1314 1010 qui
1349 947 1406 1008 pro

155 1033 303 1111 tempore
334 1028 432 1096 luerit
461 1031 493 1094 in
524 1031 609 1096 dicta
638 1029 794 1109 ciuitate³‚
825 1031 885 1096 nisi
917 1033 987 1112 ipsa
1008 1031 1174 1112 proposita
1198 1030 1307 1098 fieret‘
1331 1049 1402 1096 cum

155 1121 326 1199 uoluntate
346 1139 379 1200 et
396 1134 625 1200 deliberatione
647 1135 778 1200 maioris
801 1135 903 1215 partis
926 1137 1013 1215 curie
1036 1135 1121 1216 dicte
1146 1135 1312 1210 ciuitatis‚⁶
1335 1155 1407 1200 cum

157 1235 350 1303 dilliculter⁶
372 1239 405 1302 in
427 1238 570 1320 quolibet
592 1239 721 1304 consilio
744 1237 870 1320 posset⁷
894 1245 963 1304 toto
986 1239 1073 1304 curia
1089 1241 1286 1322 congregari.
1311 1239 1355 1304 Et
1379 1241 1405 1304 si

158 1339 393 1421 contraderet:
417 1342 486 1423 ipsu
502 1343 666 1424 proposita
682 1349 715 1407 et
737 1340 923 1408 reformatio
940 1341 1025 1408 lacta
1040 1343 1073 1406 in
1088 1342 1159 1424 ipso
1176 1343 1316 1422 consilio,
1346 1359 1407 1424 quq

157 1451 350 1527 sequeretur
372 1463 410 1512 en
432 1464 480 1526 ao,
506 1463 568 1511 non
591 1445 716 1512 uoluat⁹
738 1445 807 1528 ipso
831 1447 910 1512 inre.

593 1692 661 1736 UAI’.
680 1693 768 1734 XXIV·
792 1693 834 1734 DE
857 1693 974 1734 BODBH.

201 1809 283 1874 Item
306 1813 460 1874 statutum
483 1813 517 1874 ot
532 1809 712 1874 ordinatum
729 1815 788 1890 est,
814 1809 898 1891 quod
919 1815 1060 1891 potestas
1084 1827 1142 1874 sou
1164 1817 1269 1876 rector
1292 1809 1401 1875 uiuitu-

157 1912 234 1978 tis¹⁰
256 1911 381 1994 Spoleti
404 1917 552 1978 teneatur
575 1913 702 1977 uinculo
725 1913 915 1978 sacramenti
932 1931 1042 1979 omnes
1058 1919 1092 1978 et
1111 1913 1253 1995 singulas
1269 1915 1405 1994 partitas

159 2016 192 2081 in
214 2017 359 2100 generadi
384 2017 515 2081 consilio
540 2015 714 2081 ciuitatis¹¹
738 2013 860 2098 Spoleti
882 2015 988 2082 facere
1012 2017 1052 2083 ad
1074 2017 1206 2082 bassulo
1221 2023 1254 2081 et
1269 2017 1406 2082 bollotus

159 2125 193 2188 et
215 2139 279 2186 non
303 2120 408 2186 ulitur.
431 2119 476 2184 Et
498 2121 524 2185 si
547 2120 641 2185 aliter
663 2117 845 2203 fierit„non
867 2120 976 2186 uuleot
998 2121 1068 2202 ipso
1097 2110 1178 2186 iure.¹
1209 2121 1252 2185 Et
1274 2120 1408 2201 quilibet

159 2223 287 2289 uinculo
310 2223 502 2288 sacramenti
525 2229 672 2290 teneatur
695 2225 805 2290 ambas
826 2241 938 2288 manus
955 2225 1083 2290 mittere
1098 2226 1130 2288 in
1146 2223 1240 2289 dictis
1256 2223 1406 2302 bussolio,

160 2345 254 2392 unam
279 2345 406 2393 manum
431 2328 463 2392 in
486 2345 549 2393 uno
569 2328 700 2394 bussulo
725 2334 758 2394 et
779 2328 874 2393 alium
890 2328 923 2393 in
953 2327 1059 2405 olion,
1084 2335 1117 2393 et
1133 2328 1294 2408 relinquat
1308 2327 1406 2394 ballo·

160 2437 224 2498 tam
248 2431 374 2514 priuata
396 2432 428 2496 iu
451 2450 514 2513 quo
537 2431 669 2498 bussulo
692 2431 772 2512 uult,
797 2449 882 2514 peno
904 2431 1070 2498 duodecim
1094 2431 1307 2497 denariorum.

591 2677 658 2726 ΟΔΡ.
683 2679 758 2722 XXV.
782 2681 824 2722 DE
846 2679 966 2723 EODEM.

202 2795 285 2862 Item
309 2799 463 2861 statutum
487 2799 521 2860 et
535 2793 716 2861 ordinatum
733 2801 791 2873 est,
815 2795 901 2876 quod
917 2793 1107 2877 quicumque
1124 2794 1248 2861 dederit
1264 2795 1405 2876 uliqunm

158 2899 343 2981 petitionem
367 2897 433 2963 in¹⁸
455 2898 587 2964 consilio
610 2899 694 2978 dicte
718 2899 858 2964 ciuitatis
882 2899 921 2964 de
944 2915 1141 2980 quacumque
1164 2915 1259 2964 causa
1274 2897 1328 2962 uel
1350 2917 1402 2976 re;

156 3003 243 3084 quod
265 3002 377 3084 ipse¹⁴‚
403 3003 459 3084 qui
481 3001 606 3069 dederit
628 3003 729 3084 ipsam
753 3003 939 3084 petitionem
962 3009 995 3067 et
1011 3003 1078 3067 eius
1094 3008 1196 3083 pater,
1221 3000 1317 3086 filins,
1340 3000 1405 3066 lra-

156 3107 249 3187 ter¹⁶‚
274 3107 484 3172 consobrinus
509 3112 542 3174 et
565 3125 676 3188 napos,
700 3107 820 3173 scilicet
842 3103 925 3172 filius
948 3104 1057 3172 fratris
1079 3106 1131 3172 uel
1148 3107 1277 3184 sororio,
1300 3111 1333 3171 et
1355 3123 1404 3172 co-

159 3215 288 3293 gnatus,
313 3211 436 3276 scilicet
458 3212 592 3278 maritus
615 3228 673 3292 sne
697 3212 816 3277 sororis
838 3210 871 3276 in
901 3211 1075 3277 continenti
1106 3210 1225 3275 debeat
1256 3210 1342 3275 exire
1365 3209 1405 3274 ds

159 3314 231 3397 ipso
255 3313 387 3380 consilio
411 3331 497 3395 penu
519 3314 659 3396 quinque
675 3314 838 3380 soldorum
865 3333 924 3400 pro
940 3313 1083 3395 quolibet
1098 3314 1326 3395 predictorum,
1350 3313 1405 3394 qui

159 3437 223 3486 non
246 3417 377 3484 exirent
400 3417 444 3484 Et
460 3435 626 3501 quousque
648 3437 712 3483 non
736 3418 868 3492 exirent,
894 3417 971 3482 nihil
995 3417 1035 3482 de
1059 3418 1145 3482 dicta
1163 3417 1318 3499 petitione
1333 3434 1405 3499 pro-

160 3522 236 3604 poni
258 3521 362 3604 possit
383 3520 417 3585 in
441 3521 512 3604 ipso
535 3521 668 3588 consilio
690 3523 766 3588 etsi
782 3521 902 3604 aliquid
919 3527 1162 3604 proponeretur,
1187 3521 1237 3586 uel
1253 3519 1405 3586 reforma·

160 3631 259 3708 retur,
283 3643 345 3692 non
367 3623 477 3691 ualeat
499 3625 570 3708 ipso
593 3625 672 3692 iure.

160 3775 368 3786 ——ae

207 3853 300 3931 ¹Ap.
325 3853 451 3931 Ljub.:
478 3853 640 3935 „possint.“
706 3848 851 3914 'ibidz
885 3846 1079 3931 „diotqoiu‘
1139 3847 1285 3910 ³Vorba:
1310 3850 1401 3928 „pcr“

162 3959 254 4018 nsque
277 3940 325 4001 ad.
345 3939 499 4014 „ciuitatel
520 3939 625 3999 desunt
640 3938 730 4000 ibid.
786 3936 798 3972 ⁴
820 3939 930 3998 ibid:
950 3938 1100 4020 „fiarent.“
1150 3935 1163 3970 ⁶
1186 3937 1295 3998 ibid:
1313 3937 1403 4019 „Spo-

158 4025 240 4090 lotd‘.
298 4025 464 4087 lsioood.
483 4024 702 4100 acadB.Ap.
726 4025 833 4100 Ljnb.
858 4023 1086 4099 utqueincod.
1111 4024 1214 4084 acad.
1231 4026 1274 4084 A:
1302 4023 1400 4104 „diffi-

162 4108 301 4177 sulum&
394 4110 524 4172 ⁷Deest
565 4129 614 4186 up.
652 4111 764 4187 Ljub.
835 4109 982 4172 ⁸ibid.:
1038 4111 1250 4170 contrafactum
1280 4107 1399 4168 luerit“‚

167 4199 179 4235 ⁹
209 4201 319 4262 ibid:
356 4192 523 4281 „ualeant“.
624 4193 652 4230 ¹⁰
682 4197 777 4259 ibid.
823 4198 920 4280 „dicte
951 4157 1034 4256 eiu?
1122 4193 1149 4228 ¹²
1172 4195 1267 4255 ibid
1301 4213 1327 4254 s.
1363 4213 1402 4254 m.

166 4283 192 4323 ¹¹
213 4287 326 4348 ibid:
352 4283 522 4366 „bussnlo“.
580 4279 608 4318 ¹³
630 4283 741 4344 ibid:
767 4283 916 4366 „aliquot
966 4279 993 4315 ¹⁴
1016 4283 1071 4342 Sic.
1096 4299 1143 4358 ap.
1167 4284 1193 4342 L
1197 4283 1294 4360 jub:
1318 4281 1403 4340 deust

160 4375 189 4434 in
211 4372 319 4435 codd.
343 4371 452 4432 acad.
474 4369 502 4430 A
524 4375 555 4430 et
577 4370 610 4431 B.
682 4367 710 4403 ²⁶
731 4369 789 4446 Ap.
817 4370 944 4446 Ljub.:
970 4364 1145 4451 „camulis“.
