3376 5392
1295 483 1353 544 151

126 697 314 757 commorari
347 687 545 756 athabitana
568 690 599 754 in
623 687 774 768 Curzula,
809 687 915 770 ibique
945 689 1011 755 eius
1040 693 1137 755 artem
1168 689 1300 756 cirusiae
1323 703 1356 756 et

121 795 289 862 barberiae
313 795 458 862 continuo
483 813 630 862 exercere
654 803 686 862 et
707 796 751 862 ibi
774 803 884 862 tenere
905 815 963 878 pro
976 795 1118 862 omnibus
1142 795 1355 878 indigentibus

122 905 156 967 et
178 901 285 984 pretio
307 901 462 968 mercedis
486 901 639 984 pecuniae
662 902 783 968 seruire
806 906 840 967 et
861 901 1029 968 subuenire
1056 902 1142 966 iuxta
1164 901 1231 968 eius
1254 902 1354 982 possi·

120 1005 278 1072 bilitatem
290 1013 323 1074 et
335 1007 506 1087 scientiam,
530 1009 597 1073 siue
613 1007 772 1088 notitiam;
796 1008 836 1074 ob
849 1008 909 1073 hoc
923 1006 999 1074 dicti
1014 1025 1089 1073 uero
1106 1007 1221 1073 domiui
1238 1025 1352 1086 comes,

119 1110 244 1178 iudices
268 1117 301 1176 ot
323 1111 444 1179 nobiles
466 1112 642 1179 nominibus
673 1118 705 1180 et
727 1113 796 1180 uice
818 1111 916 1179 totius
940 1112 1058 1178 consilii
1082 1119 1114 1178 et
1140 1112 1353 1179 uniuersitatis

120 1215 278 1282 Curzulae
307 1217 400 1298 bona,
431 1217 669 1300 praerogatiuas
699 1223 731 1284 et
762 1215 899 1301 capitula
929 1217 1031 1283 eidem
1057 1218 1207 1301 magistro
1236 1217 1352 1284 Joouni

118 1327 277 1404 perpetuo
300 1323 456 1389 seruanda
479 1327 700 1389 concesserunt
721 1321 936 1405 infrascripta:

161 1427 270 1494 Primo
292 1427 353 1509 ipsi
376 1427 520 1494 dominus
543 1445 657 1508 comcs,
681 1427 800 1494 iudices
824 1433 858 1495 et
880 1427 1002 1494 nobiles
1024 1427 1209 1508 nominibus,
1240 1429 1352 1510 quibus

119 1551 229 1614 supra,
254 1532 410 1599 dederunt
433 1539 469 1600 et
487 1532 687 1598 donauerunt
708 1533 808 1599 libere
832 1538 864 1599 et
886 1533 1032 1616 expedite
1054 1531 1087 1596 in
1111 1537 1296 1615 perpetuum
1313 1533 1352 1600 ti-

117 1637 186 1703 tulo
213 1637 402 1724 donatipuis
428 1657 509 1720 quae
533 1639 647 1704 dicitur
668 1639 752 1705 inter
766 1638 867 1718 uiuos,
891 1639 974 1704 dicto
989 1639 1141 1720 magistro
1164 1638 1279 1704 Joonni
1302 1658 1352 1705 re-

119 1743 259 1826 cipienti,
284 1743 449 1824 stipulanti
463 1761 520 1826 pro
537 1763 582 1829 se,
607 1745 734 1824 suisque
749 1743 941 1811 haeredibus
957 1749 990 1810 et
1006 1742 1241 1810 successoribus
1257 1763 1354 1810 unum

117 1847 223 1914 locum
240 1849 412 1914 communis
428 1855 573 1915 uocatum
596 1849 762 1915 Racischia
778 1867 848 1914 curu
864 1850 1006 1915 omnibus
1031 1849 1095 1914 suis
1125 1849 1253 1926 iuribus,
1282 1867 1354 1931 por·

117 1953 263 2036 tinentijs
287 1961 320 2020 et
342 1951 515 2021 confinibus
537 1955 715 2037 incipiendo
731 1955 902 2020 antenoris
918 1953 1019 2036 campi
1036 1955 1206 2036 superioris
1229 1953 1353 2022 Cnexae

119 2077 236 2124 uersus
263 2059 459 2125 Raciscbiam
486 2065 578 2142 prout
601 2065 634 2125 et
657 2061 737 2125 siout
759 2060 861 2126 tendit
882 2059 952 2141 ipsa
977 2059 1113 2124 macaria
1136 2063 1168 2124 et
1189 2077 1289 2142 usque
1312 2061 1353 2126 ad

119 2164 238 2230 vallum
262 2165 350 2230 iuxta
374 2163 481 2230 Obriui
503 2166 574 2244 Rot,
599 2164 727 2242 Stiniza,
751 2165 919 2248 latignlza,
943 2164 1022 2230 Vela
1046 2163 1161 2230 Strana
1189 2165 1352 2246 usquead

117 2289 225 2348 mare3
258 2287 337 2350 quas
360 2275 463 2336 terras
485 2271 546 2338 loci
576 2271 729 2352 praedicti
759 2271 866 2336 ualeat
895 2271 962 2352 ipse
985 2269 1134 2352 magister
1159 2267 1298 2338 loannes
1321 2275 1354 2335 et

117 2375 186 2440 eius
210 2374 366 2441 haeredes
389 2381 422 2440 et
445 2393 642 2442 successores
666 2395 791 2456 sempor
806 2375 847 2440 ad
865 2393 972 2440 eorum
995 2373 1117 2440 libitum
1132 2374 1275 2457 plantare
1298 2379 1353 2439 aut

116 2479 258 2560 plantari
280 2477 384 2546 iacere
408 2485 442 2546 et
462 2480 590 2546 unsara
615 2487 647 2546 et
670 2481 774 2547 omnia
796 2481 894 2546 libere
916 2477 1029 2558 iacere,
1054 2479 1098 2542 uti
1115 2479 1154 2544 de
1169 2477 1351 2562 repropriq

117 2585 238 2649 nullam
272 2584 374 2650 dando
405 2589 527 2668 partein
554 2585 637 2652 dicto
669 2585 823 2652 communi
854 2583 1009 2650 Curzulae
1041 2583 1080 2650 de
1103 2582 1255 2648 fructibus
1279 2583 1352 2649 inde

116 2689 332 2772 percipiendis
354 2695 419 2756 ianr
441 2709 498 2773 per
520 2691 622 2772 ipsum
646 2692 834 2773 magistrum
849 2689 1015 2766 loannem,
1039 2707 1132 2770 quarn
1155 2707 1212 2770 per
1227 2688 1294 2754 eius
1318 2688 1350 2752 iu

117 2801 282 2876 posterum
305 2795 458 2862 haeredes
480 2801 514 2862 et
536 2797 774 2877 descendentes
799 2794 872 2860 dum
895 2800 1000 2860 tamen
1022 2793 1081 2874 ipsi
1103 2791 1270 2871 haeredes
1298 2791 1350 2857 uel

120 2899 349 2966 descendentes
372 2907 472 2966 artem
493 2901 661 2967 barbariae
691 2899 852 2966 succesiue
875 2888 1042 2965 exerceant
1064 2899 1095 2962 in
1120 2895 1270 2976 Curzula;
1294 2897 1350 2961 all-

117 3009 167 3070 ter
188 3022 268 3069 uero
292 3023 354 3070 non
377 3005 551 3071 exercendo
574 3007 674 3088 ipsam
697 3011 807 3084 artem,
830 3009 998 3070 teneantur
1020 3003 1162 3084 ipsicius
1184 3001 1349 3080 haeredes,

118 3127 317 3176 successores
347 3109 399 3175 uel
429 3110 656 3176 descendentes
684 3110 784 3175 dictas
815 3115 916 3174 terras
946 3107 1142 3190 possidentes
1173 3105 1212 3171 de
1239 3112 1351 3188 quarta

116 3220 206 3296 parte
235 3213 394 3280 fructuum
430 3215 567 3280 omnium
595 3216 679 3282 dicto
711 3213 865 3282 communi
901 3214 1061 3278 annuatim
1091 3211 1284 3294 respondere
1318 3213 1351 3275 et

117 3319 169 3385 ubi
191 3320 242 3384 las
266 3317 358 3384 lieret
380 3321 593 3386 seminandum
617 3321 656 3386 de
680 3320 789 3402 quinta
812 3317 983 3384 secundum
1005 3317 1099 3382 riturn
1121 3313 1284 3381 Curzulae.

157 3423 267 3489 Etiam
289 3423 451 3505 praefatus
473 3425 617 3490 domiuus
644 3443 757 3508 comes,
781 3423 900 3489 iudices
917 3429 949 3488 et
964 3421 1095 3500 nobiles,
1118 3420 1231 3502 quibus
1254 3437 1350 3500 supra
1391 3461 1397 3472 ·

113 3530 289 3595 nominibus
304 3529 388 3594 dicto
405 3530 557 3611 magistro
568 3529 692 3596 'loanni
722 3528 884 3610 stipulanti
914 3525 1179 3592 confirmauerout
1208 3527 1241 3589 et
1265 3521 1343 3587 rati·

12 3691 21 3716 ,
115 3631 293 3698 ficaueruut
316 3637 349 3699 et
370 3635 629 3716 approbauerunt
651 3653 756 3701 omma
785 3639 818 3698 et
840 3631 962 3716 singula
983 3632 1053 3696 iura
1083 3635 1116 3695 et
1147 3629 1286 3694 actiones
1317 3633 1350 3691 et

117 3738 366 3821 praerogatiuas,
391 3757 472 3820 quae
495 3745 527 3804 et
550 3757 629 3820 quas
652 3737 730 3804 alias
753 3737 888 3804 obtinuit
910 3756 929 3802 a
952 3735 1035 3801 dicto
1059 3733 1213 3800 communi
1230 3730 1347 3798 Cornu·

119 3841 168 3908 lae
189 3861 250 3924 per
265 3843 474 3910 instrumenta
489 3845 723 3926 scripturasque
740 3863 835 3927 super
850 3843 951 3907 uineis
966 3847 999 3906 et
1013 3841 1089 3905 locis
1105 3839 1189 3921 apud
1204 3841 1346 3904 sanctum

117 3947 244 4028 Lucam,
270 3967 348 4030 quas
370 3953 472 4013 terras
495 3948 629 4030 plantari
652 3947 757 4013 iacere
779 3953 812 4013 et
834 3948 961 4012 uinearo
977 3945 1075 4012 libere
1091 3944 1208 4022 ualeat,
1229 3939 1346 4006 nullam

119 4051 221 4119 dando
245 4057 367 4135 partem
391 4052 430 4119 de
453 4051 607 4119 fructibus
634 4053 707 4118 inde
730 4051 941 4134 percipiendis
969 4070 1026 4134 per
1055 4049 1173 4131 ipsum,
1206 4045 1257 4112 uel
1280 4045 1348 4110 eius

116 4155 270 4224 haeredes
292 4163 326 4224 et
347 4176 554 4238 successores,
579 4157 639 4222 nisi
662 4157 797 4224 conditio
821 4156 1037 4238 suprascripta
1051 4149 1262 4220 adueneritin
1280 4149 1348 4216 eius

118 4259 305 4328 haeredibus
328 4261 380 4328 uel
403 4263 678 4342 descendentibus
702 4265 864 4343 utsupra.

158 4365 266 4432 Tertio
297 4373 521 4434 concessemnt
550 4369 701 4450 magistro
726 4365 841 4432 loanni
871 4371 1030 4446 utsupra
1061 4359 1234 4444 stipulanti,
1263 4357 1348 4440 quod

118 4470 183 4552 ipse
206 4491 269 4538 non
296 4477 443 4539 teneatur
471 4472 547 4538 dare
578 4473 713 4554 aliquam
744 4477 867 4554 portem
897 4469 936 4535 de
967 4467 1103 4550 piscibus
1134 4465 1193 4532 sibi
1223 4463 1254 4527 iu
1281 4462 1349 4528 sius

117 4581 205 4656 parte
237 4577 492 4659 contingentibus
524 4577 675 4643 duanario
707 4576 870 4660 piscariae,
900 4573 960 4640 uisi
982 4577 1105 4637 tantum
1128 4571 1167 4636 de
1189 4569 1237 4646 iis,
1268 4585 1348 4649 quos

118 4682 302 4766 uendidern't,
327 4683 366 4748 de
388 4689 479 4765 parte
502 4701 579 4749 uero
604 4683 734 4748 aliorum
759 4680 930 4747 duanarius
952 4678 1085 4762 piscium
1100 4675 1218 4743 babere
1234 4673 1348 4740 debeat

121 4791 239 4866 partem
261 4788 346 4855 iuste
369 4788 428 4855 sibi
450 4789 684 4873 contingentem
699 4793 732 4855 et
747 4785 946 4854 nihilomiuus
962 4787 1109 4851 teneatur
1125 4798 1249 4863 semper
1263 4777 1348 4844 idem
