3416 5350
270 403 332 464 118

269 606 456 688 paralium,
488 607 541 688 qui
565 607 695 687 diceret,
726 626 761 673 sc
789 609 838 673 ius
870 608 1043 674 haberem
1067 606 1153 672 dicta
1183 614 1290 685 torra;
1323 604 1382 670 sed
1414 605 1525 686 ipsam

269 711 395 776 uincam
426 718 534 776 teneat
557 718 591 776 et
613 712 779 792 possideat
801 731 839 778 oo
863 711 968 788 modo,
1000 729 1062 792 quo
1086 730 1155 776 eam
1187 711 1291 774 tenuit
1314 715 1348 774 et
1372 706 1528 790 possedit

269 831 325 895 per
349 813 466 879 dictos¹
489 814 554 878 iricti
571 833 681 880 annos.

312 916 356 980 Et
386 917 430 981 si²
459 918 603 983 dominus
634 926 720 999 terre
755 919 858 1000 ipsam
892 919 1122 1000 possessionem
1159 917 1351 994 uendiderit,
1387 921 1525 996 emptor

269 1039 371 1084 nouus
393 1039 455 1085 non
479 1023 581 1102 possit
603 1020 752 1103 frangere
775 1023 828 1087 uel
852 1027 976 1087 mutare
999 1028 1102 1103 pacta,
1127 1038 1189 1103 que
1206 1020 1316 1087 babuit
1339 1019 1520 1100 laborator,

269 1124 325 1206 qui
346 1125 505 1206 plantarrit
528 1125 642 1190 dictam
667 1126 804 1202 uincam,
830 1125 886 1191 sed
903 1125 954 1189 illa
972 1125 1074 1206 prima
1088 1130 1184 1206 pacta
1206 1124 1347 1190 debeant
1369 1123 1520 1188 totaliter

269 1245 340 1296 esse
363 1226 463 1292 firma.

312 1331 356 1395 Et
378 1331 406 1394 si
429 1331 606 1412 pastinator
629 1333 681 1397 uel
705 1333 869 1397 laborator
891 1333 1030 1413 aliquam
1061 1329 1188 1396 uincam
1221 1331 1437 1412 pastinauerit
1459 1330 1514 1395 uel

269 1434 467 1500 laborauerit
490 1453 561 1498 eom
583 1437 635 1502 uel
657 1436 794 1516 aliquam
826 1444 955 1517 terram,
987 1455 1049 1500 noa
1081 1443 1283 1516 presumatur
1309 1435 1516 1516 ipsam-pos·

269 1539 447 1603 sessionem
471 1538 600 1603 turbare
624 1538 728 1616 alicui,
763 1539 817 1620 qui
840 1541 999 1620 acceperit
1021 1540 1136 1604 dictam
1160 1539 1287 1603 uincam
1309 1537 1342 1602 in
1367 1541 1517 1602 teautmn

271 1647 382 1707 contra
397 1640 503 1720 alium,
528 1660 621 1722 quam
640 1649 750 1708 contra
767 1643 989 1722 laboratorem,
1014 1643 1088 1724 quia
1105 1661 1232 1724 semper
1249 1641 1345 1708 debet
1360 1639 1517 1722 presumi,

270 1744 356 1826 quod
372 1763 430 1826 pro
445 1744 514 1810 iure
529 1764 587 1811 suo
603 1745 774 1827 possiderit
788 1747 841 1810 uel
857 1746 1052 1812 laborauerit
1070 1745 1306 1828 possessionem
1321 1744 1517 1826 predictam.

386 1975 454 2019 011³.
478 1975 566 2019 ovm.
589 1975 631 2016 DE
654 1975 865 2018 oamoffloma
888 1975 990 2018 FACTA
1013 1977 1073 2018 PER
1095 1975 1208 2018 mmmm
1230 1975 1393 2017 sammua.

311 2091 393 2158 Item
417 2095 572 2157 statutum
595 2097 627 2158 et
650 2091 830 2157 ordinatum
854 2097 912 2170 est,
949 2092 1033 2173 quod
1056 2091 1083 2158 si
1106 2091 1189 2157 filius
1213 2089 1349 2158 familias
1373 2109 1409 2156 se
1433 2089 1517 2155 obli·

268 2195 398 2279 gauerit
413 2195 456 2260 ad
471 2195 590 2277 aliquid
607 2194 795 2274 faciendum,
814 2195 951 2259 dandum
968 2195 1018 2261 uel
1037 2195 1224 2261 soluendum
1241 2195 1334 2259 alicui
1351 2194 1518 2275 exaliqua

268 2298 354 2362 iusta
377 2315 483 2380 causa,
507 2299 593 2379 quod
609 2299 678 2381 ipse
700 2298 909 2380 compellatur
923 2300 963 2364 ad
980 2299 1168 2365 soluendum
1184 2301 1222 2377 ei,
1246 2299 1333 2380 quod
1354 2299 1515 2380 promisit

265 2401 299 2464 in
321 2400 413 2466 bonis
436 2407 470 2466 ot
492 2420 590 2482 super
619 2403 710 2469 bonis
743 2403 810 2466 suis
833 2408 867 2465 et
890 2421 951 2466 non
983 2421 1081 2482 super
1111 2403 1202 2467 bonis
1234 2403 1336 2484 patris
1367 2402 1428 2480 sui,
1460 2400 1517 2465 uel

266 2504 378 2569 matris
401 2521 469 2584 sue.

310 2606 356 2672 Et
374 2608 402 2674 si
417 2626 480 2674 non
496 2607 631 2676 haberet
649 2610 734 2675 unde
751 2609 935 2676 satisfacere
950 2609 1059 2692 possit,
1083 2609 1309 2676 exbanniatur⁸
1324 2609 1366 2676 de
1381 2609 1517 2674 ciuitate

266 2707 388 2791 Spalati
404 2717 437 2777 et
452 2730 510 2777 suo
533 2713 690 2792 districtu,
715 2717 749 2778 ot
769 2714 797 2778 si
812 2719 926 2796 postea
949 2713 1019 2795 capi
1042 2714 1170 2795 poterit,
1193 2713 1410 2794 personaliter
1431 2713 1515 2779 doti-

266 2817 391 2894 ocatur,
416 2816 517 2881 donec
539 2815 729 2883 satisfecerit
752 2821 835 2883 etse
859 2818 1099 2885 concordauerit
1121 2835 1191 2882 cum
1215 2817 1376 2882 creditore
1399 2835 1457 2881 suo
1479 2816 1514 2880 in

266 2935 303 2982 eo
325 2923 359 2984 et
381 2919 421 2984 de
444 2937 494 2999 oo,
518 2939 616 3002 super
638 2938 700 3002 quo
725 2939 760 2986 se
782 2921 982 3004 obligauerit.

565 3147 632 3192 on.
657 3149 720 3193 OIX·
743 3151 786 3192 DE
807 3151 1017 3195 anonomastos
1039 3151 1209 3196 roomms.

306 3259 389 3350 ltem
411 3266 567 3326 statutum
585 3269 617 3329 et
632 3265 813 3330 ordinatum
836 3271 896 3344 est,
921 3267 1006 3347 quod
1028 3268 1056 3332 si
1077 3267 1193 3348 aliquis
1216 3267 1337 3335 habeat
1356 3269 1516 3351 aliquem⁴

247 3379 355 3426 suum
387 3362 564 3430 debitorem
595 3365 774 3449 fugitiuum,
807 3369 860 3449 qui
884 3388 947 3436 non
971 3371 1136 3450 possideat
1166 3371 1250 3438 bona
1282 3372 1459 3439 immobilia
1480 3373 1515 3437 in

264 3464 394 3531 ciuitate
417 3464 541 3548 Spalati
564 3469 618 3535 uel
641 3489 699 3536 suo
734 3471 881 3537 districtu
911 3471 1231 3558 suffocationem,
1263 3476 1349 3558 quod
1381 3477 1513 3558 petitur,

264 3573 341 3633 tunc
362 3574 504 3650 potestas
526 3576 560 3636 et
582 3573 650 3638 eius
680 3571 839 3655 offitioloa
871 3573 959 3641 facta
982 3575 1029 3644 eis
1051 3575 1116 3643 fide
1139 3579 1180 3645 de
1202 3579 1311 3645 debito
1333 3579 1513 3661 principali,

265 3673 430 3738 teneatur⁶
452 3675 595 3756 recipere
625 3675 829 3744 fideiussores
861 3680 993 3746 idoneos
1018 3681 1058 3746 ab
1088 3699 1137 3763 eo,
1168 3682 1222 3764 qui
1256 3685 1448 3749 conuenitur
1471 3685 1513 3750 de

263 3775 375 3841 iuditio
398 3778 468 3842 sisti
492 3783 525 3844 et
548 3779 588 3844 do
610 3779 749 3849 iudicato
773 3783 935 3850 soluendo.

308 3879 352 3944 Et
374 3879 401 3943 si
426 3879 530 3948 dictus
553 3885 747 3950 conuentus⁶
769 3886 851 3952 tales
873 3885 1079 3956 fideiussores
1103 3889 1180 3956 dare
1196 3908 1259 3956 non
1275 3891 1406 3972 poterit,
1430 3893 1512 3958 deti·

264 3986 379 4046 neatur
395 3983 427 4046 in
443 4001 570 4050 carcere
585 3991 757 4054 communis
771 3987 904 4074 Spoleti,
921 3993 1022 4058 donec
1037 3995 1088 4059 uel
1102 3995 1159 4060 det
1173 3995 1275 4060 dictos
1292 3993 1511 4072 fideiussores,

263 4083 333 4148 uel⁷
354 4084 503 4150 iudicium
527 4107 684 4155 excausa
712 4090 807 4157 finem
836 4095 970 4177 accipiat
994 4101 1028 4162 et
1050 4097 1152 4164 donec
1179 4097 1374 4166 satisfecerit
1397 4099 1438 4163 de
1461 4118 1512 4178 eo,

263 4187 357 4278 quod,
367 4188 501 4269 petitum
517 4189 624 4275 fuerit,
642 4193 668 4256 si
684 4195 724 4258 ad
741 4195 802 4262 hoc
817 4197 917 4264 fuerit
932 4199 1196 4281 condemnatus⁸3
1220 4203 1337 4284 quina⁹
1351 4201 1512 4284 generalis

262 4317 468 4329 ψ-

309 4375 320 4410 ¹
343 4378 400 4454 Ap.
425 4381 549 4456 ejula:
575 4383 682 4458 „ipsos
765 4382 909 4450 ²ibid.:
937 4387 1082 4467 „clictus“.
1164 4389 1279 4454 8Οοᾱ.
1304 4395 1408 4456 acad.
1433 4395 1458 4453 B
1481 4399 1511 4454 at

262 4479 309 4536 ap,
327 4463 352 4521 L
356 4464 369 4539 j
379 4483 397 4522 u
407 4467 451 4524 b.:
470 4467 712 4548 „orbandiatur“.
773 4469 784 4503 ⁴
801 4473 891 4533 Deest
906 4493 953 4550 ap.
972 4478 996 4536 L
1002 4478 1045 4552 ju
1055 4479 1083 4536 b.
1143 4477 1281 4540 ⁶ibid.:
1299 4481 1506 4557 „teneantur“.

267 4546 512 4638 “Comatam
534 4554 568 4612 B.
592 4559 622 4612 et
643 4571 691 4628 ap.
716 4555 843 4632 Ljub.:
871 4563 1091 4640 „concinebat
1186 4562 1197 4598 ⁷
1220 4565 1331 4626 ibid.:
1359 4566 1504 4649 „donoc“.

265 4627 386 4696 ΒΟοᾱ.
409 4637 513 4696 acad.
536 4640 577 4698 B:
601 4640 883 4720 „condempnatus“.
955 4645 1045 4724 ⁰Ap.
1071 4647 1200 4725 Ljub.:
1226 4653 1417 4734 „quoniam“.
