3416 5350
322 437 394 500 108-

318 643 463 724 pcrsonis
486 643 670 718 uicinorum,
693 651 769 710 tuno
785 649 928 726 potestas
945 648 979 709 et
991 643 1059 710 eius
1077 644 1165 708 curia
1180 645 1220 709 ad
1239 643 1424 725 petitionem
1451 645 1570 710 cuins-

317 746 398 816 libet
427 747 522 820 uicini
556 747 781 830 conquerentis
804 753 951 817 teneatur
973 747 1099 818 mittere
1121 747 1202 814 duos
1224 747 1277 814 uel
1300 755 1366 816 tres
1388 750 1575 828 magistros

315 851 357 918 ad
379 851 551 924 rudendum
574 853 702 920 oculeta
723 851 787 918 fide
808 853 910 934 ipsam
933 852 1061 918 domum
1083 852 1254 924 muneram.
1278 851 1323 916 Et
1345 852 1373 920 ai
1392 853 1467 918 dicti
1493 869 1571 916 ma·

316 955 407 1038 gistri
430 961 610 1024 moratores
639 956 855 1025 intellexerint
877 956 927 1022 at²
949 957 1127 1037 retulerint,
1159 955 1244 1038 quod
1266 956 1338 1038 ipsa
1360 958 1470 1022 domus
1494 953 1572 1020 rui-

316 1077 395 1126 uosa
412 1061 525 1141 possit
554 1059 653 1128 affere
682 1060 812 1142 aliquod
842 1061 1016 1142 periculum
1040 1061 1071 1124 in
1105 1061 1249 1142 personis
1279 1061 1333 1126 nel
1360 1061 1473 1139 rebus3
1504 1059 1570 1125 ifle

319 1164 408 1230 cuius
431 1169 483 1229 est
506 1164 591 1230 dicta
614 1166 735 1242 domus,
759 1167 792 1230 in
812 1165 984 1234 confluenti
1000 1164 1068 1230 sine
1083 1165 1190 1245 ulique
1205 1164 1406 1230 tarditatem
1421 1165 1569 1230 termino

318 1267 378 1334 sibi
400 1266 586 1351 praefigendo
602 1288 660 1353 per
675 1274 869 1351 potestatem
887 1275 921 1336 et
935 1271 1004 1335 sins
1019 1272 1138 1340 curiam
1154 1287 1225 1334 cum
1244 1269 1377 1336 consilio
1399 1267 1566 1334 dictormn

319 1373 542 1454 magistrorum
572 1379 719 1440 teneatur
756 1373 873 1456 ipsam¹
908 1373 1035 1440 domum
1065 1379 1195 1457 aptare,
1230 1378 1417 1438 mutasset
1449 1372 1566 1436 indier

316 1474 515 1543 laceratum
547 1475 678 1560 effectu,
709 1477 794 1558 quod
825 1476 926 1541 dictal
957 1476 1069 1542 domus
1092 1495 1155 1542 non
1178 1478 1280 1558 possit
1301 1478 1395 1542 alicui
1419 1492 1565 1557 persone

316 1577 433 1647 afferre
455 1582 631 1664 periculum
653 1581 686 1646 in
708 1581 862 1663 personis,
886 1581 940 1648 uel
962 1583 1066 1648 rebus.
1090 1582 1182 1648 Etsi
1206 1580 1289 1650 inira
1311 1581 1430 1646 dictum
1450 1579 1565 1646 termi-

316 1699 390 1750 oum
421 1702 485 1750 nou
515 1690 700 1766 repararet,
732 1690 767 1751 ut
797 1686 914 1750 dictum
938 1693 997 1768 est,
1021 1691 1162 1768 potestas
1186 1693 1220 1752 et
1242 1686 1322 1751 eius·
1340 1685 1437 1760 curia,
1473 1684 1564 1750 dicto

315 1789 451 1855 termino
474 1789 602 1870 elapso,
633 1795 779 1856 teneatur
812 1790 939 1856 uinculo
962 1789 1152 1856 sacramenti
1174 1791 1277 1878 ipsam
1301 1777 1428 1855 domum
1452 1788 1562 1854 iacere

315 1892 453 1972 destrui,
485 1893 530 1959 ita
560 1893 645 1976 quod
676 1894 753 1960 nulli
776 1913 912 1976 persone
945 1896 1047 1976 possit
1068 1893 1184 1962 afferre
1204 1895 1378 1978 periculum
1401 1894 1434 1958 in
1458 1893 1559 1959 rebus

315 2016 424 2064 eorum
446 1997 592 2080 expensis
616 1999 736 2064 domus,

532 2093 549 2126 1

497 2231 564 2274 ΟΔΡ,
588 2232 675 2275 xom.
699 2232 740 2274 DE
763 2231 898 2274 etiamn
921 2231 1075 2292 GOUUNI,
1101 2233 1184 2286 Quor>
1207 2232 1367 2276 nmmum,

356 2344 438 2410 Item
462 2350 617 2412 statutum
637 2351 671 2411 et
693 2347 874 2414 ordinatum
896 2352 956 2430 ast,
983 2347 1069 2429 quod
1092 2347 1120 2414 si
1143 2347 1241 2428 aliqui
1260 2346 1417 2413 haberent
1441 2346 1560 2412 domus

313 2445 456 2528 lapideas
480 2449 661 2515 cornicines
676 2455 711 2515 et
725 2451 917 2532 coniunctas,
940 2452 1119 2531 intorques
1137 2452 1179 2518 sit
1193 2451 1298 2532 paries
1314 2449 1356 2514 da
1371 2449 1561 2529 lignamine,

314 2551 342 2616 si
365 2552 474 2634 aliqua
495 2559 570 2634 pars
594 2571 703 2619 eorum
725 2554 796 2618 nult
818 2552 926 2620 iacere
949 2573 1079 2620 murum·
1097 2554 1337 2619 conuenientem
1366 2555 1398 2618 iu
1421 2552 1493 2620 loco
1527 2559 1563 2618 et

314 2655 397 2722 circa
419 2657 534 2737 locum,
558 2657 612 2722 nbi
636 2664 706 2724 erat
730 2657 815 2724 dicta
838 2659 944 2739 paries
964 2659 1005 2724 de
1019 2659 1200 2742 lignamine,
1223 2658 1343 2724 licitum
1359 2657 1402 2723 sit
1415 2657 1478 2722 sibi
1496 2655 1560 2721 hoc

313 2757 419 2826 iacere
442 2760 612 2827 dummodo
635 2761 778 2842 requirat
801 2763 889 2843 prius
909 2762 1047 2828 uicinum
1070 2781 1173 2836 suum,
1197 2762 1224 2827 si
1248 2763 1318 2828 nult
1339 2761 1423 2842 quod
1446 2780 1560 2826 murus

312 2863 478 2945 predictus
501 2863 559 2932 fiat
581 2865 799 2931 communibus
822 2866 978 2947 expensis.
1002 2865 1094 2932 Etsi
1117 2867 1239 2932 uicinus
1262 2869 1338 2936 tuuc
1361 2883 1424 2931 non
1444 2870 1561 2946 posset

199 3033 203 3041 ,
315 2966 367 3034 nel
388 2967 478 3034 uolet
498 2967 699 3034 contribuere
716 2987 872 3052 expensas
888 2970 929 3035 ad
948 2967 1125 3036 iaciendum
1142 2969 1259 3036 dictum
1275 2987 1410 3048 murum,
1434 2968 1559 3034 licitum

312 3069 356 3136 sit
377 3069 432 3150 illi,
456 3071 511 3154 qui
532 3071 603 3138 uult
623 3072 711 3138 illum
734 3091 860 3138 murum
882 3071 998 3151 iacere,
1022 3073 1126 3156 ipsum
1150 3091 1276 3138 murum
1298 3071 1472 3139 hedificare
1489 3071 1558 3139 suia

313 3175 471 3256 expensis.
501 3175 545 3241 Et
575 3175 678 3242 dictus
712 3176 834 3244 uicinus
865 3195 949 3242 anno
972 3177 1081 3257 elapso
1105 3195 1124 3241 a
1146 3176 1198 3242 die
1220 3174 1454 3242 hedificationis
1477 3175 1560 3242 dicti

312 3278 394 3342 muri
416 3279 627 3360 compellatur
648 3298 707 3360 per
729 3282 846 3346 curiam
870 3279 999 3346 realiter
1023 3285 1055 3345 et
1077 3280 1290 3361 personaliter
1321 3280 1363 3346 ad
1394 3279 1558 3346 coutribu-

313 3381 430 3446 endum
454 3387 487 3448 et
510 3383 650 3448 dandum
673 3382 757 3449 dicto
780 3383 883 3450 uicino
899 3401 955 3449 suo
971 3383 1327 3450 medietatamomnium
1344 3401 1559 3465 expensarum

313 3503 392 3566 quas
416 3485 537 3552 iecerat
559 3485 591 3551 in
613 3484 734 3552 lubrica
756 3494 790 3554 et
809 3485 1032 3554 hedificatione
1055 3487 1132 3552 dicti
1166 3487 1266 3566 muri;
1298 3492 1333 3552 et
1353 3487 1423 3569 ipae
1446 3505 1559 3552 murus

312 3588 487 3656 communis
509 3596 674 3658 ramaneat
695 3590 779 3656 inter
801 3608 866 3657 eos.

313 3819 380 3863 oar.
405 3821 490 3864 xorv.
521 3821 563 3862 nn
594 3821 690 3864 nunna
708 3821 861 3863 asnorum
883 3820 1099 3864 rnnnnnnrnus
1122 3821 1221 3864 aurun
1244 3799 1407 3863 urrunnnno⁴
1428 3820 1559 3862 annno.

353 3935 434 4000 Item
458 3941 613 4001 statutum
637 3941 670 4002 et
692 3937 871 4002 ordinatum
896 3941 955 4015 cst,
980 3938 1065 4016 quod
1091 3936 1117 4000 si
1142 3937 1257 4018 aliquis
1280 3937 1399 4002 lrabeat
1414 3936 1556 4017 aliquem

309 4037 456 4104 arborem
480 4040 512 4104 in
535 4057 593 4105 sno
615 4044 743 4106 terreno
775 4059 845 4106 cum
878 4041 959 4106 rami
981 4040 1144 4122 pendeant
1166 4059 1262 4122 super
1285 4040 1391 4105 aliano
1416 4046 1558 4112 terreno,

311 4145 387 4207 tunc
417 4142 460 4208 sit
488 4141 606 4207 licitum
636 4142 698 4217 illi,
730 4161 827 4224 snper
857 4143 946 4209 cuius
974 4147 1101 4210 terreno
1134 4144 1274 4225 pendent
1297 4143 1373 4208 dicti
1397 4142 1478 4208 rami
1503 4143 1557 4208 uel

310 4245 475 4327 percipere
494 4245 618 4312 fructus
633 4246 789 4312 dictorum
807 4266 966 4314 ramorum
982 4247 1190 4330 pendentium
1206 4265 1302 4328 super
1321 4247 1396 4312 sno⁶
1412 4253 1554 4326 terreno,

312 4348 363 4413 uel
394 4349 421 4414 si
451 4348 553 4416 dictos
583 4348 705 4416 iruotns
736 4350 825 4416 nolet
847 4351 976 4434 habere,
1012 4356 1159 4416 teneatur
1190 4349 1336 4417 dominns
1366 4350 1490 4416 arboris
1524 4351 1557 4414 in

307 4471 514 4486 m

355 4540 366 4576 ¹
393 4535 599 4620 „inallenerint
621 4545 669 4605 et“
703 4545 786 4605 deest
816 4546 845 4604 in
867 4545 947 4607 cod.
971 4545 1081 4607 acad.
1105 4545 1130 4603 B
1153 4548 1183 4604 et
1205 4544 1386 4621 apLjub.
1459 4541 1558 4622 'Ap

309 4629 623 4706 Ljub.:„dletam“.
703 4627 853 4692 ⁸ibid.:
888 4633 1004 4709 „talia“.
1084 4630 1558 4694 *DeestinoodaoadB

310 4719 340 4776 ct
361 4732 410 4795 ap.
434 4716 544 4796 Ljub.
615 4713 707 4794 ‘Ap
731 4717 859 4794 Ljub.:
883 4718 992 4797 „dicto
