3396 5402
378 445 438 511 128

376 649 439 732 ipsi
461 649 670 716 conductores
699 653 868 716 teneantur
896 648 974 715 dare
996 667 1149 731 expensas
1171 649 1244 716 oris.
1281 649 1324 715 Et
1345 617 1431 715 ultra
1451 647 1513 715 hoc
1534 647 1605 714 dure

374 753 523 836 placarijs
546 772 603 835 pro
626 772 736 822 eorum
758 753 868 820 labore
889 754 921 818 in
944 754 1133 828 inueniendo
1155 759 1333 836 portatores
1354 759 1503 836 quartam
1519 769 1606 818 rnen

377 860 417 925 de
440 858 584 940 quolibet
605 859 702 925 blado
726 859 881 924 conducto
902 856 1052 926 frumenti
1074 865 1107 926 et
1129 859 1227 928 ordei.

522 1075 589 1120 OAP.
614 1077 716 1120 oxon.
743 1079 785 1121 mr
807 1079 959 1124 coenabis
982 1077 1188 1122 nummolenus
1212 1073 1463 1127 commenmen-

419 1192 499 1258 Item
521 1197 648 1275 captum
670 1201 705 1258 et
727 1195 892 1260 obtentum
913 1195 976 1261 fuit
996 1196 1028 1260 in
1045 1195 1130 1260 dicto
1146 1191 1276 1260 consilio
1291 1209 1349 1273 per
1362 1189 1503 1256 bellotae
1519 1187 1607 1268 lxvii,

377 1296 497 1363 ballota
519 1315 580 1362 vua
601 1297 635 1362 iu
657 1299 849 1364 contrarium
871 1306 1000 1382 reperta
1022 1311 1085 1366 nou
1108 1299 1262 1376 obstante,
1294 1295 1380 1377 quod
1402 1293 1543 1378 quedam
1564 1307 1608 1356 re

375 1399 521 1468 formatio
550 1409 583 1468 et
613 1420 688 1484 pars
718 1402 797 1468 alias
826 1409 921 1486 capta
947 1405 980 1470 in
1003 1405 1132 1471 consilio
1155 1401 1310 1469 Ourzulae
1332 1399 1453 1482 scripta
1473 1399 1510 1464 in
1531 1396 1606 1462 libro

379 1504 638 1571 reformationum
662 1505 817 1572 Curzulee
839 1527 934 1574 manu
956 1527 1017 1574 ser.
1040 1507 1167 1590 Autonlj
1190 1507 1302 1573 Jacobi
1329 1505 1403 1571 obm
1431 1499 1606 1583 cancellarij

376 1607 558 1675 Communis
581 1609 737 1676 Curculao
768 1612 800 1676 iu
829 1611 996 1678 Millesimo
1019 1612 1240 1679 trecentesimo
1262 1609 1465 1692 nonagesimo
1488 1610 1607 1689 quarto,

374 1713 546 1781 indictione
576 1716 714 1781 secunda
746 1721 780 1782 et
814 1717 866 1782 die
898 1717 1070 1798 penultima
1098 1716 1216 1783 mensis
1245 1713 1380 1796 Augusti
1408 1715 1442 1778 in
1470 1731 1537 1778 car.
1561 1709 1607 1775 ul.

375 1817 451 1884 dicti
481 1819 562 1897 libri,
586 1837 649 1901 qua
670 1825 810 1898 cauetur,
833 1821 917 1902 quod
939 1821 1072 1903 quilibet
1093 1820 1187 1886 homo
1210 1820 1432 1900 cuiuscumque
1455 1823 1562 1883 status
1581 1823 1610 1880 et

375 1923 563 1990 conditionis
586 1925 701 1990 existat
730 1931 763 1989 et
794 1923 906 1992 iecerit
928 1944 963 1992 se
985 1927 1084 1991 ciuem
1106 1925 1279 1992 habitando
1302 1922 1464 1992 tamenin
1487 1920 1609 1986 siccitate

376 2027 541 2112 Curzulae,
571 2027 648 2093 nulli
671 2028 819 2094 creditori
842 2029 944 2110 liceat,
974 2049 1033 2095 nec
1054 2030 1156 2112 possit
1177 2035 1288 2096 contra
1309 2029 1411 2110 ipsum
1434 2025 1609 2092 debitorem

375 2138 496 2217 petere,
528 2150 587 2198 nec
617 2132 720 2215 ipsum
749 2133 880 2217 astringi
911 2141 971 2200 etc.
996 2141 1090 2216 prout
1110 2134 1144 2198 in
1166 2133 1251 2200 dicta
1272 2131 1499 2199 reformatione
1522 2129 1609 2196 latius

378 2237 558 2304 continetur
580 2241 658 2316 etc.;
681 2237 768 2319 quod
783 2237 897 2304 amodo
913 2239 945 2304 in
968 2245 1063 2304 autea
1084 2257 1158 2320 pars
1181 2238 1266 2304 dicta
1284 2236 1371 2303 nullo
1393 2235 1489 2302 modo
1513 2235 1610 2299 locoru

375 2343 504 2422 babeat,
527 2343 640 2408 necin
663 2341 803 2406 futurum
833 2343 1029 2419 obseruetur,
1060 2343 1117 2409 sed
1143 2362 1181 2409 ex
1203 2359 1286 2408 nunc
1307 2343 1415 2424 rigore
1436 2337 1609 2421 praesentis

374 2451 417 2514 sit
439 2465 529 2513 cassa
552 2450 586 2513 et
607 2446 703 2522 nulla,
726 2446 905 2528 nulliusque
926 2447 1054 2525 valoris,
1077 2447 1175 2514 veluti
1197 2449 1257 2512 iuri
1273 2445 1470 2523 disconsona,
1496 2444 1608 2526 depen-

375 2553 480 2617 nanda
510 2551 618 2618 statim
649 2569 797 2633 expresso
828 2551 976 2618 mandato
998 2571 1057 2634 per
1078 2551 1298 2618 cancellarium
1321 2555 1542 2632 praesentem
1570 2549 1609 2613 ila

376 2663 410 2724 et
432 2657 548 2737 taliter,
582 2656 666 2738 quod
689 2655 729 2723 de
752 2660 877 2722 caetero
901 2657 1033 2738 quilibet
1055 2664 1165 2724 contra
1185 2672 1413 2738 quemcumque
1437 2672 1496 2720 seu
1521 2671 1607 2736 quos·

374 2781 506 2844 cumque
530 2762 699 2839 debitores,
723 2761 940 2843 undecumque
956 2763 1126 2840 venientes
1149 2761 1195 2826 uti
1217 2760 1345 2828 valeant
1359 2759 1504 2841 plenario
1520 2757 1607 2824 modo

374 2866 495 2932 iuribus
518 2867 582 2932 suis
605 2866 637 2930 iu
653 2864 797 2944 Curzula,
823 2865 1086 2947 quemadmodum
1102 2864 1270 2932 Ourzuleni
1292 2869 1422 2930 utuntur
1438 2863 1606 2930 secundum

374 2969 534 3036 formam.²

374 3201 441 3246 ΟΔΡ.
464 3203 579 3246 oxum.
610 3201 768 3245 Ammonem
797 3201 965 3245 onomius
994 3203 1057 3245 NON
1079 3203 1203 3246 rossum
1225 3201 1386 3244 molismi
1408 3199 1604 3245 samonum.

416 3317 483 3384 Nos
505 3319 652 3384 Nicolaus
683 3319 873 3386 Mauroceuo
895 3338 953 3400 pro
977 3318 1189 3384 illustrissimo
1213 3317 1318 3384 ducali
1338 3317 1478 3384 dominio
1504 3318 1604 3384 Vene

374 3423 490 3488 tiarum
509 3441 614 3490 comes
633 3427 738 3490 terrae
765 3429 799 3490 et
813 3424 938 3490 insulae
963 3423 1127 3490 Curculec.
1153 3421 1232 3488 Cum
1255 3424 1403 3489 aduocati
1426 3421 1605 3490 Communis

374 3526 529 3593 Curzulae
559 3529 748 3610 quandoque
778 3535 927 3594 recusent
956 3529 1111 3594 aduocare
1140 3547 1198 3610 per
1221 3527 1310 3607 ilice,
1341 3547 1398 3610 per
1421 3545 1505 3610 quos
1536 3533 1606 3594 suut

374 3631 532 3713 requisiti,
563 3633 595 3697 iu
617 3633 845 3714 praeiudicium
867 3634 944 3699 iuris
967 3638 1000 3699 et
1020 3633 1162 3699 iustitiae
1185 3639 1219 3697 et
1241 3633 1465 3698 detrimentum
1487 3649 1604 3716 paupe-

375 3757 445 3802 rum
467 3755 681 3820 personarum,
713 3738 862 3804 sedentes
886 3739 927 3803 ad
950 3744 1090 3805 nostrum
1115 3737 1241 3804 solitum
1263 3738 1340 3804 iuris
1363 3737 1521 3818 bancam,
1543 3741 1603 3802 ter·

375 3842 540 3926 minamus,
565 3849 598 3908 et
619 3843 818 3908 terminando
835 3844 1027 3928 mandamus,
1051 3843 1136 3926 quod
1151 3844 1412 3925 quandocumque
1426 3842 1487 3925 ipsi
1512 3842 1603 3908 aduo-
1665 3841 1672 3867 ⁸

375 3946 452 4024 cati,
477 3952 532 4010 aut
552 3947 665 4028 aliquis
689 3967 797 4013 eorum
820 3967 878 4030 per
901 3949 1038 4030 aliquem
1053 3947 1171 4013 fuerint
1187 3947 1345 4030 requisiti,
1370 3947 1420 4012 vel
1435 3948 1603 4030 requisitus

372 4053 406 4114 et
427 4049 585 4116 aduocare
615 4052 832 4117 recusaverint
862 4059 895 4118 et
917 4052 1076 4118 noluerint
1100 4053 1205 4118 dicere
1228 4053 1298 4117 iure
1319 4070 1532 4134 personarum
1553 4069 1603 4116 eos

371 4152 615 4234 requirentium,
640 4155 731 4220 sicuti
756 4161 904 4222 tenentur
927 4164 960 4222 et
982 4157 1109 4236 debent,
1133 4156 1218 4238 quod
1237 4156 1420 4222 immediate
1435 4156 1554 4222 cadant
1568 4155 1604 4222 ad

370 4275 504 4339 poenam
537 4276 763 4340 yperperorum
797 4262 934 4343 quinque
963 4260 1127 4327 Communi
1157 4261 1314 4328 Cmuulee
1346 4261 1601 4344 applicandorum

372 4381 428 4444 pro
452 4362 594 4444 qualibet
622 4383 759 4446 persone
778 4373 812 4432 ct
834 4367 975 4448 qualibet
998 4367 1082 4446 rioe;
1113 4368 1314 4434 reseruarites
1336 4367 1425 4447 illos,
1456 4367 1513 4450 qui
1536 4370 1603 4480 aqut
1683 4371 1685 4382 “

421 4559 430 4592 ¹
447 4559 622 4620 Reformatio
637 4562 778 4635 praesenti
793 4562 823 4619 in
838 4561 963 4635 capitolo
978 4562 1132 4620 memorata
1147 4561 1208 4621 sine
1223 4562 1308 4622 dubio
1322 4563 1421 4622 statim
1436 4565 1481 4623 est
1496 4561 1601 4622 cancel·

372 4648 440 4745 lata,
464 4652 636 4722 quapropter
657 4665 718 4707 eam
733 4647 859 4708 inferiori
874 4649 940 4708 huic
955 4649 1109 4708 recensioni
1125 4648 1192 4708 libri
1207 4649 1319 4709 reiorrn.
1335 4650 1471 4710 insertam
1487 4665 1544 4710 uon
1559 4650 1598 4707 iu·

372 4749 510 4795 remmus.

1682 4419 1685 4568 l
