3434 5368
258 593 326 638 GAP.
350 593 401 637 Χῐι.
424 593 466 636 DE
488 593 569 652 unm,
594 593 649 647 um
671 591 813 636 nostrus
834 591 906 636 SINE
928 587 1108 632 nummus
1130 563 1348 632 METATUS·¹

225 725 308 792 Item
331 726 511 804 statuimus,
543 723 677 806 quodsi
700 723 814 804 aliquis
837 721 990 788 moriatur
1012 721 1193 805 intestatus,
1225 727 1259 786 et
1280 739 1344 786 non
1367 717 1423 785 he·

180 827 287 896 buerit
308 827 453 908 heredes,
477 828 582 894 omnio
605 827 689 892 bono
711 845 769 894 suu
791 824 963 892 deuenient
977 824 1020 890 sd
1035 831 1175 908 petrem3
1198 829 1232 890 et
1247 823 1274 889 si
1289 841 1352 888 non
1367 823 1423 888 hs·

179 929 303 998 buerit²
337 937 462 1012 petrem
496 930 669 996 deueuient
689 929 731 994 od
754 927 885 996 fratrem
908 925 960 992 uel
984 926 1163 993 nedfratres
1197 925 1250 1000 uel
1284 925 1423 992 heredes

85 1024 99 1042 “
179 1053 308 1114 eorum
338 1039 372 1102 et
394 1034 422 1098 si
445 1051 506 1102 non
529 1033 677 1100 habuerit
699 1031 831 1098 tratrem
855 1029 907 1096 uel
928 1027 1046 1096 fratres
1069 1029 1121 1097 uel
1143 1028 1280 1099 heredes
1303 1047 1425 1108 eorum,

180 1136 354 1208 deuenisnt
374 1135 415 1204 ed
437 1135 696 1218 propinquiorem
721 1134 761 1202 de
783 1152 842 1202 sue
863 1132 1027 1215 progenie.

411 1365 479 1408 (MP.
502 1365 566 1406 1111.
589 1365 632 1406 DE
655 1364 869 1408 oomnnomomm
890 1321 1192 1406 TEBTQTOBUM.³

224 1498 304 1564 Item
327 1497 514 1574 statuimus,
549 1497 633 1578 quon
658 1497 686 1561 si
708 1496 822 1576 aliquis
856 1495 995 1561 noluerit
1028 1495 1164 1561 condere
1195 1497 1424 1560 testamentum

115 1655 121 1666 .
179 1603 246 1664 tam
268 1599 302 1664 in
323 1597 506 1664 infirmitate
540 1599 700 1681 emperie,
730 1617 825 1681 quom
847 1599 880 1663 in
902 1598 1056 1678 sanitato,
1091 1598 1165 1663 dum
1195 1603 1302 1664 tomen
1327 1596 1424 1662 sitin

181 1721 241 1770 sun
262 1703 346 1770 bono
367 1703 529 1782 memoris,
565 1702 683 1770 debeat
705 1701 810 1769 iecere
833 1719 940 1767 eornm
961 1705 1100 1783 quatuor
1122 1701 1277 1782 testibus,
1308 1699 1335 1766 si
1358 1717 1423 1766 non

180 1806 242 1902 erit
263 1805 309 1872 ibi
330 1807 482 1886 noterius
512 1807 596 1872 etsi
620 1807 691 1883 erit,
726 1823 796 1870 enm
820 1805 924 1871 tribus
946 1804 1097 1889 testibus,
1134 1803 1274 1886 alioquin
1306 1802 1424 1868 nullium

183 1911 226 1974 sit
247 1909 366 1974 uuloris
399 1914 635 1976 testamentum.
660 1909 703 1974 Et
726 1910 753 1974 si
776 1927 839 1972 uon
861 1910 922 1974 erit
944 1908 988 1973 ibi
1010 1907 1162 1986 noterius,
1184 1912 1220 1972 et
1241 1905 1354 1972 feeerit
1369 1921 1421 1970 no·

181 2031 249 2078 rem
273 2018 410 2094 quotuor·
431 2013 578 2096 testibus,
601 2012 738 2079 heredes
761 2011 814 2078 uel
837 2029 1040 2078 successores
1070 2010 1222 2076 indurant
1244 2015 1360 2090 testes,
1388 2015 1423 2075 ut

181 2115 313 2184 uenient
341 2134 445 2184 eorem
479 2119 584 2183 iurato
606 2116 730 2184 noterio
764 2116 955 2183 eommunis*
979 2121 1013 2181 et
1035 2114 1158 2182 duobus
1180 2113 1356 2198 iudicibus,
1389 2118 1424 2179 ot

179 2221 378 2304 perhybeunt
394 2221 608 2288 testimoninm
631 2220 672 2286 de
694 2225 896 2295 testamento,
921 2219 1040 2302 dequo
1056 2217 1240 2285 conficiatur
1260 2216 1421 2301 publicum

180 2326 425 2392 instrumentum
460 2323 542 2390 intre
571 2343 620 2389 xx.
645 2325 728 2408 dies,
763 2323 900 2406 alioquin
935 2328 1162 2389 testamentum
1197 2321 1239 2388 sit
1268 2319 1420 2387 friuolum

180 2435 217 2495 et
238 2430 333 2495 inune
355 2435 389 2496 et
410 2429 543 2496 heredes
567 2434 600 2494 et
622 2445 832 2507 suecessores
868 2428 922 2508 qui
944 2445 1007 2492 non
1029 2425 1212 2492 induxerint
1234 2443 1290 2494 sos
1312 2424 1353 2492 ud
1374 2429 1422 2490 te·

181 2531 384 2599 stitieendum
405 2532 490 2598 intra
511 2531 598 2620 illud¹
612 2535 749 2614 tempus,
785 2533 955 2597 restituunt
977 2529 1060 2596 mele
1081 2530 1204 2614 ableto,
1236 2529 1265 2595 si
1288 2543 1351 2610 quo
1372 2531 1422 2596 te·

180 2638 313 2702 statoris
336 2637 456 2703 tuerint
476 2643 510 2703 et
531 2637 657 2703 solunnt
679 2635 852 2702 eommuni⁵
886 2653 1043 2718 yperpere
1065 2634 1187 2716 deuem3
1221 2637 1256 2718 et
1278 2633 1306 2698 si
1328 2631 1422 2716 pluro

180 2745 375 2808 testamento
394 2738 515 2820 feeerit
539 2744 574 2806 vt
595 2741 733 2822 primum
755 2738 863 2804 nnleet
881 2743 918 2804 et
936 2737 1046 2802 omnin
1066 2737 1131 2802 sliu
1153 2740 1229 2801 sunt
1250 2743 1353 2804 cusu

541 2967 609 3014 nnn.
632 2969 709 3011 xm.
733 2967 776 3012 nn
797 2943 1067 3012 nrnrneunonmus.⁸

225 3087 306 3152 Item
329 3059 508 3166 statuimus,
537 3085 621 3167 qaod
643 3085 671 3152 si
693 3083 807 3166 aliquis
830 3090 922 3166 pater
944 3082 1066 3149 miserit
1098 3080 1234 3163 aliquem
1257 3078 1356 3146 filium
1380 3079 1422 3146 nd

179 3189 386 3256 mercandum
409 3189 548 3270 luorum,
587 3195 620 3256 et
643 3187 808 3267 damnum,
844 3187 929 3269 quod
950 3187 1038 3254 Deus
1066 3191 1209 3264 auertat,
1244 3184 1305 3250 erit
1326 3201 1423 3265 supra

179 3295 276 3360 bonis
299 3293 409 3376 patris,
441 3299 474 3358 et
497 3293 524 3358 si
547 3311 610 3358 non
632 3292 727 3358 inerit
750 3291 790 3356 de
813 3291 980 3356 uoluntate
1003 3291 1104 3372 patris
1127 3289 1168 3355 ed
1191 3285 1424 3368 mercandum‚⁷

30 3349 32 3436 ἶ
86 3373 100 3394 ’
180 3397 349 3477 domuum,
385 3396 469 3478 quod
503 3395 562 3462 sibi
597 3394 746 3462 acciderit
768 3395 837 3462 sine
860 3394 966 3476 aliquo
992 3391 1187 3476 obligatione
1210 3389 1325 3470 debiti,
1359 3407 1422 3455 non

180 3503 245 3569 erit
267 3518 364 3584 super
384 3505 509 3582 petrem
532 3518 634 3582 neque
656 3518 754 3584 super
777 3517 830 3566 res
853 3499 939 3582 eius;
971 3501 1005 3562 et
1025 3495 1087 3562 hoc
1107 3483 1350 3576 intelligendum
1373 3497 1423 3558 est

177 3605 222 3673 de
241 3603 306 3672 filio
329 3623 392 3671 non
427 3603 528 3670 diuiso
551 3609 683 3686 epatre
706 3621 767 3686 que
791 3603 904 3668 diuisio
940 3600 1036 3667 debet
1058 3598 1229 3680 approbari
1264 3615 1322 3679 per
1344 3595 1421 3678 ydo-

179 3727 261 3777 neos
284 3712 403 3784 testes‚
438 3707 507 3774 siue
530 3725 588 3791 per
611 3707 836 3787 iuramentum,
872 3705 946 3788 quin
967 3709 1061 3787 peter
1092 3705 1198 3769 estet
1220 3700 1317 3768 debet
1349 3715 1422 3766 esse

179 3813 328 3881 dominus
349 3809 384 3877 in
405 3813 490 3878 uito⁸
512 3829 571 3880 sua
592 3816 626 3880 et
647 3814 749 3877 mater
771 3815 844 3894 post
865 3815 999 3877 mortem
1022 3805 1083 3880 uiri
1106 3805 1165 3872 sui.

231 4005 243 4042 ¹
259 4007 301 4068 Oi.
318 4023 380 4082 esp.
397 4005 484 4067 XLV.
501 4005 620 4068 Stntuti.

229 4089 368 4156 'Vertat
388 4094 541 4170 „heretss“
561 4106 652 4164 usqne
668 4091 705 4150 od
722 4087 892 4167 „hebuerit‘t
911 4087 1013 4154 dosunt
1030 4103 1076 4162 ep.
1093 4085 1285 4163 Hormayr.

229 4177 312 4256 'An
327 4179 479 4254 Ljubit:
498 4169 714 4254 „testamenu‘t
731 4175 773 4239 Gt.
790 4192 851 4253 esp.
867 4172 970 4240 XLVI.
986 4173 1103 4234 Stntuti.

229 4264 313 4341 ‘An
327 4267 528 4340 Hormeyr:
547 4261 714 4346 „Comitis“.

229 4349 313 4427 Ἣ).
329 4352 526 4426 Hormeyr:
546 4343 699 4426 „Comiti“.

228 4434 314 4513 ‘An
330 4437 480 4513 Ljnbit:
498 4425 770 4510 „mercationibus“.
787 4429 829 4490 cf.
846 4447 908 4505 nep.
932 4427 1049 4492 XLVII.
1066 4427 1185 4491 Stetnti.

232 4519 316 4598 '‘Ap.
332 4523 531 4597 Hormeyr:
551 4521 607 4603 „ed
621 4519 803 4579 indisertum
819 4509 985 4576 dnmnnm“.

234 4607 317 4684 ‘Au
334 4609 528 4682 Hormnyr:
546 4599 660 4683 „inra“,
676 4605 751 4678 qnod
769 4604 912 4663 evidenter
926 4601 1031 4668 falsum
1045 4614 1107 4664 osse
1122 4599 1242 4663 constet.

1251 4699 1270 4760 2
