3434 5368
1406 494 1424 552 9

168 713 302 764 oursnm
325 698 451 778 faeere3
475 705 508 766 et
530 700 557 765 si
581 699 652 781 quis
675 697 791 765 ciuium
815 697 929 764 emerit
943 716 963 762 a
978 695 1126 762 dorsariis
1149 694 1279 777 aliquid,
1303 694 1420 776 perdat

170 808 281 867 totum
311 802 409 881 illud,
444 802 529 884 qnod
563 799 676 868 emerit
706 807 738 866 et
767 801 932 866 deueniot¹
963 800 995 864 in
1027 817 1206 878 eommune;
1242 803 1276 864 et
1299 799 1325 863 ai
1349 797 1421 879 quis

173 911 356 988 emptorem
376 905 635 984 manifestarent,
655 903 773 970 babeat
796 909 942 986 quartam
965 911 1088 986 partem
1112 921 1217 970 rerum
1237 909 1423 986 emptarum.

572 1117 639 1163 cnr.
663 1119 695 1158 x.
719 1117 760 1158 nn
783 1117 861 1160 nnus
883 1093 1035 1159 onnonn.²

218 1237 303 1301 Item
327 1235 508 1313 statuimus
532 1233 617 1315 quod
642 1234 668 1298 si
689 1233 795 1316 aliqua
811 1234 902 1300 nanis
918 1239 1051 1316 propter
1066 1234 1264 1317 naufragium
1285 1233 1422 1315 ruperit⁸

173 1342 208 1404 in
232 1339 336 1405 nostri
359 1337 528 1404 comitatus
552 1338 715 1416 districtu,
748 1343 782 1403 et
804 1339 946 1404 homines
970 1345 1149 1405 nostrarum
1174 1339 1351 1404 insularum
1374 1337 1421 1402 iu·

174 1448 293 1509 nerent
315 1442 482 1508 extrahere
511 1447 544 1506 et
574 1441 728 1506 traxerint
759 1442 798 1506 de
821 1441 896 1506 nani
931 1440 1033 1506 fracte
1064 1461 1121 1508 seu
1150 1441 1248 1526 mari,
1283 1442 1422 1508 habeant

176 1552 325 1628 quartam
349 1551 473 1628 partem
497 1546 635 1611 omniurn
658 1563 774 1629 rerum,
798 1563 877 1626 quas
900 1545 962 1626 ipsi
977 1545 1132 1611 traxerint
1153 1547 1185 1609 in
1209 1551 1337 1629 terram,
1362 1562 1419 1610 seu

176 1652 210 1716 in
233 1651 337 1717 losum
360 1655 474 1714 tntum.

521 1825 588 1868 OAP.
612 1827 656 1868 xl.
680 1827 722 1868 DE
744 1827 885 1870 muamus
908 1825 1077 1870 SFORZA'I'A.

222 1947 304 2011 Item
327 1943 506 2024 statuimus,
531 1944 615 2024 qnod
639 1944 665 2007 si
688 1942 801 2025 aliquis
825 1943 1013 2010 sforzauerit
1042 1943 1206 2010 mulierem
1229 1943 1365 2009 solutam
1389 1949 1423 2009 et

178 2051 209 2115 ei
232 2049 331 2116 inerit
353 2047 474 2130 equalis
497 2048 529 2112 in
547 2065 680 2131 genere,
709 2047 797 2112 iuxta
819 2047 1056 2128 prouidentiam
1081 2047 1197 2114 donnini
1221 2045 1344 2112 remitis
1368 2047 1421 2112 uel

181 2153 302 2220 consilii
326 2153 378 2217 uel
404 2152 538 2233 arripiat
561 2169 630 2216 eam
653 2153 685 2214 in
708 2168 848 2229 uxorem,
871 2151 923 2216 nel
947 2151 1052 2216 soluat
1067 2152 1096 2216 ei
1113 2151 1242 2234 triginta
1263 2168 1422 2233 yperpera

178 2275 237 2338 pro
261 2256 328 2322 suis
351 2255 494 2322 dotibus:
518 2259 551 2320 et
574 2255 599 2319 si
623 2254 721 2320 fuerit
743 2254 842 2337 ligata
856 2254 908 2318 uel
925 2253 1082 2336 religiosa,
1106 2255 1158 2320 nel
1182 2259 1291 2336 nupta,
1316 2253 1422 2320 soluat

177 2361 207 2427 ei
230 2361 364 2442 triginta
396 2377 553 2440 yperpera
581 2377 639 2439 pro
670 2357 812 2423 iniuria.⁴
845 2358 889 2422 Et
912 2361 937 2422 si
960 2375 1022 2424 non
1056 2357 1152 2423 fuemt
1182 2358 1305 2440 equalis
1337 2357 1365 2421 ei
1389 2359 1421 2422 in

177 2479 306 2546 genere,
330 2468 364 2528 et
386 2463 520 2527 mstiaus
552 2461 742 2527 sforzauerit
763 2461 901 2542 aliquam
922 2459 1109 2526 nobiliorem
1132 2479 1182 2534 se,
1213 2461 1369 2526 inridetur
1392 2459 1421 2524 ei

176 2583 233 2646 pes
257 2572 291 2630 et
314 2564 428 2646 perdat
450 2565 575 2630 oculum
599 2565 772 2642 sinistrum,
807 2565 890 2632 etsi
913 2563 1021 2645 fugam
1044 2565 1179 2646 ceperit,
1212 2567 1317 2631 omnia
1338 2564 1423 2628 bona

177 2669 353 2734 deueniant
375 2668 407 2732 in
431 2687 596 2734 commune
618 2673 652 2734 et
674 2685 838 2733 commune
871 2667 1041 2749 prouideat
1072 2668 1196 2733 mulieri
1224 2687 1318 2749 passe
1342 2667 1420 2732 iniu-

176 2772 257 2836 riam
280 2789 380 2852 vsque
403 2770 444 2835 ad
468 2771 599 2853 triginta
621 2789 789 2854 yperpera,
814 2771 841 2835 si
866 2769 947 2835 tanti
969 2770 1089 2836 uaioris
1112 2769 1231 2836 inerint
1253 2771 1339 2834 bona
1353 2788 1420 2850 sua,

177 2875 263 2956 quod
287 2875 315 2938 si
337 2891 411 2949 non,
434 2875 604 2955 prouideat-
626 2877 655 2942 ei
679 2867 862 2940 secundum
876 2874 1019 2940 ualerem
1041 2875 1197 2942 bonorum
1220 2891 1360 2940 suorum.

605 3085 671 3128 oar.
696 3087 751 3128 111.
775 3087 818 3128 on
840 3063 1008 3130 naseam?

222 3203 303 3268 Item
328 3201 515 3284 statuimus,
553 3203 636 3283 quod
661 3201 687 3266 si
711 3201 816 3283 aliqua
838 3203 950 3269 mulier
973 3202 1025 3268 uel
1048 3203 1097 3267 uir
1119 3201 1232 3267 feeerit
1265 3200 1421 3266 erbariam

176 3305 232 3371 uel
254 3304 444 3370 maleficium
478 3305 619 3389 erbarie,
655 3307 892 3388 propterquod
926 3305 1068 3372 homines
1102 3309 1233 3386 possent
1267 3305 1347 3368 mori
1370 3303 1421 3368 uei

179 3409 318 3490 perdere
341 3427 467 3474 sensum
490 3409 540 3474 uel
564 3411 756 3485 membrum,
788 3417 821 3477 et
843 3411 927 3492 quod
952 3411 1054 3492 possit
1077 3409 1205 3490 probari
1229 3407 1343 3473 saitem
1366 3425 1423 3488 per

176 3512 260 3578 dnos
294 3512 381 3576 uiros
413 3505 580 3593 ydoneos‚'
606 3513 690 3593 quod
723 3513 908 3594 peripsam
943 3515 1100 3578 erbariam
1125 3513 1167 3577 sit
1189 3516 1334 3576 mortuus
1369 3510 1422 3574 uel

180 3613 327 3680 amiserit
349 3633 474 3680 sensum
491 3616 543 3680 uel
560 3615 744 3695 membrum,
768 3617 842 3698 igne
866 3615 1083 3694 comburatur3
1107 3621 1140 3681 et
1156 3615 1182 3680 si
1198 3631 1259 3680 non
1276 3612 1420 3691 moritur,

176 3718 231 3808 uel
254 3735 318 3784 non
342 3719 466 3784 amittat
489 3736 619 3784 sensum
642 3719 694 3785 uel
717 3719 922 3804 membrum‚⁶
955 3721 997 3785 sit
1018 3719 1050 3783 in
1076 3719 1280 3801 prouidentia
1303 3715 1419 3782 domini

176 3821 313 3900 comitis,
338 3821 391 3901 qui
413 3821 529 3887 habeat
552 3821 727 3900 eonsilium,
752 3841 822 3887 oum
847 3823 962 3903 quibus
987 3822 1046 3887 sibi
1069 3821 1242 3903 placuerit3
1267 3825 1300 3886 et
1322 3820 1350 3884 si
1372 3819 1387 3882 f
1408 3853 1420 3865 -

174 3924 275 4006 gerit,
312 3923 354 3990 sit
383 3925 416 3989 in
445 3925 550 3991 banno
581 3931 614 3993 et
643 3925 759 4008 perdat
793 3927 898 3993 omnia
929 3945 988 3992 sua
1018 3925 1103 3992 bona
1132 3932 1166 3991 et
1193 3923 1365 3991 deueniant
1387 3923 1420 3986 in

177 4045 353 4093 commune.

228 4219 238 4254 ¹
254 4223 298 4281 Se.
315 4237 361 4280 ros
377 4223 482 4296 empta.

225 4303 405 4383 ²Daastap.
421 4307 810 4384 LjubidetHormayr‚

227 4391 339 4468 idpnd
354 4395 556 4470 Hormayr:
577 4394 695 4469 „rupia“
715 4393 766 4474 ().

225 4476 237 4512 ⁴
252 4481 299 4539 Sio
313 4481 420 4554 legitor
434 4497 480 4556 ap.
496 4481 603 4540 Horm
613 4499 653 4557 ay
663 4500 686 4541 r.
702 4482 788 4556 Apud
804 4482 939 4558 bjubid
953 4484 1058 4542 desunt
1073 4483 1174 4542 verba:
1195 4480 1273 4556 „suis
1285 4479 1418 4538 dotibns“

178 4568 569 4728 usqugoaoasglpsrhpjaffbpir}
585 4613 629 4718 of.
648 4673 710 4730 cap.
728 4655 819 4716 nvn.
837 4656 953 4714 satus.

225 4736 239 4774 ⁶
253 4738 363 4802 Verba:
383 4741 469 4820 „igne
483 4771 527 4786 -··
540 4743 714 4803 membrum“
733 4741 837 4804 desunt
851 4759 896 4817 ap.
913 4741 951 4818 oj
960 4759 979 4802 u
988 4743 1007 4802 b
1016 4743 1058 4804 it.
