3422 5364
350 412 412 474 256

1603 8 1681 502 l

353 614 395 679 ad
418 614 503 679 idem
525 615 693 698 collegium
717 621 750 680 et
773 633 830 695 per
857 615 993 680 eundem
1022 615 1181 694 nuncium,
1213 620 1251 678 ut
1275 613 1412 696 partium
1441 619 1587 694 parcatur
1679 581 1681 674 ff

355 719 510 798 expensis.
545 718 590 783 Et
620 719 705 799 quod
737 719 855 784 dietum
885 723 936 784 est
968 719 1008 784 de
1038 737 1101 783 una
1132 719 1357 799 appellatione,
1388 723 1533 782 seruetur
1554 717 1591 782 de
1680 749 1681 810 3

355 821 518 900 omnibus;
550 823 632 887 etsi
656 822 764 902 plures
789 821 1018 904 appellationes
1050 823 1145 901 misse
1169 821 1289 886 fuerint
1311 821 1352 886 ad
1375 821 1537 902 collegium
1558 827 1590 886 nt
1679 823 1681 882 ζ

354 944 461 1006 supra,
486 925 669 991 diuidantur
692 944 840 1006 expense,
864 943 927 1007 qne
951 926 1084 1006 proinde
1108 923 1191 1005 lacte
1215 924 1335 990 fuerint
1358 943 1415 1006 per
1430 924 1540 990 libram
1560 929 1590 991 et

356 1029 480 1095 soldum
504 1033 642 1110 ipsarum
665 1048 831 1095 causarum
853 1048 910 1098 seu
933 1029 1172 1094 extimationem
1196 1047 1316 1094 earnm.

786 1277 853 1320 OAP·
878 1277 955 1320 XXX·
978 1277 1021 1318 DE
1042 1275 1162 1318 EODEM·

400 1391 492 1476 Item,
517 1393 600 1473 qnod
624 1391 749 1470 decisio,
774 1409 867 1472 quam
887 1393 1005 1458 dictum
1028 1392 1196 1476 collegium
1219 1389 1333 1456 iecerit
1347 1396 1381 1456 et
1397 1391 1591 1472 rescripserit
1680 1349 1681 1428 l

362 1495 541 1582 superinde,
574 1497 670 1562 robur
701 1496 845 1562 obtineat
867 1495 960 1578 plene
984 1515 1022 1561 ac
1045 1501 1199 1578 perpetue
1222 1494 1389 1560 firmitatis.
1422 1493 1465 1560 nt
1487 1495 1590 1560 statim
1680 1519 1681 1596 j

357 1605 433 1680 post
454 1606 636 1680 aperturam
652 1601 751 1678 ipsius
768 1619 826 1679 per
843 1606 1002 1664 rectorem
1017 1600 1101 1680 dicte
1124 1599 1262 1664 ciuitatis
1279 1617 1336 1664 sen
1351 1598 1421 1663 eius
1443 1597 1589 1662 uicarium

359 1701 413 1766 uel
435 1703 701 1769 locumtenentcm
724 1703 840 1768 debeat
863 1703 1009 1768 omnibus
1031 1703 1134 1768 modis
1157 1707 1191 1768 ct
1213 1704 1290 1767 iuris
1314 1702 1465 1783 remedijs
1488 1719 1591 1767 execu-

359 1807 437 1872 tioni
463 1807 615 1873 mandari.

782 1987 849 2030 ΟΔΡ.
873 1988 962 2030 xxxl.
986 1987 1028 2030 DE
1050 1987 1169 2030 mnan.

401 2101 481 2168 ltern
503 2102 612 2184 statim
633 2107 706 2184 post
721 2107 904 2184 aperturam
920 2104 1020 2185 ipsius
1037 2103 1206 2168 decisionis
1221 2101 1394 2183 compellat
1409 2100 1477 2183 ipse
1492 2105 1587 2166 rector

357 2223 414 2270 seu
438 2205 508 2271 eius
530 2205 668 2272 uicarius
690 2207 742 2271 uel
767 2206 982 2272 locumtenens
1005 2207 1092 2271 illam
1122 2212 1257 2289 partem,
1288 2223 1350 2286 que
1374 2203 1590 2282 succumbcrit,

359 2310 484 2375 soluere
506 2329 661 2392 expensas
683 2309 785 2376 factas
809 2329 867 2390 pro
891 2311 983 2376 dictis
1006 2311 1122 2376 salario
1144 2319 1177 2376 et
1196 2311 1320 2376 nuncio.
1345 2309 1378 2376 Si
1395 2327 1471 2374 uero
1488 2307 1589 2390 appel·

359 2413 429 2478 lans
453 2415 666 2480 succumberit
696 2415 728 2478 in
759 2421 828 2482 toto
851 2415 904 2479 uel
926 2416 959 2480 in
981 2421 1083 2494 parte,
1115 2420 1190 2480 tunc
1220 2415 1304 2480 idem
1327 2413 1493 2496 appellans
1516 2429 1590 2476 com

357 2517 496 2598 pellatur
518 2519 644 2586 soluere
667 2519 768 2584 dictos
791 2517 899 2584 soldos
923 2525 1061 2600 quatuor
1083 2535 1254 2600 pamorum
1276 2535 1335 2600 pro
1358 2517 1501 2598 qualibet
1518 2515 1592 2580 libra

358 2623 546 2703 quantitatis
569 2617 628 2689 nel'
645 2623 857 2690 extimationis
883 2625 928 2691 rei
950 2643 1008 2690 seu
1030 2624 1153 2706 negocij
1171 2624 1222 2690 uel
1237 2625 1315 2689 iuris
1330 2623 1363 2688 in
1379 2639 1443 2702 qua
1458 2639 1591 2687 succum·

359 2727 452 2807 berit,
477 2745 611 2809 quorum
635 2729 794 2795 soldorum
819 2736 954 2811 quatuor
976 2727 1132 2794 medietas
1157 2729 1189 2792 in
1210 2745 1375 2792 commune
1391 2725 1512 2806 Spalati
1529 2743 1592 2804 per·

358 2832 468 2896 ueniat
490 2838 524 2898 et
544 2831 606 2896 alia
629 2831 782 2898 medietas
804 2832 835 2896 in
859 2831 992 2896 alteram
1017 2839 1152 2912 partem.
1182 2829 1216 2897 Si
1239 2847 1317 2896 nero
1340 2829 1505 2911 appellans
1526 2845 1591 2908 pre

357 2935 461 3001 dictus
494 2935 578 3002 bene
612 2935 824 3015 appellauerit
858 2941 891 3001 et
925 2937 958 3000 in
993 2942 1094 3000 totum
1129 2935 1311 3014 obtinuerit,
1344 2934 1431 3000 nulla
1465 2935 1592 3013 partium

356 3043 505 3105 teneatur
527 3039 569 3104 ad
593 3039 695 3104 dictos
717 3040 824 3105 soldos
847 3044 984 3121 quatuor
1007 3057 1065 3120 pro
1088 3039 1170 3106 libra
1192 3057 1250 3120 per
1273 3055 1407 3120 presens
1433 3043 1590 3114 statutum,

359 3159 462 3224 neque
484 3161 543 3225 per
566 3147 658 3209 uetus
682 3143 862 3208 statutum1.

399 3246 480 3312 Item
503 3247 599 3312 etiam
621 3247 819 3330 intelligatur
841 3251 874 3312 et
895 3247 998 3312 locum
1019 3246 1140 3313 babeat
1162 3265 1218 3328 pro
1240 3245 1295 3310 illa
1317 3250 1419 3327 parte,
1451 3263 1509 3326 pro
1531 3261 1586 3326 qua

357 3349 529 3416 obtinuerit
551 3349 654 3416 dictus
670 3351 844 3432 appellans,
869 3350 1077 3417 decernentes
1100 3349 1206 3426 etiam,
1230 3350 1314 3430 quod
1337 3349 1416 3414 illud
1438 3353 1587 3415 statutum

359 3460 454 3519 uetus
475 3455 508 3518 in
531 3453 586 3518 illa
608 3459 708 3535 parte,
740 3472 803 3535 qua
832 3471 916 3535 pena
945 3473 1002 3520 sen
1030 3473 1206 3536 grauamen
1235 3453 1342 3519 soldos
1372 3457 1511 3534 quatuor
1538 3469 1588 3532 pro

357 3555 438 3622 libra
461 3555 593 3639 imponit
608 3557 791 3639 appellanti,
816 3557 858 3623 ad
872 3557 1043 3622 secundam
1058 3557 1185 3630 cumam,
1210 3558 1237 3622 si
1252 3557 1464 3637 succubuerit,
1482 3559 1589 3630 oesset,

358 3677 418 3726 nec
440 3659 545 3726 locum
566 3659 627 3727 sibi
650 3661 798 3728 uendicct
818 3661 852 3725 in
873 3661 997 3726 casibus
1022 3660 1179 3725 secundis.
1209 3659 1336 3740 Verum,
1360 3659 1436 3741 quia
1459 3659 1593 3724 leueset

359 3780 462 3846 parue
486 3781 582 3844 cause
606 3782 677 3829 cum
699 3763 881 3830 difficilibus
903 3769 937 3829 et
959 3765 1085 3846 magnis
1109 3764 1215 3830 causis
1230 3763 1361 3845 paribus
1375 3763 1524 3845 passibus
1538 3778 1592 3827 uon

361 3868 534 3951 ambulant,
557 3885 618 3934 nec
639 3868 774 3934 interest
795 3868 942 3933 utilitatis
961 3867 1100 3950 publice,
1124 3868 1210 3950 quod
1226 3885 1284 3950 pro
1300 3886 1401 3949 parua
1414 3867 1472 3932 lite
1487 3881 1591 3949 magne

360 3971 575 4038 sustineantur
597 3991 745 4054 expense,
768 3991 827 4038 nec
849 3973 945 4038 etiam
969 3977 1018 4037 est
1036 3972 1220 4040 uerisimile.
1245 3971 1330 4052 quod
1345 3971 1437 4053 regia
1451 3973 1591 4037 maiestas

361 4075 450 4141 cuins
473 4075 595 4142 animus
611 4076 781 4142 utilitatem
798 4076 956 4157 publicam
973 4093 1098 4156 semper
1114 4073 1253 4148 affectat,
1278 4075 1460 4141 huiusmodi
1476 4091 1591 4141 concas·

361 4179 482 4245 sionem
512 4180 759 4262 appellationum
782 4186 816 4246 et
838 4179 1080 4246 translationum
1112 4179 1153 4245 ad
1184 4179 1362 4263 collegium,
1392 4197 1455 4261 que
1479 4179 1592 4259 absque

360 4284 484 4364 magnis
506 4283 666 4350 laboribus
689 4291 723 4349 et
745 4283 891 4366 expensis
914 4282 1013 4349 finiril
1035 4302 1099 4348 non
1121 4289 1265 4367 possunt,
1291 4283 1332 4348 ad
1354 4301 1472 4365 paruas
1490 4299 1591 4348 causas

361 4387 544 4453 nullatenus
566 4388 704 4456 uoluerit
726 4389 863 4468 extendi,
886 4391 1077 4470 statuerunt,
1101 4387 1319 4470 prouiderunt,
1348 4385 1593 4454 reformauerunt

358 4579 417 4727 Β]
439 4583 554 4728 lblerbafi:
582 4597 697 4698 ,neque
720 4615 761 4625 -—
784 4575 944 4641 statutum“
968 4580 1074 4641 desunt
1095 4581 1126 4640 in
1148 4579 1228 4642 aod.
1251 4579 1359 4642 acad
1381 4580 1418 4642 B.
1513 4575 1591 4653 ’Ap

389 4686 434 4746 Ju
463 4687 488 4730 .:
510 4711 527 4747 „
551 4685 624 4730 err.
