3376 5392
317 379 378 442 198

315 584 399 667 quod
421 583 534 666 perdat
556 600 708 664 expensas
732 583 816 649 dicta
838 583 878 648 de
901 601 997 650 causa
1017 583 1138 662 iactas;
1162 591 1196 649 et
1217 583 1303 666 quod
1318 589 1466 650 tensetur
1485 585 1543 651 ulti

316 690 437 754 lucrum
459 687 626 753 honestum
649 707 706 769 pro
729 689 798 754 aius
821 689 939 766 labore,
964 689 1048 770 quod
1072 695 1123 754 est
1144 695 1311 754 contentus
1335 689 1413 754 dare
1428 689 1544 754 unmi-

320 813 398 876 que;
422 798 456 878 et
478 790 561 873 quod
584 791 611 856 si
632 791 688 858 liet
710 792 812 871 aliter,
836 792 964 858 dabitur
993 793 1142 860 materies
1165 793 1343 874 unicuique,
1374 812 1438 859 non
1466 800 1548 859 ornat

321 897 439 980 aliquid
460 898 492 961 in
515 901 611 978 portu
633 917 652 962 a
675 896 852 964 forensibus
883 898 915 962 in
938 903 1033 980 portu
1063 897 1297 980 applicantibus
1323 915 1381 980 pro
1412 898 1495 963 bono
1517 905 1548 964 et

318 1002 456 1068 utilitate
479 1002 624 1080 ciuitatis,
657 1000 741 1082 quod
771 1002 833 1067 erit
862 1002 895 1066 in
924 1002 1058 1067 maximo
1090 1002 1280 1068 detrimento
1309 1003 1410 1067 totius
1441 1002 1546 1083 populi

319 1103 483 1186 Curzulae,
507 1125 589 1188 quae
611 1105 724 1172 ciuitas
746 1105 813 1172 sine
836 1105 1015 1172 huiusmodi
1037 1107 1207 1172 bazariotis
1229 1113 1315 1172 stare
1336 1124 1403 1172 non
1423 1111 1545 1188 potest:

320 1211 505 1276 examinatis
529 1210 697 1291 superinde
719 1210 854 1276 testibus
885 1210 1093 1292 infrascriptis
1122 1210 1270 1277 uidelicet
1292 1229 1354 1276 ser.
1377 1209 1548 1276 Jacomello

320 1313 457 1397 Antonii
481 1333 542 1380 ser.
566 1312 685 1381 Jacobo
711 1313 834 1398 Marini,
857 1334 917 1381 ser.
942 1314 1074 1382 Nicolao
1096 1315 1217 1393 dunch,
1241 1333 1301 1380 ser.
1324 1315 1461 1382 Nicolao
1482 1315 1549 1380 Pal·

319 1424 430 1498 motta‚
453 1417 686 1484 habitatoribus
717 1417 890 1499 Curzulae,
920 1439 979 1487 ser.
1012 1419 1146 1486 Antonio
1169 1420 1306 1485 Marsici
1338 1426 1372 1484 et
1400 1419 1551 1484 Radinoia

319 1523 418 1616 Ruiar
439 1523 615 1588 iuramento
645 1541 702 1588 suo
733 1521 986 1606 testificantibus,
1011 1523 1111 1590 fuisse
1133 1529 1167 1590 et
1187 1543 1257 1590 esse
1286 1523 1549 1598 consuetudinena

320 1627 405 1710 quod
428 1627 616 1709 quicumque
640 1633 726 1692 emat
740 1627 845 1707 blada,
870 1629 1046 1711 grassinarn
1062 1630 1094 1694 in
1109 1635 1204 1711 portu
1218 1649 1276 1712 pro
1292 1630 1462 1696 uendendo
1477 1627 1551 1694 Cur·

320 1733 420 1810 aulae,
444 1732 527 1814 quod
549 1729 606 1796 fiat
628 1730 697 1797 lieri
721 1732 822 1798 strida
845 1733 1087 1816 pernicitatem,
1113 1734 1166 1816 qui
1181 1735 1280 1800 uellet
1295 1753 1403 1800 emere
1418 1735 1459 1799 de
1474 1734 1552 1799 dicta

320 1855 355 1902 re
377 1841 483 1918 empta
501 1854 539 1902 eo
555 1836 667 1917 pretio,
692 1837 744 1917 qui
760 1837 844 1916 eruit,
869 1839 983 1906 debeat
997 1840 1108 1906 uenire
1124 1839 1154 1904 iu
1170 1839 1305 1904 termino
1320 1839 1447 1904 diemm
1462 1838 1552 1903 trium

322 1941 463 2025 proxime
486 1941 802 2023 subsequuturam,
827 1944 935 2025 etqui
959 1944 1092 2009 ueniunt
1113 1943 1145 2007 in
1165 1944 1249 2008 dicto
1271 1944 1418 2023 termino,
1451 1948 1553 2009 emunt

323 2051 484 2113 atemere
508 2051 641 2128 possunt
662 2065 719 2128 pro
743 2065 802 2112 usu
832 2066 889 2114 suo
913 2066 950 2114 eo
982 2049 1086 2130 pretio
1109 2066 1170 2130 quo
1194 2049 1272 2113 emit
1303 2048 1357 2114 ille
1387 2053 1552 2124 mercator,

321 2151 374 2234 qui
396 2152 485 2218 uenit
507 2152 538 2216 iu
560 2155 672 2234 portu3
695 2153 864 2218 transactis
896 2171 971 2218 uero
1004 2152 1115 2217 diebus
1137 2153 1239 2218 tribus
1267 2153 1397 2234 ponitur
1425 2153 1552 2217 honesto

322 2257 433 2338 pretio,
457 2274 518 2337 quo
546 2261 703 2322 mercator
726 2256 827 2338 possit
849 2257 968 2339 aliquid
991 2257 1122 2322 lucrari:
1153 2257 1230 2322 uisis
1258 2257 1407 2322 uidendis
1431 2262 1466 2321 et
1486 2275 1552 2322 con·

323 2361 467 2426 sideratis
490 2361 601 2426 merito
626 2361 658 2426 in
679 2361 738 2426 hac
765 2379 860 2426 musa
886 2361 1134 2446 considerandis,
1158 2360 1413 2442 magnificus
1436 2367 1476 2426 et
1496 2379 1552 2441 ge-

323 2484 500 2532 nerosus
530 2465 716 2532 dominus
745 2465 984 2531 Bernardus
1006 2467 1053 2532 de
1076 2465 1224 2531 Canali
1255 2484 1327 2548 pro
1358 2465 1552 2530 illustris

324 2571 424 2636 simo
456 2571 593 2636 ducali
625 2570 801 2636 dominio
833 2569 1097 2636 Venetiarunr
1129 2569 1317 2636 ciuitatis
1350 2569 1553 2635 Curculae

324 2694 455 2742 comes
485 2675 771 2757 dignissimus,
803 2676 913 2742 uolens
945 2675 1105 2755 prouideri
1128 2681 1161 2740 et
1189 2674 1358 2758 superinde
1387 2674 1552 2752 terminari,

324 2800 364 2846 no
387 2781 419 2844 in
441 2779 580 2844 futurum
603 2780 723 2845 oriatur
745 2779 851 2862 aliqua
879 2780 1043 2858 discordia
1069 2799 1125 2860 per
1156 2781 1344 2844 sententiam
1374 2777 1553 2844 difinitiuarn

324 2885 521 2951 terminando
544 2885 757 2964 sententiani,
782 2885 865 2966 quod
890 2885 929 2950 de
953 2891 1067 2960 cetero,
1092 2885 1279 2965 quicunque
1295 2883 1371 2950 emit
1385 2883 1553 2965 grassinan

325 2995 358 3056 et
379 2989 476 3055 blada
498 2990 709 3072 cuiuscunque
734 2991 830 3056 sortis
854 3007 910 3071 pro
934 2990 1099 3056 uendendo
1121 2989 1153 3052 in
1176 2989 1314 3066 ciuitate,
1338 2993 1487 3052 teneatur
1512 2985 1553 3051 la·

325 3111 397 3162 cere
424 3093 491 3162 fieri
522 3095 652 3160 atridam
684 3114 741 3176 per
770 3095 946 3174 ciuitatem,
978 3094 1061 3176 quod
1085 3095 1272 3175 quicumque
1295 3092 1366 3156 uult
1388 3111 1493 3158 emere
1520 3108 1553 3156 eo

326 3201 438 3282 pretio,
463 3218 524 3280 quo
547 3201 632 3278 emit,
664 3200 780 3265 debeat
814 3200 923 3264 uenire
946 3201 987 3264 ad
1017 3199 1185 3265 enrendum
1215 3199 1247 3262 in
1274 3197 1409 3262 termino
1440 3195 1552 3260 dierunt

325 3305 428 3384 trium,
459 3303 598 3386 proxime
630 3303 932 3385 subsequuturorurn
963 3309 996 3369 ct
1019 3303 1064 3368 sic
1088 3303 1225 3369 uendere
1247 3307 1394 3366 teneatur
1417 3299 1552 3365 omnibus

326 3409 505 3475 uolentibus
528 3428 642 3486 emere,
666 3407 778 3474 saltem
802 3427 898 3474 unum
925 3408 1057 3474 siculum
1081 3407 1141 3473 olai
1165 3425 1222 3488 pro
1246 3424 1306 3470 usu
1329 3423 1388 3470 sno
1412 3422 1483 3468 cunr
1511 3421 1552 3468 sa-

326 3514 404 3579 lario
436 3513 474 3578 de
498 3513 594 3579 soldis
622 3513 758 3594 quinque
790 3531 847 3595 pro
875 3532 1001 3594 quaque
1024 3517 1138 3594 quarta
1160 3511 1298 3591 uendite,
1329 3509 1479 3574 uidelicet
1499 3525 1551 3572 nae·

327 3618 474 3684 dietatem
498 3617 587 3700 lucri,
611 3618 694 3699 quod
710 3617 777 3681 dari
794 3617 875 3682 solet
891 3617 1102 3682 candentibus
1119 3616 1211 3680 etsie
1233 3615 1273 3680 ad
1290 3619 1389 3679 ratam
1408 3613 1448 3677 de
1464 3611 1551 3678 omni

327 3724 385 3788 bus
415 3723 485 3804 alijs
516 3722 611 3788 rebus
641 3721 753 3802 emptis
786 3723 817 3786 in
849 3727 942 3802 portu
973 3738 1030 3800 pro
1061 3719 1236 3798 uendendo‚
1269 3726 1302 3784 et
1331 3717 1392 3784 hoc
1422 3721 1551 3782 extracto

327 3826 452 3909 capitali
476 3831 509 3892 et
531 3828 693 3909 expensls3
726 3831 759 3890 et
782 3826 808 3890 si
832 3825 945 3906 aqurds
961 3823 1060 3889 uellet
1082 3841 1187 3889 emere
1210 3824 1242 3890 in
1267 3828 1370 3904 portu,
1394 3827 1552 3902 antequam

327 3937 487 4014 portarent
512 3933 591 3998 tales
624 3949 674 3998 res
706 3936 831 4012 ereptas
855 3931 886 3994 in
918 3929 1055 4008 ciuitate,
1089 3928 1189 4010 possit
1219 3945 1325 3992 emere
1347 3931 1381 3992 et
1409 3931 1552 3992 mercatu

328 4043 473 4102 teneatur
496 4037 633 4102 uendere
656 4036 769 4100 saltem
796 4035 927 4099 siculum
951 4034 1013 4100 olei
1040 4039 1072 4098 et
1102 4034 1141 4098 de
1166 4033 1235 4115 alijs
1265 4033 1360 4098 rebus
1392 4031 1433 4096 ad
1464 4037 1552 4094 natan

330 4141 450 4222 absque
474 4141 580 4222 aliqua
608 4141 745 4206 utilitate
773 4139 964 4218 mercatoris,
988 4137 1136 4204 uidelicet
1157 4137 1225 4202 sine
1248 4135 1362 4202 salario
1384 4135 1508 4216 aliquo;
1527 4143 1552 4200 ct

330 4245 357 4310 si
387 4245 498 4324 aliquis
526 4245 566 4309 ad
589 4245 745 4312 cautelam
770 4249 957 4326 sequeretur
987 4242 1116 4324 aliquod
1138 4241 1298 4324 nauigium
1321 4245 1485 4306 oneratum
1508 4237 1550 4303 ali·

330 4349 416 4416 cuius
440 4349 485 4414 rei
507 4349 636 4428 uenalia,
668 4351 750 4432 qnod
774 4348 978 4432 applicuisset
999 4347 1032 4412 in
1053 4351 1147 4429 portu
1170 4351 1202 4412 et
1224 4350 1345 4412 emeret
1374 4352 1464 4411 antra
1493 4360 1551 4426 por·

331 4460 407 4533 tum,
429 4453 578 4520 uidelicet
599 4455 640 4520 ad
657 4456 798 4533 Pontum,
822 4454 874 4520 uel
897 4453 960 4521 alio
984 4452 1051 4520 loco
1067 4457 1101 4518 et
1116 4450 1307 4516 conduceret
1328 4447 1369 4513 ad
1392 4447 1541 4544 ciuitatem

331 4566 478 4624 teneatur
493 4557 597 4626 lacere
620 4561 750 4624 atridam
774 4565 805 4625 et
839 4559 986 4635 uendere,
1009 4563 1162 4639 utsupra
1184 4559 1347 4620 narratum
1370 4559 1403 4618 et
1427 4551 1550 4617 declara·

331 4671 398 4730 tum
422 4669 455 4732 et
479 4665 700 4730 sententiatum
725 4669 782 4730 est.

1647 4111 1650 4244 Ι

1520 5019 1650 5336 d
