3396 5402
1323 429 1393 542 Ι133

157 645 255 723 petra
284 643 385 708 rubea
416 661 525 709 omnes
555 647 661 710 terrae
689 647 763 710 sum
792 661 852 709 ser.
876 641 962 726 Junij
985 641 1163 729 Michulich,
1193 647 1227 710 et
1247 643 1396 726 quiequid

156 752 211 812 est
232 747 387 831 superius,
410 745 593 814 communis
617 755 675 816 est.

204 851 413 920 Declarantes
436 853 530 920 etiam
553 851 752 936 infrascripta
773 853 844 920 loca
867 859 942 920 sunt
957 852 1139 920 Communis
1160 855 1193 918 In
1214 852 1349 920 Blata:

206 955 243 1022 In
264 957 375 1042 primis
397 957 649 1041 Prigradiza
672 978 743 1025 eum
766 959 966 1043 pertimmtijS
988 959 1062 1026 suis.

202 1061 284 1129 ltem
306 1061 494 1131 Loxizam
516 1082 587 1130 eum
608 1065 810 1148 pertinentijs
833 1064 907 1132 suis.

200 1167 282 1233 Item
307 1167 441 1234 cerna
463 1167 557 1235 luca
578 1187 649 1234 eum
671 1169 869 1252 peminenttjs
894 1170 968 1235 suis.

201 1272 284 1338 Item
308 1271 473 1338 Stiniua
495 1291 565 1338 cum
609 1275 810 1356 pertinentijs
833 1273 907 1341 suis.

202 1375 284 1442 Item
317 1377 551 1460 Prapratna
584 1397 654 1444 cum
689 1379 921 1462 Prapratna
953 1384 987 1444 et
1018 1378 1164 1444 Prinor
1198 1396 1267 1444 cum
1296 1381 1392 1460 perti·

153 1481 277 1564 nentijs
301 1483 375 1548 suis.

199 1585 283 1651 Item
305 1586 519 1652 Prihodna
541 1604 642 1668 parua
663 1593 697 1654 et
718 1606 833 1671 magna
854 1607 925 1653 cum
947 1587 1147 1672 pertinentijs
1168 1587 1244 1654 suis.

200 1689 283 1756 Item
303 1689 490 1758 Zinkoua
512 1691 605 1756 luca
626 1708 697 1757 cum
719 1692 921 1775 pertinentijs
945 1693 1019 1758 suis.

198 1793 281 1860 Item
305 1793 453 1862 Gesuin
475 1796 550 1874 dol,
574 1815 645 1862 cum
668 1795 821 1863 Celsiar
843 1815 913 1862 cum
935 1798 1134 1882 pertinentijs
1156 1798 1229 1864 suis.

198 1897 281 1964 Item
302 1898 459 1966 Boroua
479 1900 575 1966 luca
597 1919 667 1966 cum
690 1902 889 1984 pertinentijs
911 1903 986 1968 sum.

199 2003 282 2069 Item
304 2004 522 2072 Zalichoua
544 2005 708 2086 pasicha
731 2023 800 2071 cum
822 2008 1024 2089 pertinentijs
1047 2007 1120 2072 sum.

197 2108 280 2175 Item
302 2107 407 2175 Luca
429 2109 657 2176 Pratischia
679 2129 749 2176 cum
772 2111 974 2194 pertinentijs
997 2112 1071 2177 suis.

197 2213 280 2278 Item
302 2212 518 2296 Badgnena
539 2215 632 2280 luca
654 2233 725 2280 cum
749 2215 947 2298 pertinentijs
971 2217 1045 2280 suis.

198 2317 282 2383 Item
304 2315 452 2401 Arpine
476 2335 546 2386 cum
567 2319 766 2402 pertinentijs
790 2319 863 2384 suis.

500 2490 542 2557 In
563 2491 729 2578 Smoyuiza
751 2501 779 2558 et
801 2495 866 2557 eius
888 2492 1051 2559 districtu:

195 2631 234 2696 In
265 2629 373 2713 primm
405 2631 439 2696 in
470 2630 694 2716 chamna,
725 2631 778 2699 vbi
808 2633 922 2698 dicitur
951 2634 1010 2700 sub
1040 2631 1234 2698 Dubraua
1264 2635 1297 2696 ot
1327 2629 1387 2696 sub

148 2739 262 2802 monte
292 2733 561 2816 Ohonschiar,
592 2755 690 2818 vsque
721 2737 762 2802 ad
792 2737 875 2804 viam
905 2737 1001 2817 collis,
1032 2754 1132 2818 vsque
1161 2734 1202 2802 ad
1229 2733 1389 2818 Gorgna

148 2841 344 2924 Pocogna.

195 2944 277 3011 Item
307 2943 403 3010 alium
433 2945 536 3011 locum
569 2950 712 3011 vocatum
743 2944 1003 3024 Paehlinize‚
1038 2963 1136 3028 vsque
1168 2944 1209 3010 ad
1241 2962 1385 3026 campum

151 3047 382 3134 Chapgfiam

194 3155 276 3221 Item
298 3161 468 3222 terrama
490 3157 549 3222 sub
571 3155 776 3236 Xacomie‚
806 3173 905 3236 vsque
927 3155 968 3220 ad
991 3173 1135 3237 campum
1162 3153 1387 3240 Chapgliae

149 3277 222 3324 eum
245 3260 444 3344 pertinentijs
466 3260 540 3326 suis,

196 3362 278 3430 Item
299 3382 395 3428 vnum
417 3364 520 3430 locum
542 3371 688 3442 vocatum
716 3364 932 3448 Logischia
960 3383 1055 3446 super
1076 3369 1213 3430 montem
1236 3361 1386 3432 Comar-

152 3465 319 3548 cischia,
343 3468 431 3534 iuxta
451 3475 591 3536 montem
613 3474 759 3536 vocatum
783 3469 912 3548 Shrid‚
936 3487 1006 3534 cum
1028 3469 1227 3552 pertinentijs
1249 3471 1323 3536 suis.

195 3573 277 3639 Item
291 3587 386 3638 vnum
401 3573 503 3640 locum
519 3581 664 3641 vocatum
679 3575 781 3642 Mala
800 3573 989 3640 Subotiza
1011 3593 1081 3638 cum
1097 3575 1294 3657 pertinentijs
1309 3575 1385 3640 suis,

194 3679 277 3746 Item
309 3697 404 3745 mum
433 3678 536 3745 Iocum
566 3679 598 3744 in
628 3685 735 3745 monte
764 3679 950 3746 Dubraue
979 3697 1051 3744 vna
1080 3679 1163 3760 Rop
1193 3697 1263 3744 eum
1289 3680 1386 3762 perti-

148 3785 269 3866 nentijs
291 3785 367 3850 sum.

193 3889 274 3955 Item
304 3895 489 3969 terrama,
520 3887 570 3954 vbi
599 3888 713 3954 dicitur
735 3887 955 3972 Giorgigna
984 3888 1168 3972 Pahogna
1196 3907 1266 3954 cum
1289 3893 1384 3972 perti·

146 3993 267 4077 nentijs
290 3993 365 4060 suis.

192 4099 274 4164 Item
289 4102 375 4164 terra
390 4115 460 4178 vna,
476 4097 529 4164 vbi
545 4097 660 4163 dicmur
681 4115 729 4162 na
743 4097 942 4179 Ropstoue
965 4097 1082 4179 gline,
1100 4116 1169 4163 cum
1185 4098 1384 4182 pertinentijs

147 4205 217 4272 suis
239 4204 328 4268 iuxta
351 4221 443 4269 mam
466 4209 586 4268 terram
609 4221 668 4269 ser.
693 4201 825 4267 Ioannis
845 4202 942 4280 Petri,
966 4202 1018 4268 vbi
1041 4203 1155 4268 dicitur
1177 4202 1385 4286 Radesgne

144 4326 220 4374 cum
242 4307 441 4389 pertinentijs
463 4307 538 4373 suis.

191 4412 274 4476 Item
290 4429 387 4476 vnum
402 4411 504 4477 locum
519 4416 664 4477 vocatum
680 4409 997 4493 Xcracimschiza,
1014 4429 1083 4475 cum
1099 4409 1297 4493 pertinentijs
1309 4409 1383 4476 suis.

190 4517 273 4582 Item
287 4534 381 4580 vnum
398 4515 500 4580 locum
513 4521 658 4582 vocatum
675 4515 775 4580 Malo
791 4513 996 4582 Proischie
1012 4531 1081 4579 cum
1094 4514 1294 4596 pertinentijs
1307 4513 1383 4579 suIs.

191 4621 271 4688 Item
303 4638 398 4688 vnum
429 4621 532 4687 locum
564 4625 708 4686 vocatum
738 4619 976 4704 Stauoglina
1004 4620 1162 4702 passim
1191 4637 1260 4685 cum
1287 4617 1383 4702 perti-

144 4727 264 4811 nomijs
286 4727 362 4794 suis.
