3434 5368
561 601 629 644 aas.
653 602 741 642 xum.
767 603 808 643 uu
831 601 1077 644 communicem
1100 576 1225 643 ιῑοοτιη.1
1315 597 1317 604 ·

315 719 396 784 Item
418 718 599 793 statuimus,
624 717 708 796 quod
732 718 882 782 custodes
904 718 944 782 de
966 724 1060 783 nocte
1083 717 1220 782 debeant
1243 717 1375 798 uigilare
1398 716 1438 780 de
1453 716 1508 780 eb-

272 822 408 886 domada
430 821 460 884 in
485 821 694 885 ebdomadam
718 839 776 900 pei·
798 819 1008 885 iuramentum
1031 826 1065 884 et
1088 820 1247 884 custodire
1271 819 1408 883 fideliter
1431 825 1463 882 et
1486 817 1513 880 si

272 923 386 1004 aliquis
410 924 613 1004 obdormiret,
638 924 692 1004 qui
717 923 848 989 deberet
867 930 953 988 stare
974 924 1005 987 in
1030 942 1089 987 sua
1105 922 1222 1002 uigilia,
1246 922 1353 987 soluat
1368 919 1515 987 denarios

185 1032 188 1037 ’
270 1027 311 1107 xij
337 1044 462 1108 paruos,
486 1032 517 1090 et
542 1025 569 1091 si
591 1027 700 1092 uenire
724 1026 869 1105 uoluerit,
893 1026 1037 1106 qualibet
1059 1032 1160 1109 nocte,
1191 1025 1296 1090 soluat
1316 1024 1391 1105 per⁹
1414 1031 1512 1089 totam

271 1130 480 1196 ebdomadam
514 1130 678 1194 denarium
713 1146 898 1210 grossorum
922 1147 1032 1204 vuum,
1067 1129 1156 1193 cuius
1179 1127 1333 1193 medietas
1367 1127 1516 1192 deueniat

271 1232 427 1299 communi
451 1232 568 1297 etalio
590 1233 783 1298 custodibus.

413 1443 480 1486 ΟΔΡ.
505 1444 589 1486 XMV·
613 1445 655 1485 mo
677 1442 896 1487 EXOEBAOTIONE
919 1444 1020 1486 uuam
1041 1443 1149 1486 RXTBA
1171 1419 1373 1486 clumam?

315 1559 396 1624 Item
420 1558 599 1637 statuimus,
623 1557 709 1638 quod
731 1559 921 1639 quicumque
945 1559 1120 1624 extraxem't
1139 1556 1330 1623 frumentum
1347 1555 1400 1621 uel
1418 1555 1516 1620 blada

268 1661 320 1727 uel
353 1661 514 1743 legumina
536 1666 626 1726 extra
650 1661 811 1726 ciuitatem
834 1662 1044 1745 stimulam,
1075 1662 1129 1726 uel
1151 1662 1310 1727 extraneis
1334 1659 1515 1725 uendidorit

269 1765 311 1830 ad
334 1766 524 1846 portandum
547 1770 639 1830 extra
661 1765 694 1828 iu
717 1764 795 1829 aiios
818 1770 937 1845 partes,
961 1765 1014 1828 uei
1036 1764 1157 1830 alienas
1180 1763 1368 1845 prouincias,
1401 1761 1516 1843 perdat

269 1873 371 1933 totum
394 1867 586 1932 frumentum
609 1867 663 1931 uel
684 1866 780 1931 blada
800 1867 853 1932 uei
876 1867 1043 1948 legumina,
1068 1869 1122 1948 qui
1138 1867 1205 1933 sine
1221 1871 1371 1949 precepto
1389 1865 1515 1931 comitis

269 1969 382 2035 fecerit
403 1969 464 2034 boc
486 1970 592 2050 aliquo
615 1969 709 2035 modo
732 1969 785 2034 uel
807 1969 945 2052 iugenio,
969 1972 1077 2050 etqui
1100 1971 1307 2048 accusaueu't,
1331 1968 1383 2034 uel
1399 1985 1514 2048 appre-

268 2071 426 2151 henderit,
450 2072 568 2137 babeat
589 2073 722 2138 terciam
744 2076 868 2152 partem
891 2072 993 2138 tocius
1017 2072 1130 2138 bladi*

585 2284 652 2326 cus.
678 2285 750 2326 xuv.
773 2285 815 2326 ua
838 2284 1062 2328 saauoamoua
1083 2262 1203 2329 Μου.5

311 2399 394 2465 Item
417 2399 595 2479 statuimus,
620 2400 705 2480 quod
725 2400 919 2481 quicumque
943 2399 1141 2466 frauduuerit
1164 2401 1287 2468 dacium
1309 2400 1438 2481 aliquod
1461 2417 1514 2463 oi·-

269 2503 413 2568 dinatum
435 2521 494 2584 per
517 2502 663 2568 comitem
688 2505 741 2567 uel
764 2521 822 2584 per
845 2503 996 2570 maiorem
1012 2505 1152 2585 partem⁶
1175 2505 1224 2570 sui
1247 2504 1381 2584 consiiij‚
1405 2504 1514 2568 soluat

269 2606 302 2671 in
324 2607 454 2687 triplum
474 2607 607 2686 'dacium
631 2606 727 2685 illud,
762 2606 847 2687 quod
877 2606 1089 2682 fraudauerit,
1125 2615 1157 2674 et
1182 2611 1234 2689 qui
1259 2607 1456 2672 accusauerit
1478 2613 1514 2671 ct

270 2711 438 2792 probatum
460 2708 566 2787 fucrit,
591 2709 710 2776 habeat
731 2709 864 2776 terciam
887 2717 1020 2792 partem.
1144 2733 1145 2737 ¹

270 2923 337 2966 oar.
360 2921 446 2964 xum.
469 2921 511 2964 uu
533 2923 623 2984 mum,
648 2923 703 2976 out
725 2901 912 2968 oouuuouiou'
940 2925 1080 3026 sommas
1108 2925 1293 2968 uxasaauos
1315 2927 1350 2966 m
1371 2925 1513 2968 maumam

754 3011 796 3052 uu
819 3010 1013 3054 summouit.

312 3123 394 3204 Item
418 3124 602 3203 statuimus,
639 3125 724 3206 quod
755 3126 943 3208 quicumque
976 3126 1178 3193 conduxerit⁸
1201 3127 1241 3192 de
1264 3127 1327 3191 alia
1349 3111 1514 3208 prouincia

272 3233 458 3294 extraneum
493 3229 654 3295 hominem
676 3231 708 3294 in
732 3231 892 3296 ciuitatem
917 3231 969 3298 uel
991 3231 1111 3296 insulas
1145 3231 1253 3313 aliquo
1276 3229 1441 3312 signouel
1464 3231 1512 3292 iu-

271 3331 364 3414 genio
388 3333 441 3398 uel
464 3332 656 3399 indicatione
686 3333 777 3400 uerbi
798 3335 850 3400 uel
872 3333 957 3414 iacti,
990 3340 1025 3398 et
1046 3335 1214 3400 tradidam't
1236 3335 1342 3415 aliqua
1364 3333 1512 3398 animatia

270 3440 304 3501 et
326 3436 356 3500 ei
379 3436 547 3518 probatum
581 3430 678 3503 suerit
708 3455 883 3518 perunum
917 3438 1075 3519 ydoneum
1105 3444 1235 3522 testem,
1271 3438 1324 3502 uel
1347 3427 1512 3502 coufessus

269 3537 375 3618 fuerit,
399 3540 549 3605 restituat
572 3545 706 3620 patrono
730 3541 835 3605 omuia
857 3529 1004 3606 animalia
1027 3545 1060 3606 et
1082 3541 1237 3606 communi
1261 3541 1441 3622 persoluat,
1477 3547 1514 3604 vt

271 3659 370 3724 supro
403 3643 521 3708 dictum
546 3649 598 3708 est
619 3644 651 3708 iu
674 3645 812 3726 capitulo
847 3643 940 3725 furti,
974 3647 1057 3710 etsi
1089 3646 1282 3712 combuseiit
1313 3644 1367 3710 uel
1400 3643 1514 3708 iecerit

290 3857 295 3866 ·
318 3817 328 3853 ¹
346 3821 388 3881 Oi.
405 3838 467 3895 cap.
484 3822 587 3882 XLIX.
605 3823 721 3882 statuti.

317 3901 400 3982 Ἀρ.
419 3909 617 3983 Hormayr:
638 3923 743 3983 „usquo
756 3905 823 3982 qor“

317 3988 388 4055 ⁸0i.
404 4011 465 4070 cap.
482 3996 514 4056 L.
532 3995 649 4056 Statuti.
1409 4031 1411 4036 =

316 4075 329 4112 4
344 4081 492 4141 Lectiones
509 4075 656 4155 corruptas
671 4099 716 4157 ap.
735 4084 758 4142 L
764 4080 875 4158 jubid
891 4083 919 4140 st
934 4082 1135 4155 Hormayr:
1164 4083 1231 4156 „qui
1246 4085 1434 4152 accusauerit
1458 4084 1512 4141 ba-

270 4165 337 4222 beat
359 4167 613 4245 serumserum,
633 4171 679 4229 uel
695 4170 921 4243 apprehenderit,
939 4171 1029 4230 tocius
1045 4169 1138 4250 (turc
1150 4170 1157 4227 i
1167 4185 1219 4227 am
1238 4169 1289 4244 Η.)
1304 4171 1404 4229 biauo“
1424 4169 1512 4228 corri-

274 4253 382 4324 gendas
398 4253 484 4312 fuisse
500 4271 646 4314 censemus
663 4257 698 4314 ad
714 4256 806 4314 instar
821 4273 882 4331 cap.
900 4257 947 4317 cit.
964 4258 1080 4315 Statuti.

315 4334 329 4372 ⁵
345 4339 387 4398 uf.
404 4356 465 4413 cap.
482 4341 530 4400 LI.
547 4340 666 4402 Statuti.

315 4420 431 4483 ⁶Deest
446 4443 493 4500 ap.
509 4427 706 4502 Hormayr.

316 4505 387 4570 ’ot
406 4527 466 4584 cap.
484 4512 547 4570 LII.
564 4513 681 4575 statuti.

316 4593 331 4630 ⁸
348 4596 435 4656 Deest
449 4613 495 4672 ap.
513 4598 706 4674 Hormayr.
