<?xml version="1.0" encoding="UTF-8"?>
<!DOCTYPE html PUBLIC "-//W3C//DTD XHTML 1.0 Transitional//EN"
    "http://www.w3.org/TR/xhtml1/DTD/xhtml1-transitional.dtd">
<html xmlns="http://www.w3.org/1999/xhtml" xml:lang="en" lang="en">
 <head>
  <title>
</title>
<meta http-equiv="Content-Type" content="text/html;charset=utf-8" />
  <meta name='ocr-system' content='tesseract 3.04.00' />
  <meta name='ocr-capabilities' content='ocr_page ocr_carea ocr_par ocr_line ocrx_word'/>
</head>
<body>
  <div class='ocr_page' id='page_1' title='image "./statutaetlegesc00yuggoog_0592.png"; bbox 0 0 3398 5354; ppageno 0'>
   <div class='ocr_carea' id='block_1_1' title="bbox 457 619 1425 676">
    <p class='ocr_par' dir='ltr' id='par_1_1' title="bbox 457 619 1425 676">
     <span class='ocr_line' id='line_1_1' title="bbox 457 619 1425 676; baseline -0.006 -9"><span class='ocrx_word' id='word_1_1' title='bbox 457 624 522 667; x_wconf 68' lang='lat' dir='ltr'>(iss-</span> <span class='ocrx_word' id='word_1_2' title='bbox 546 624 641 666; x_wconf 77' lang='lat' dir='ltr'><strong>LXXV·</strong></span> <span class='ocrx_word' id='word_1_3' title='bbox 666 624 749 676; x_wconf 73' lang='lat' dir='ltr'><strong>QUOD</strong></span> <span class='ocrx_word' id='word_1_4' title='bbox 771 623 911 666; x_wconf 70' lang='grc' dir='ltr'>ΒΤΔΊὌΤΔ</span> <span class='ocrx_word' id='word_1_5' title='bbox 932 624 1037 667; x_wconf 76' lang='lat' dir='ltr'>nootm</span> <span class='ocrx_word' id='word_1_6' title='bbox 1059 623 1207 666; x_wconf 70' lang='lat' dir='ltr'>mmm</span> <span class='ocrx_word' id='word_1_7' title='bbox 1229 621 1272 664; x_wconf 75' lang='grc' dir='ltr'>ΔΙ)</span> <span class='ocrx_word' id='word_1_8' title='bbox 1294 619 1425 665; x_wconf 73' lang='lat' dir='ltr'>rurum.</span> 
     </span>
    </p>
   </div>
   <div class='ocr_carea' id='block_1_2' title="bbox 320 733 1537 1657">
    <p class='ocr_par' dir='ltr' id='par_1_2' title="bbox 320 733 1537 1657">
     <span class='ocr_line' id='line_1_2' title="bbox 363 733 1535 822; baseline -0.006 -16"><span class='ocrx_word' id='word_1_9' title='bbox 363 741 492 812; x_wconf 77' lang='lat' dir='ltr'>Verum,</span> <span class='ocrx_word' id='word_1_10' title='bbox 526 741 599 822; x_wconf 90' lang='lat' dir='ltr'>quia</span> <span class='ocrx_word' id='word_1_11' title='bbox 630 742 698 806; x_wconf 88' lang='lat' dir='ltr'>iure</span> <span class='ocrx_word' id='word_1_12' title='bbox 721 746 862 816; x_wconf 87' lang='lat' dir='ltr'>cauetur,</span> <span class='ocrx_word' id='word_1_13' title='bbox 894 739 977 822; x_wconf 88' lang='lat' dir='ltr'>quod</span> <span class='ocrx_word' id='word_1_14' title='bbox 1008 739 1096 822; x_wconf 77' lang='lat' dir='ltr'>leges</span> <span class='ocrx_word' id='word_1_15' title='bbox 1120 745 1154 804; x_wconf 88' lang='lat' dir='ltr'>et</span> <span class='ocrx_word' id='word_1_16' title='bbox 1175 737 1414 804; x_wconf 77' lang='lat' dir='ltr'>constitutiones</span> <span class='ocrx_word' id='word_1_17' title='bbox 1435 733 1535 800; x_wconf 85' lang='lat' dir='ltr'>debent</span> 
     </span>
     <span class='ocr_line' id='line_1_3' title="bbox 323 838 1535 926; baseline -0.003 -16"><span class='ocrx_word' id='word_1_18' title='bbox 323 846 398 910; x_wconf 85' lang='lat' dir='ltr'>dare</span> <span class='ocrx_word' id='word_1_19' title='bbox 439 845 589 910; x_wconf 83' lang='lat' dir='ltr'>formam¹</span> <span class='ocrx_word' id='word_1_20' title='bbox 622 843 737 908; x_wconf 86' lang='lat' dir='ltr'>futuris</span> <span class='ocrx_word' id='word_1_21' title='bbox 775 845 928 926; x_wconf 77' lang='lat' dir='ltr'>negociiS,</span> <span class='ocrx_word' id='word_1_22' title='bbox 966 863 1028 908; x_wconf 93' lang='lat' dir='ltr'>non</span> <span class='ocrx_word' id='word_1_23' title='bbox 1063 851 1169 910; x_wconf 87' lang='lat' dir='ltr'>autem</span> <span class='ocrx_word' id='word_1_24' title='bbox 1205 843 1246 907; x_wconf 90' lang='lat' dir='ltr'>ad</span> <span class='ocrx_word' id='word_1_25' title='bbox 1279 841 1363 907; x_wconf 85' lang='lat' dir='ltr'>facta</span> <span class='ocrx_word' id='word_1_26' title='bbox 1398 838 1535 923; x_wconf 79' lang='lat' dir='ltr'>preterita</span> 
     </span>
     <span class='ocr_line' id='line_1_4' title="bbox 322 948 1534 1029; baseline -0.003 -15"><span class='ocrx_word' id='word_1_27' title='bbox 322 951 476 1024; x_wconf 84' lang='lat' dir='ltr'>reuocari,</span> <span class='ocrx_word' id='word_1_28' title='bbox 513 950 581 1014; x_wconf 85' lang='lat' dir='ltr'>ideo</span> <span class='ocrx_word' id='word_1_29' title='bbox 613 951 780 1014; x_wconf 79' lang='lat' dir='ltr'>statuimus</span> <span class='ocrx_word' id='word_1_30' title='bbox 804 955 836 1013; x_wconf 85' lang='lat' dir='ltr'>et</span> <span class='ocrx_word' id='word_1_31' title='bbox 859 968 1024 1014; x_wconf 86' lang='lat' dir='ltr'>censemus</span> <span class='ocrx_word' id='word_1_32' title='bbox 1068 948 1152 1029; x_wconf 90' lang='lat' dir='ltr'>quod</span> <span class='ocrx_word' id='word_1_33' title='bbox 1184 948 1347 1028; x_wconf 78' lang='lat' dir='ltr'>presentia</span> <span class='ocrx_word' id='word_1_34' title='bbox 1376 953 1488 1010; x_wconf 85' lang='lat' dir='ltr'>statuta</span> <span class='ocrx_word' id='word_1_35' title='bbox 1506 949 1534 1010; x_wconf 89' lang='lat' dir='ltr'>et</span> 
     </span>
     <span class='ocr_line' id='line_1_5' title="bbox 323 1053 1533 1134; baseline -0.002 -17"><span class='ocrx_word' id='word_1_36' title='bbox 323 1055 551 1121; x_wconf 85' lang='lat' dir='ltr'>ordinamenta.</span> <span class='ocrx_word' id='word_1_37' title='bbox 583 1071 645 1134; x_wconf 75' lang='lat' dir='ltr'>que</span> <span class='ocrx_word' id='word_1_38' title='bbox 669 1055 868 1120; x_wconf 86' lang='lat' dir='ltr'>continentur</span> <span class='ocrx_word' id='word_1_39' title='bbox 891 1057 922 1117; x_wconf 93' lang='lat' dir='ltr'>in</span> <span class='ocrx_word' id='word_1_40' title='bbox 944 1053 1103 1118; x_wconf 85' lang='lat' dir='ltr'>uolumine</span> <span class='ocrx_word' id='word_1_41' title='bbox 1132 1055 1327 1134; x_wconf 77' lang='lat' dir='ltr'>presentium</span> <span class='ocrx_word' id='word_1_42' title='bbox 1352 1056 1533 1124; x_wconf 77' lang='lat' dir='ltr'>statuorum,</span> 
     </span>
     <span class='ocr_line' id='line_1_6' title="bbox 320 1155 1535 1239; baseline -0.005 -15"><span class='ocrx_word' id='word_1_43' title='bbox 320 1159 461 1224; x_wconf 78' lang='lat' dir='ltr'>habeant</span> <span class='ocrx_word' id='word_1_44' title='bbox 492 1158 591 1222; x_wconf 91' lang='lat' dir='ltr'>locum</span> <span class='ocrx_word' id='word_1_45' title='bbox 616 1157 656 1220; x_wconf 86' lang='lat' dir='ltr'>ad</span> <span class='ocrx_word' id='word_1_46' title='bbox 679 1156 787 1222; x_wconf 85' lang='lat' dir='ltr'>futura</span> <span class='ocrx_word' id='word_1_47' title='bbox 818 1165 939 1222; x_wconf 86' lang='lat' dir='ltr'>tantum</span> <span class='ocrx_word' id='word_1_48' title='bbox 964 1164 997 1223; x_wconf 90' lang='lat' dir='ltr'>et</span> <span class='ocrx_word' id='word_1_49' title='bbox 1019 1159 1059 1223; x_wconf 86' lang='lat' dir='ltr'>ad</span> <span class='ocrx_word' id='word_1_50' title='bbox 1081 1155 1167 1222; x_wconf 81' lang='lat' dir='ltr'>faeta</span> <span class='ocrx_word' id='word_1_51' title='bbox 1196 1157 1352 1239; x_wconf 75' lang='lat' dir='ltr'>preterita</span> <span class='ocrx_word' id='word_1_52' title='bbox 1373 1156 1535 1220; x_wconf 86' lang='lat' dir='ltr'>nullatanus</span> 
     </span>
     <span class='ocr_line' id='line_1_7' title="bbox 323 1258 1535 1345; baseline -0.002 -18"><span class='ocrx_word' id='word_1_53' title='bbox 323 1261 558 1345; x_wconf 83' lang='lat' dir='ltr'>protrahantur.</span> <span class='ocrx_word' id='word_1_54' title='bbox 593 1260 693 1326; x_wconf 85' lang='lat' dir='ltr'>Facta</span> <span class='ocrx_word' id='word_1_55' title='bbox 714 1278 792 1326; x_wconf 90' lang='lat' dir='ltr'>uero</span> <span class='ocrx_word' id='word_1_56' title='bbox 815 1261 980 1343; x_wconf 69' lang='lat' dir='ltr'>preterita</span> <span class='ocrx_word' id='word_1_57' title='bbox 1003 1261 1212 1327; x_wconf 82' lang='lat' dir='ltr'>instrumenta</span> <span class='ocrx_word' id='word_1_58' title='bbox 1231 1266 1265 1326; x_wconf 87' lang='lat' dir='ltr'>et</span> <span class='ocrx_word' id='word_1_59' title='bbox 1285 1263 1356 1326; x_wconf 88' lang='lat' dir='ltr'>iura</span> <span class='ocrx_word' id='word_1_60' title='bbox 1377 1258 1535 1338; x_wconf 82' lang='lat' dir='ltr'>cuiuslibet,</span> 
     </span>
     <span class='ocr_line' id='line_1_8' title="bbox 325 1364 1536 1447; baseline -0.003 -16"><span class='ocrx_word' id='word_1_61' title='bbox 325 1365 409 1431; x_wconf 84' lang='lat' dir='ltr'>facta</span> <span class='ocrx_word' id='word_1_62' title='bbox 432 1371 506 1430; x_wconf 86' lang='lat' dir='ltr'>ante</span> <span class='ocrx_word' id='word_1_63' title='bbox 529 1365 773 1446; x_wconf 75' lang='lat' dir='ltr'>publicationem</span> <span class='ocrx_word' id='word_1_64' title='bbox 796 1369 992 1447; x_wconf 75' lang='lat' dir='ltr'>presentium</span> <span class='ocrx_word' id='word_1_65' title='bbox 1021 1371 1213 1432; x_wconf 85' lang='lat' dir='ltr'>statutorum</span> <span class='ocrx_word' id='word_1_66' title='bbox 1236 1371 1421 1431; x_wconf 77' lang='lat' dir='ltr'>remaneant</span> <span class='ocrx_word' id='word_1_67' title='bbox 1440 1364 1469 1428; x_wconf 91' lang='lat' dir='ltr'>iu</span> <span class='ocrx_word' id='word_1_68' title='bbox 1488 1379 1536 1428; x_wconf 87' lang='lat' dir='ltr'>ano</span> 
     </span>
     <span class='ocr_line' id='line_1_9' title="bbox 328 1467 1537 1552; baseline -0.003 -16"><span class='ocrx_word' id='word_1_69' title='bbox 328 1470 475 1546; x_wconf 73' lang='lat' dir='ltr'>esseda,</span> <span class='ocrx_word' id='word_1_70' title='bbox 500 1469 583 1550; x_wconf 90' lang='lat' dir='ltr'>quod</span> <span class='ocrx_word' id='word_1_71' title='bbox 606 1469 768 1552; x_wconf 81' lang='lat' dir='ltr'>presentia</span> <span class='ocrx_word' id='word_1_72' title='bbox 791 1477 912 1536; x_wconf 88' lang='lat' dir='ltr'>statuta</span> <span class='ocrx_word' id='word_1_73' title='bbox 934 1488 991 1536; x_wconf 89' lang='lat' dir='ltr'>nec</span> <span class='ocrx_word' id='word_1_74' title='bbox 1015 1471 1060 1536; x_wconf 86' lang='lat' dir='ltr'>eis</span> <span class='ocrx_word' id='word_1_75' title='bbox 1084 1470 1217 1552; x_wconf 87' lang='lat' dir='ltr'>prosint.</span> <span class='ocrx_word' id='word_1_76' title='bbox 1250 1488 1307 1536; x_wconf 89' lang='lat' dir='ltr'>neo</span> <span class='ocrx_word' id='word_1_77' title='bbox 1330 1476 1466 1551; x_wconf 78' lang='lat' dir='ltr'>noceant</span> <span class='ocrx_word' id='word_1_78' title='bbox 1488 1467 1537 1534; x_wconf 86' lang='lat' dir='ltr'>sed</span> 
     </span>
     <span class='ocr_line' id='line_1_10' title="bbox 328 1571 1536 1657; baseline -0.001 -19"><span class='ocrx_word' id='word_1_79' title='bbox 328 1579 513 1640; x_wconf 85' lang='lat' dir='ltr'>remaneant</span> <span class='ocrx_word' id='word_1_80' title='bbox 534 1575 566 1637; x_wconf 88' lang='lat' dir='ltr'>in</span> <span class='ocrx_word' id='word_1_81' title='bbox 589 1591 646 1639; x_wconf 87' lang='lat' dir='ltr'>suo</span> <span class='ocrx_word' id='word_1_82' title='bbox 679 1575 799 1656; x_wconf 80' lang='lat' dir='ltr'>nigore,</span> <span class='ocrx_word' id='word_1_83' title='bbox 831 1575 899 1640; x_wconf 89' lang='lat' dir='ltr'>siue</span> <span class='ocrx_word' id='word_1_84' title='bbox 921 1593 980 1657; x_wconf 85' lang='lat' dir='ltr'>per</span> <span class='ocrx_word' id='word_1_85' title='bbox 1001 1579 1112 1641; x_wconf 85' lang='lat' dir='ltr'>uetera</span> <span class='ocrx_word' id='word_1_86' title='bbox 1144 1573 1282 1640; x_wconf 55' lang='lat' dir='ltr'>statuto</span> <span class='ocrx_word' id='word_1_87' title='bbox 1304 1575 1387 1655; x_wconf 77' lang='lat' dir='ltr'>dicte</span> <span class='ocrx_word' id='word_1_88' title='bbox 1409 1571 1536 1650; x_wconf 74' lang='lat' dir='ltr'>ciuitatis</span> 
     </span>
    </p>
   </div>
   <div class='ocr_carea' id='block_1_3' title="bbox 325 1671 1656 1760">
    <p class='ocr_par' dir='ltr' id='par_1_3' title="bbox 325 1671 1656 1760">
     <span class='ocr_line' id='line_1_11' title="bbox 325 1671 1656 1760; baseline 0 -18"><span class='ocrx_word' id='word_1_89' title='bbox 325 1695 388 1758; x_wconf 76' lang='lat' dir='ltr'>que</span> <span class='ocrx_word' id='word_1_90' title='bbox 411 1679 506 1742; x_wconf 85' lang='lat' dir='ltr'>etiam</span> <span class='ocrx_word' id='word_1_91' title='bbox 530 1682 605 1741; x_wconf 88' lang='lat' dir='ltr'>sunt</span> <span class='ocrx_word' id='word_1_92' title='bbox 627 1677 745 1760; x_wconf 84' lang='lat' dir='ltr'>scripta</span> <span class='ocrx_word' id='word_1_93' title='bbox 766 1679 798 1742; x_wconf 94' lang='lat' dir='ltr'>in</span> <span class='ocrx_word' id='word_1_94' title='bbox 821 1680 963 1759; x_wconf 79' lang='lat' dir='ltr'>presenti</span> <span class='ocrx_word' id='word_1_95' title='bbox 994 1680 1155 1745; x_wconf 90' lang='lat' dir='ltr'>uolumine</span> <span class='ocrx_word' id='word_1_96' title='bbox 1177 1683 1376 1759; x_wconf 85' lang='lat' dir='ltr'>statutorum,</span> <span class='ocrx_word' id='word_1_97' title='bbox 1407 1679 1470 1744; x_wconf 86' lang='lat' dir='ltr'>siue</span> <span class='ocrx_word' id='word_1_98' title='bbox 1489 1671 1543 1759; x_wconf 87' lang='lat' dir='ltr'>por&#39;</span> <span class='ocrx_word' id='word_1_99' title='bbox 1654 1705 1656 1710; x_wconf 96' lang='lat'>·</span> 
     </span>
    </p>
   </div>
   <div class='ocr_carea' id='block_1_4' title="bbox 324 1780 1537 1951">
    <p class='ocr_par' dir='ltr' id='par_1_4' title="bbox 324 1780 1537 1951">
     <span class='ocr_line' id='line_1_12' title="bbox 327 1780 1537 1866; baseline 0.001 -20"><span class='ocrx_word' id='word_1_100' title='bbox 327 1781 596 1861; x_wconf 87' lang='lat' dir='ltr'>consuetudinem,</span> <span class='ocrx_word' id='word_1_101' title='bbox 629 1781 697 1848; x_wconf 87' lang='lat' dir='ltr'>siue</span> <span class='ocrx_word' id='word_1_102' title='bbox 727 1800 914 1865; x_wconf 89' lang='lat' dir='ltr'>quocunque</span> <span class='ocrx_word' id='word_1_103' title='bbox 943 1782 1005 1849; x_wconf 93' lang='lat' dir='ltr'>alio</span> <span class='ocrx_word' id='word_1_104' title='bbox 1034 1784 1127 1850; x_wconf 91' lang='lat' dir='ltr'>modo</span> <span class='ocrx_word' id='word_1_105' title='bbox 1154 1789 1289 1866; x_wconf 86' lang='lat' dir='ltr'>possunt</span> <span class='ocrx_word' id='word_1_106' title='bbox 1310 1783 1475 1850; x_wconf 79' lang='lat' dir='ltr'>subsistam</span> <span class='ocrx_word' id='word_1_107' title='bbox 1495 1780 1537 1848; x_wconf 90' lang='lat' dir='ltr'>uel</span> 
     </span>
     <span class='ocr_line' id='line_1_13' title="bbox 324 1891 441 1951; baseline -0.026 0"><span class='ocrx_word' id='word_1_108' title='bbox 324 1891 441 1951; x_wconf 87' lang='lat' dir='ltr'>tenere.</span> 
     </span>
    </p>
   </div>
   <div class='ocr_carea' id='block_1_5' title="bbox 367 1945 1656 2076">
    <p class='ocr_par' dir='ltr' id='par_1_5' title="bbox 367 1945 1656 2076">
     <span class='ocr_line' id='line_1_14' title="bbox 367 1945 1656 2076; baseline 0 -20"><span class='ocrx_word' id='word_1_109' title='bbox 367 1991 466 2057; x_wconf 88' lang='lat' dir='ltr'>Lecta</span> <span class='ocrx_word' id='word_1_110' title='bbox 481 1996 514 2057; x_wconf 88' lang='lat' dir='ltr'>et</span> <span class='ocrx_word' id='word_1_111' title='bbox 529 1989 688 2071; x_wconf 86' lang='lat' dir='ltr'>publicata</span> <span class='ocrx_word' id='word_1_112' title='bbox 703 1996 737 2056; x_wconf 85' lang='lat' dir='ltr'>et</span> <span class='ocrx_word' id='word_1_113' title='bbox 751 1988 876 2057; x_wconf 86' lang='lat' dir='ltr'>firmata</span> <span class='ocrx_word' id='word_1_114' title='bbox 897 1989 1025 2057; x_wconf 82' lang='lat' dir='ltr'>fuerunt</span> <span class='ocrx_word' id='word_1_115' title='bbox 1047 1993 1210 2074; x_wconf 72' lang='lat' dir='ltr'>prasentia</span> <span class='ocrx_word' id='word_1_116' title='bbox 1232 1992 1398 2058; x_wconf 81' lang='lat' dir='ltr'>statutain</span> <span class='ocrx_word' id='word_1_117' title='bbox 1416 1989 1537 2076; x_wconf 79' lang='lat' dir='ltr'>generali</span> <span class='ocrx_word' id='word_1_118' title='bbox 1655 1945 1656 1952; x_wconf 6' lang='grc' dir='ltr'>ἵ</span> 
     </span>
    </p>
   </div>
   <div class='ocr_carea' id='block_1_6' title="bbox 326 2081 1656 2178">
    <p class='ocr_par' dir='ltr' id='par_1_6' title="bbox 326 2081 1656 2178">
     <span class='ocr_line' id='line_1_15' title="bbox 326 2081 1656 2178; baseline -0.001 -17"><span class='ocrx_word' id='word_1_119' title='bbox 326 2095 456 2161; x_wconf 84' lang='lat' dir='ltr'>consilio</span> <span class='ocrx_word' id='word_1_120' title='bbox 473 2095 609 2160; x_wconf 86' lang='lat' dir='ltr'>ciuitatis</span> <span class='ocrx_word' id='word_1_121' title='bbox 626 2094 756 2178; x_wconf 76' lang='lat' dir='ltr'>Spoleti,</span> <span class='ocrx_word' id='word_1_122' title='bbox 781 2113 843 2177; x_wconf 76' lang='lat' dir='ltr'>que</span> <span class='ocrx_word' id='word_1_123' title='bbox 860 2096 996 2162; x_wconf 85' lang='lat' dir='ltr'>debeant</span> <span class='ocrx_word' id='word_1_124' title='bbox 1013 2097 1176 2162; x_wconf 85' lang='lat' dir='ltr'>obseruari</span> <span class='ocrx_word' id='word_1_125' title='bbox 1191 2101 1267 2178; x_wconf 86' lang='lat' dir='ltr'>post</span> <span class='ocrx_word' id='word_1_126' title='bbox 1281 2115 1438 2162; x_wconf 85' lang='lat' dir='ltr'>recessum</span> <span class='ocrx_word' id='word_1_127' title='bbox 1456 2097 1538 2177; x_wconf 80' lang='lat' dir='ltr'>ipsius</span> <span class='ocrx_word' id='word_1_128' title='bbox 1655 2081 1656 2172; x_wconf 55' lang='lat' dir='ltr'>J</span> 
     </span>
    </p>
   </div>
   <div class='ocr_carea' id='block_1_7' title="bbox 325 2199 1477 2476">
    <p class='ocr_par' dir='ltr' id='par_1_7' title="bbox 325 2199 1477 2476">
     <span class='ocr_line' id='line_1_16' title="bbox 325 2199 1477 2283; baseline -0.003 -17"><span class='ocrx_word' id='word_1_129' title='bbox 325 2199 444 2266; x_wconf 91' lang='lat' dir='ltr'>domini</span> <span class='ocrx_word' id='word_1_130' title='bbox 466 2199 660 2266; x_wconf 88' lang='lat' dir='ltr'>Perceuallis</span> <span class='ocrx_word' id='word_1_131' title='bbox 684 2201 852 2282; x_wconf 88' lang='lat' dir='ltr'>potestatis</span> <span class='ocrx_word' id='word_1_132' title='bbox 875 2200 1013 2266; x_wconf 87' lang='lat' dir='ltr'>ciuitatis</span> <span class='ocrx_word' id='word_1_133' title='bbox 1036 2199 1158 2282; x_wconf 86' lang='lat' dir='ltr'>Spalati</span> <span class='ocrx_word' id='word_1_134' title='bbox 1180 2199 1477 2283; x_wconf 79' lang='lat' dir='ltr'>sepius.nominati³.</span> 
     </span>
     <span class='ocr_line' id='line_1_17' title="bbox 686 2302 1127 2386; baseline 0 -17"><span class='ocrx_word' id='word_1_135' title='bbox 686 2302 801 2382; x_wconf 86' lang='lat' dir='ltr'>Quod</span> <span class='ocrx_word' id='word_1_136' title='bbox 824 2305 940 2371; x_wconf 87' lang='lat' dir='ltr'>dedit</span> <span class='ocrx_word' id='word_1_137' title='bbox 962 2305 1127 2386; x_wconf 84' lang='lat' dir='ltr'>explari</span> 
     </span>
     <span class='ocr_line' id='line_1_18' title="bbox 686 2407 1185 2476; baseline 0.002 -2"><span class='ocrx_word' id='word_1_138' title='bbox 686 2407 902 2475; x_wconf 79' lang='lat' dir='ltr'>Laudatur</span> <span class='ocrx_word' id='word_1_139' title='bbox 923 2410 1012 2474; x_wconf 88' lang='lat' dir='ltr'>inte</span> <span class='ocrx_word' id='word_1_140' title='bbox 1035 2408 1185 2476; x_wconf 85' lang='lat' dir='ltr'>fideli⁴.</span> 
     </span>
    </p>
   </div>
   <div class='ocr_carea' id='block_1_8' title="bbox 326 2531 532 2544">
    <p class='ocr_par' dir='ltr' id='par_1_8' title="bbox 326 2531 532 2544">
     <span class='ocr_line' id='line_1_19' title="bbox 326 2531 532 2544; baseline -0.019 0"><span class='ocrx_word' id='word_1_141' title='bbox 326 2531 532 2544; x_wconf 71' lang='lat'>—=——</span> 
     </span>
    </p>
   </div>
   <div class='ocr_carea' id='block_1_9' title="bbox 385 2597 1656 2688">
    <p class='ocr_par' dir='ltr' id='par_1_9' title="bbox 385 2589 1656 2688">
     <span class='ocr_line' id='line_1_20' title="bbox 385 2597 1656 2688; baseline 0.002 -28"><span class='ocrx_word' id='word_1_142' title='bbox 385 2599 475 2678; x_wconf 76' lang='lat' dir='ltr'>¹np.</span> <span class='ocrx_word' id='word_1_143' title='bbox 498 2602 606 2679; x_wconf 72' lang='lat' dir='ltr'>njrm.</span> <span class='ocrx_word' id='word_1_144' title='bbox 630 2602 720 2664; x_wconf 74' lang='lat' dir='ltr'>naen.</span> <span class='ocrx_word' id='word_1_145' title='bbox 794 2597 943 2663; x_wconf 69' lang='lat' dir='ltr'>‘Verbaz</span> <span class='ocrx_word' id='word_1_146' title='bbox 967 2620 1042 2681; x_wconf 75' lang='lat'>„1100</span> <span class='ocrx_word' id='word_1_147' title='bbox 1062 2603 1104 2662; x_wconf 78' lang='lat' dir='ltr'>eia</span> <span class='ocrx_word' id='word_1_148' title='bbox 1127 2635 1169 2646; x_wconf 91' lang='lat'><em>-</em></span> <span class='ocrx_word' id='word_1_149' title='bbox 1191 2601 1318 2662; x_wconf 62' lang='lat' dir='ltr'>aanor</span> <span class='ocrx_word' id='word_1_150' title='bbox 1344 2601 1443 2662; x_wconf 67' lang='lat' dir='ltr'>dsunt</span> <span class='ocrx_word' id='word_1_151' title='bbox 1461 2598 1536 2658; x_wconf 79' lang='lat' dir='ltr'>isio.</span> <span class='ocrx_word' id='word_1_152' title='bbox 1654 2663 1656 2688; x_wconf 34' lang='lat'><em>4</em></span> 
     </span>
    </p>
   </div>
   <div class='ocr_carea' id='block_1_10' title="bbox 339 2683 1656 2854">
    <p class='ocr_par' dir='ltr' id='par_1_10' title="bbox 339 2683 1656 2854">
     <span class='ocr_line' id='line_1_21' title="bbox 343 2683 1656 2774; baseline -0.004 -25"><span class='ocrx_word' id='word_1_153' title='bbox 343 2683 1259 2772; x_wconf 68' lang='lat' dir='ltr'>&#39;Sicap.Ljub.Ood.aead.AatB:„nomiuato“.</span> <span class='ocrx_word' id='word_1_154' title='bbox 1351 2683 1538 2748; x_wconf 78' lang='lat' dir='ltr'>‘Vorsuahio</span> <span class='ocrx_word' id='word_1_155' title='bbox 1655 2749 1656 2774; x_wconf 32' lang='lat'>3</span> 
     </span>
     <span class='ocr_line' id='line_1_22' title="bbox 339 2775 1656 2854; baseline 0 -18"><span class='ocrx_word' id='word_1_156' title='bbox 339 2776 421 2836; x_wconf 82' lang='lat' dir='ltr'>deest</span> <span class='ocrx_word' id='word_1_157' title='bbox 442 2793 490 2852; x_wconf 87' lang='lat' dir='ltr'>ap.</span> <span class='ocrx_word' id='word_1_158' title='bbox 514 2775 622 2853; x_wconf 84' lang='lat' dir='ltr'>Ljub.</span> <span class='ocrx_word' id='word_1_159' title='bbox 646 2776 712 2837; x_wconf 92' lang='lat' dir='ltr'>ubi:</span> <span class='ocrx_word' id='word_1_160' title='bbox 739 2776 866 2854; x_wconf 83' lang='lat' dir='ltr'>„Finis</span> <span class='ocrx_word' id='word_1_161' title='bbox 887 2777 979 2837; x_wconf 86' lang='lat' dir='ltr'>torni</span> <span class='ocrx_word' id='word_1_162' title='bbox 1001 2775 1134 2854; x_wconf 81' lang='lat' dir='ltr'>primi“</span> <span class='ocrx_word' id='word_1_163' title='bbox 1157 2775 1292 2852; x_wconf 80' lang='lat' dir='ltr'>legimns.</span> <span class='ocrx_word' id='word_1_164' title='bbox 1654 2815 1656 2822; x_wconf 70' lang='lat'><em>,</em></span> 
     </span>
    </p>
   </div>
   <div class='ocr_carea' id='block_1_11' title="bbox 0 0 1715 5348">
    <p class='ocr_par' dir='ltr' id='par_1_11' title="bbox 0 0 1715 5348">
     <span class='ocr_line' id='line_1_23' title="bbox 0 0 1715 5348; baseline 0 0"><span class='ocrx_word' id='word_1_165' title='bbox 0 0 1715 5348; x_wconf 95' lang='lat' dir='ltr'> </span> 
     </span>
    </p>
   </div>
  </div>
 </body>
</html>
