3376 5392
325 455 400 518 210·

321 679 398 729 uero
421 666 454 728 et
482 661 655 744 parangale
687 678 789 742 neque
817 661 850 726 in
880 661 1069 744 supradictis
1101 663 1178 730 locis
1207 662 1322 746 piscari
1353 662 1467 730 audeat
1499 665 1555 732 sub

321 765 434 832 eadem
457 785 568 850 poena,
594 783 675 847 quae
697 784 800 848 poena
824 766 984 832 diuidatnr
1007 786 1064 850 per
1086 769 1181 834 tertio
1203 769 1286 834 inter
1307 774 1471 845 rectorem
1503 769 1556 850 qui

321 888 392 936 eam
415 870 565 954 exigeret,
592 871 849 937 communitatem
872 877 905 938 et
927 877 1154 938 accusatorem.

363 991 493 1058 Testes:
526 991 592 1058 Ser.
617 992 760 1058 Andreas
783 991 921 1072 Obradi;
951 1012 1010 1060 ser.
1044 993 1197 1088 Andreas
1210 992 1374 1074 Voleticb;
1405 1011 1466 1059 ser.
1495 992 1558 1058 An-

321 1097 414 1164 dreas
438 1115 467 1179 q.
492 1115 552 1164 ser.
576 1097 689 1164 Jacobi
710 1096 826 1164 Marini
849 1103 882 1164 et
904 1096 957 1182 alij
983 1099 1171 1181 complures,

752 1381 827 1424 nvn.
851 1382 972 1425 unctam
995 1381 1118 1426 domnas
1193 1341 1195 1349 Ι

322 1461 355 1516 de
373 1477 428 1516 non
446 1459 639 1532 appendenciis,
658 1475 709 1516 nco
726 1459 851 1516 leuaudis
869 1461 987 1531 pellibus
1005 1461 1034 1516 in
1052 1461 1118 1517 locis
1136 1459 1287 1530 descriptis,
1308 1461 1362 1516 nisi
1380 1462 1409 1514 in
1427 1461 1560 1516 manualis

728 1554 756 1604 et
774 1548 960 1605 determinetis
977 1565 1026 1620 pro
1046 1548 1151 1604 taline.
1339 1564 1342 1568 ·

363 1706 479 1774 Coram
502 1705 668 1790 magnifico
703 1713 736 1775 et
763 1727 919 1792 generoso
944 1666 1079 1776 domino
1109 1709 1274 1776 Dominico
1304 1707 1481 1791 Theupulo,
1504 1726 1559 1791 pro

318 1813 532 1880 illustrissimo
556 1817 589 1879 et
611 1813 871 1880 excellentissimo
895 1814 999 1880 ducali
1022 1811 1158 1880 dominio
1181 1811 1388 1880 Venetiarum
1412 1819 1472 1878 etc.
1496 1813 1559 1897 dig·

319 1918 449 1984 nissimo
465 1918 581 1984 comite
597 1916 754 1984 Curzulae
771 1925 1016 2016 comparuerunt
1038 1919 1178 1986 nonnulli
1193 1919 1316 1986 nobiles
1332 1923 1559 1999 conquerentes

1676 627 1679 732 ¹

320 2027 352 2088 et
375 2022 525 2102 dicentes,
550 2023 634 2104 quod
651 2028 726 2088 sunt
748 2023 889 2090 nonnulli
905 2025 1066 2104 cardones,
1091 2025 1159 2089 siue
1175 2023 1350 2106 pelliciariJ,
1373 2023 1429 2103 qui
1444 2041 1559 2105 appen—
1677 2039 1679 2062 ¹

321 2129 401 2194 dunt
423 2133 456 2193 et
478 2128 664 2194 distendunt
687 2129 787 2210 pelles
811 2148 869 2212 per
890 2147 1015 2194 murum
1038 2129 1186 2206 ciuitatis,
1211 2128 1243 2193 id
1266 2133 1316 2194 est
1330 2145 1432 2210 prope
1446 2127 1559 2210 logiam
1678 2147 1679 2170 ³

318 2237 352 2300 et
373 2251 472 2315 prope
495 2233 704 2312 bacchariam,
729 2251 872 2299 necnon
901 2234 998 2299 ctiam
1027 2252 1127 2315 prope
1159 2232 1295 2299 arsinale
1317 2237 1352 2298 et
1373 2233 1488 2298 subtus
1519 2233 1560 2298 ci·
1631 2276 1635 2288 ·

318 2343 456 2404 sternam
479 2342 512 2402 et
533 2356 592 2420 per
613 2337 731 2404 molum
753 2344 786 2405 et
808 2337 879 2404 illas
902 2340 997 2404 stiam
1020 2339 1128 2404 lauant
1150 2355 1248 2422 prope
1271 2337 1457 2419 supradicta
1478 2337 1559 2414 loca,

320 2460 377 2508 seu
400 2443 432 2506 in
456 2441 645 2524 supradictis
668 2441 746 2508 locis
769 2447 802 2508 et
825 2443 920 2509 etiam
945 2449 1035 2508 extra
1058 2445 1222 2508 ciuitatem
1244 2449 1318 2525 post
1339 2447 1467 2524 portam
1481 2439 1561 2507 Cha·

321 2547 410 2614 nensi
433 2547 586 2630 praedicti
603 2547 789 2630 appendunt
820 2553 853 2613 et
875 2549 994 2614 siccant
1024 2547 1133 2630 pelles.
1164 2548 1336 2614 Praeterea
1363 2552 1439 2613 sunt
1467 2549 1562 2612 etiarn
1677 2577 1679 2642 Ξ

320 2650 461 2717 nonnulli
484 2650 649 2730 cerdones,
673 2651 726 2732 qui
750 2657 864 2734 aptant
886 2652 987 2735 pelles
1003 2653 1087 2717 intra
1102 2651 1264 2717 ciuitatem
1280 2657 1340 2716 etc.
1360 2669 1444 2733 quae
1460 2650 1562 2716 omnia
1677 2717 1679 2750 ἶ

320 2755 504 2836 supradicta
525 2759 600 2821 sunt
622 2761 734 2822 contra
755 2756 954 2822 honestatem
969 2761 1003 2822 et
1017 2762 1128 2822 contra
1143 2757 1243 2823 bonos
1259 2775 1364 2822 mores
1380 2755 1561 2838 appendere
1677 2751 1679 2820 i

320 2866 354 2927 et
376 2861 495 2926 siccare
517 2862 619 2943 pelles
642 2861 675 2926 in
698 2862 887 2943 supradictis
903 2862 981 2929 locis
997 2861 1139 2944 publicis,
1163 2862 1217 2926 ubi
1232 2863 1379 2929 continuo
1395 2865 1562 2928 uersentur

317 2965 462 3032 homines
485 2971 550 3032 tam
578 2965 674 3052 ciues,
698 2985 794 3049 quam
829 2968 988 3046 aduense;
1020 2973 1054 3033 et
1084 2972 1195 3050 aptare
1225 2967 1321 3032 etiam
1350 2965 1453 3050 pelles
1480 2967 1563 3032 intra

319 3072 488 3138 ciuitatem.

363 3176 469 3256 Quare
491 3179 661 3262 petierunt,
685 3183 721 3242 ut
743 3177 811 3244 eius
834 3176 1066 3262 magnificentia
1088 3177 1256 3259 prouidere
1273 3177 1399 3263 debeat,
1423 3181 1460 3242 ut
1475 3176 1561 3243 dein-

319 3300 395 3365 ceps
418 3281 497 3348 haec
520 3282 689 3349 inhonesta
710 3287 744 3349 et
765 3283 871 3364 turpia
892 3301 956 3348 non
979 3280 1066 3346 fiant.

360 3389 464 3478 ¹Quam
481 3389 521 3455 ob
537 3407 604 3455 rem
618 3388 781 3472 praefatus
797 3388 981 3470 magnificus
997 3389 1141 3453 dominus
1159 3405 1263 3453 comes
1277 3386 1363 3452 iusta
1378 3391 1412 3453 et
1427 3385 1562 3452 honesta

318 3493 551 3576 praedictorum
581 3494 731 3560 nobilium
762 3493 914 3575 petitione
937 3491 1046 3558 audita
1069 3499 1103 3556 et
1121 3492 1324 3558 considerans
1346 3490 1416 3572 ipse
1438 3505 1561 3572 quoque
1678 3533 1679 3536 ,

318 3617 389 3664 esse
410 3598 610 3665 inhonestum
634 3605 666 3664 et
687 3605 791 3679 turpe,
814 3598 894 3664 baec
916 3599 947 3663 in
970 3597 1046 3662 locis
1062 3603 1128 3662 tarn
1143 3596 1277 3678 publicis
1298 3595 1415 3662 fieriet
1438 3595 1560 3670 uideri:

318 3704 548 3784 pronunciarit,
572 3703 796 3768 determinabit
811 3710 845 3768 et
857 3703 1068 3788 sententiauit,
1093 3704 1176 3785 quod
1191 3703 1323 3784 posthac
1338 3707 1440 3781 nemo,
1458 3701 1559 3766 cuius·
1677 3711 1679 3770 l

319 3826 452 3889 cumque
475 3792 663 3875 conditionis
685 3808 791 3887 fuerit,
816 3809 885 3875 siue
908 3811 1012 3888 cerdo,
1037 3811 1105 3875 siue
1134 3809 1213 3872 nlius
1236 3807 1364 3886 audeat,
1387 3825 1448 3871 nec
1471 3825 1561 3889 prae

322 3918 426 3978 sumat
449 3914 629 3997 appendere
653 3914 764 3997 pelles,
790 3931 847 3979 nec
871 3913 1052 3980 distendere
1067 3934 1087 3980 a
1101 3913 1181 3979 turri
1196 3911 1383 3996 Barbadica,
1408 3917 1560 3996 quaeest

319 4036 418 4100 prope
452 4019 660 4104 baschamam,
693 4037 793 4101 usqne
826 4019 866 4084 ad
896 4020 1073 4099 cisternam,
1107 4037 1208 4100 neque
1238 4018 1279 4083 sd
1308 4017 1436 4098 molum,
1461 4035 1560 4098 neque
1677 4055 1679 4104 t

320 4124 416 4189 etiarn
439 4122 509 4190 illas
531 4124 642 4190 lauare
665 4141 684 4188 e
699 4122 862 4206 praedicta
877 4124 958 4188 turri
972 4141 1074 4204 usque
1094 4124 1135 4188 ad
1151 4123 1295 4208 arsinale,
1320 4141 1425 4205 neque
1441 4141 1559 4205 pannos

321 4228 453 4296 alicuius
476 4231 580 4308 sortia,
605 4247 707 4310 neque
730 4229 809 4295 alias
831 4229 1053 4309 immunditias,
1078 4231 1147 4295 siue
1176 4228 1352 4310 spurcitias,
1377 4229 1438 4296 sub
1462 4246 1559 4310 poena

320 4332 536 4416 ipcrperorum
560 4334 668 4400 decem
692 4341 727 4400 et
758 4335 891 4416 perdere
914 4335 1031 4417 pelles3
1055 4339 1088 4400 et
1110 4345 1275 4400 accusator
1296 4332 1416 4402 habeat
1446 4333 1559 4401 medie·

320 4443 434 4517 tatem3
458 4439 589 4505 alteram
606 4439 809 4505 medietatem
827 4439 1035 4506 cummunitss
1051 4439 1170 4505 habere
1185 4439 1309 4505 debeat.
1334 4437 1378 4503 Et
1405 4439 1452 4504 ita
1467 4437 1557 4503 etiarn

320 4542 426 4608 nullus
450 4543 569 4609 audeat
591 4543 772 4621 extendere,
797 4562 855 4608 seu
878 4544 1259 4626 appendere'praedictas
1275 4543 1374 4626 pelles
1394 4549 1468 4625 post
1488 4559 1556 4623 por·

321 4651 387 4712 tum
410 4647 568 4714 Chanensi
590 4649 631 4713 ab
654 4667 716 4713 una
738 4648 818 4713 turri
840 4649 880 4713 ad
904 4649 1046 4728 alteram,
1070 4667 1129 4714 nec
1152 4649 1223 4714 illas
1247 4654 1358 4730 aptare
1374 4646 1407 4712 in
1422 4647 1555 4722 ciuitate,

320 4751 382 4818 nisi
402 4751 486 4819 forte
508 4753 593 4818 intus
618 4751 744 4819 domum
767 4753 847 4831 eius,
872 4753 929 4819 sed
944 4759 1056 4836 aptent
1069 4753 1155 4835 ipsas
1169 4753 1272 4836 pelles
1293 4759 1383 4818 extra
1399 4753 1553 4818 ciuitatem
