3376 5392
1288 463 1347 528 187

108 670 260 754 quoniam
282 670 326 738 nil
350 670 516 738 molestius
547 671 656 738 andim
693 687 868 756 possemus,
891 687 986 752 quem
1008 665 1093 752 quod
1119 667 1347 752 promissiones

103 783 238 844 nostrae
262 775 396 844 subditis
417 774 563 844 fidelibus
585 775 702 842 nostris
725 793 788 842 non
809 773 1029 842 obseruantur.

150 879 274 947 Datum
294 880 328 947 iu
349 885 458 949 nostro
482 879 585 948 duculi
606 880 726 964 palatio
749 879 799 950 die
821 877 932 946 ultimo
963 877 1095 962 Aprilis,
1125 876 1295 946 indictione
1317 897 1345 944 x.

103 983 280 1070 Mcceclxij.

315 1090 342 1157 A
364 1095 510 1176 tergo:

150 1193 320 1262 Nobilibus
335 1199 368 1262 et
383 1195 580 1280 sapientibus
595 1194 670 1262 viris
685 1193 849 1263 Dominico
864 1193 1056 1262 Mauroceno
1071 1193 1176 1262 comiti
1192 1191 1349 1262 Onrtulae

104 1306 142 1367 et
164 1299 399 1368 successoribus
421 1301 497 1366 suis.

540 1514 631 1557 xm·
653 1513 776 1558 nummo
799 1513 922 1558 ⁰011?ss

105 1593 142 1651 de
160 1594 350 1652 habitantibus
366 1593 558 1664 Lombardam,
590 1601 618 1650 et
635 1593 668 1650 de
686 1593 806 1665 damnis,
825 1609 895 1664 quaa
913 1593 1082 1663 inseruntur,
1105 1591 1278 1650 emendandis
1301 1607 1351 1665 per

358 1681 532 1753 propinquos,
549 1681 574 1737 si
591 1679 778 1738 damnificatur
795 1696 849 1737 non
868 1685 961 1752 posset
977 1679 1100 1752 reperiri.

152 1805 216 1872 Die
236 1808 323 1892 aeoip'.
346 1805 522 1873 Demeas
544 1804 713 1893 Moccolnij.
737 1805 800 1872 Sub
824 1807 926 1891 loppin
947 1807 1126 1872 communia.

152 1927 341 2014 Magnificus
371 1936 405 1997 et
432 1949 605 2014 generosus
636 1929 780 1996 dominus
809 1929 991 1996 Dominicus
1021 1929 1222 2007 Mauroceno,
1250 1927 1349 1994 hono·

106 2036 230 2101 raudus
254 2053 359 2103 comcs
381 2035 519 2102 ciuitatis
541 2033 705 2118 Curzulae,
729 2033 837 2100 audito
860 2035 1044 2116 grauamine
1066 2053 1126 2100 ser.
1150 2033 1265 2099 Marini
1288 2032 1349 2098 Ba·

105 2139 230 2218 which,
254 2157 314 2206 scr.
330 2139 427 2222 Blasij
444 2137 600 2222 Radetini,
616 2157 677 2205 sar.
695 2137 834 2205 Mathaei
850 2138 1008 2221 qnondam
1023 2137 1155 2220 Obradi,
1174 2157 1234 2204 ser.
1258 2137 1345 2204 Petri

106 2243 271 2326 quondam
295 2241 423 2321 Obradi,
448 2261 510 2310 ser.
534 2243 658 2310 Paridis
689 2244 848 2325 quondam
882 2261 944 2310 ser.
967 2243 1106 2328 Antonij,
1131 2262 1193 2309 ser.
1216 2243 1349 2316 Joannis

106 2349 275 2434 Zugotich
299 2365 360 2415 ser.
382 2349 469 2414 Petri
490 2347 598 2414 iratris
614 2347 775 2431 Stephani,
792 2367 850 2414 sen.
868 2348 989 2415 Nicolai
1004 2348 1153 2428 Pocossa,
1170 2365 1232 2414 ser.
1248 2342 1349 2412 Marci

109 2453 326 2538 Goriglauich
351 2473 412 2520 ser.
428 2452 577 2520 Joaunini
593 2453 779 2537 Dragacich
802 2472 864 2520 sar.
887 2452 1014 2536 hntonij
1034 2451 1192 2535 Cbostich,
1215 2471 1277 2520 ser.
1293 2450 1349 2518 Ni-

108 2559 193 2626 colai
215 2558 334 2637 Jnrinb,
357 2575 418 2624 aar.
441 2558 601 2624 Francisei
625 2559 665 2624 de
688 2557 816 2625 'l'oncho
839 2564 873 2624 st
894 2557 1032 2640 plurium
1055 2575 1262 2640 personarum
1284 2561 1349 2622 tam

108 2662 273 2743 nobilium,
297 2679 392 2744 quam
415 2661 614 2744 popularium
638 2680 674 2728 se
696 2662 903 2729 uehementer
925 2664 1127 2746 grauautium
1149 2661 1189 2728 de
1204 2661 1349 2728 habitan-

110 2767 199 2834 tibus
221 2767 444 2846 Lombardam,
467 2767 615 2848 quoniam
644 2767 684 2833 ab
715 2767 761 2834 eis
783 2765 998 2834 inferebantur
1027 2765 1127 2832 multa
1156 2767 1270 2834 damna
1300 2783 1350 2832 se-

111 2871 189 2938 dulo
211 2871 244 2937 iu
266 2871 366 2938 vinus
389 2877 422 2938 et
443 2871 545 2938 hortis
569 2877 603 2937 et
624 2873 764 2954 trappis;
798 2889 931 2954 quorum
955 2871 1136 2938 danmorum
1170 2867 1350 2936 damnifica·

4 3045 5 3050 ,
111 2981 201 3042 tores
223 2993 283 3043 naa
302 2975 446 3058 reperiri,
471 2993 529 3043 nec
551 2976 623 3042 sciri
645 2994 782 3058 unquam
813 2982 947 3059 possunt
973 2986 1007 3043 at
1027 2975 1202 3058 petentium
1231 2974 1349 3057 pluries

110 3085 145 3147 et
171 3079 293 3163 pluries
326 3087 359 3146 et
390 3097 461 3146 cum
492 3081 643 3147 instantia
674 3081 839 3148 occasione
870 3079 1035 3163 praedicta
1065 3080 1106 3146 ad
1137 3079 1349 3162 praesentiam

110 3183 270 3266 magnifici
292 3185 391 3268 ipsius
414 3185 532 3250 domiui
554 3185 677 3252 comitis
699 3185 808 3252 uenire
830 3191 863 3252 et
885 3184 1031 3267 compelli
1054 3183 1172 3251 debere
1188 3183 1230 3248 ad
1245 3201 1349 3249 amen·

110 3289 273 3356 dabam
305 3290 460 3356 dictorum
492 3290 676 3356 damnorum
699 3296 732 3357 ot
755 3291 855 3358 teneri
887 3291 928 3356 ad
960 3290 1150 3356 solutionem
1182 3288 1348 3367 dictorum,

109 3394 165 3460 uei
189 3395 390 3462 addendum
423 3393 677 3462 damnificatores
709 3412 767 3482 pro
799 3395 892 3460 dictis
925 3395 1047 3461 damnis
1078 3393 1192 3472 illatio,
1227 3393 1253 3457 si
1276 3391 1352 3458 dieti

108 3503 261 3574 homines
276 3500 445 3568 intendunt
460 3499 671 3566 Lombardam
689 3499 842 3582 habitare,
859 3500 1006 3582 quoniam
1022 3500 1141 3566 uirtute
1160 3501 1351 3564 statutorum

108 3607 269 3677 Gurmlae
291 3607 323 3672 in
345 3623 428 3672 nouo
452 3605 610 3672 volumine
641 3605 681 3669 ad
705 3603 831 3670 chartas
854 3606 906 3688 xij.
930 3604 1037 3671 nullus
1069 3622 1139 3670 cum
1167 3601 1287 3668 familia
1319 3605 1352 3668 et

108 3712 243 3779 masinis
273 3709 482 3778 Lombardam
515 3709 658 3776 habitare
690 3715 802 3790 queat:
842 3715 875 3776 et
908 3709 1017 3776 audita
1047 3709 1253 3792 responsione
1285 3724 1346 3774 ser.

109 3815 268 3884 Matthaei
290 3821 323 3882 eb
344 3815 413 3881 Poli
436 3813 669 3894 sununouich
688 3814 795 3880 Luxae
818 3814 988 3893 Missulich„
1010 3813 1141 3880 Mladini
1163 3817 1196 3877 et
1211 3811 1349 3878 omnium

109 3920 323 3990 Lombardam
346 3920 557 3986 habitantium
579 3918 795 4002 praesentium
818 3926 852 3986 et
874 3919 915 3985 ad
936 3917 1138 4002 infrascripta
1154 3917 1348 3986 consentium

110 4033 146 4094 et
168 4025 353 4105 dicentium,
383 4043 446 4092 non
470 4043 541 4092 esse
563 4023 603 4090 de
632 4041 741 4091 eorum
771 4042 939 4104 consensu,
971 4025 1054 4107 quod
1077 4025 1104 4090 si
1125 4022 1242 4094 damna
1263 4019 1349 4105 fiant,

110 4129 336 4208 emendentur3
360 4137 392 4196 et
414 4130 500 4212 quod
523 4130 551 4196 si
567 4127 820 4196 damnificatores
840 4129 973 4212 reperiri
987 4133 1157 4210 nequeunt,
1180 4125 1263 4210 quod
1278 4143 1349 4208 pro·

109 4236 222 4321 pinqui
243 4251 282 4300 ex
303 4235 381 4318 ipsis
403 4233 616 4302 Lombardam
639 4233 856 4301 habitantibus
879 4234 942 4301 sint
963 4233 1018 4314 illi,
1042 4233 1095 4316 qui
1118 4230 1288 4298 emandare
1302 4233 1349 4296 te-

111 4344 250 4408 neantur
273 4339 358 4406 dicta
380 4339 504 4420 damna,
528 4339 579 4407 uel
605 4339 682 4406 dare
714 4337 984 4406 damnificatores:
1018 4335 1233 4414 sustentauit,
1266 4333 1351 4417 quod

111 4447 139 4514 si
162 4445 278 4512 amodo
301 4445 333 4509 in
356 4449 449 4512 antea
470 4443 561 4509 iliata
582 4443 701 4510 inerint
732 4443 839 4525 aliqua
871 4443 987 4508 damna
1008 4442 1041 4507 iu
1064 4439 1171 4521 uncis,
1195 4439 1296 4506 hortis
1318 4445 1352 4506 at

111 4551 236 4636 trappis
259 4555 292 4616 et
314 4550 347 4614 in
369 4547 523 4614 fructibus
552 4547 701 4616 arborum
732 4548 953 4630 cuiuscumque
985 4547 1080 4613 sortis
1103 4551 1136 4614 et
1157 4545 1296 4612 oleribus
1318 4549 1352 4612 et

111 4656 233 4736 herbis,
257 4673 391 4738 quanam
415 4652 668 4720 damnificatoros
690 4653 823 4737 reperiri
841 4671 903 4719 uon
922 4657 1061 4735 possent,
1084 4651 1168 4736 quod
1184 4650 1351 4734 propinqui

113 4781 150 4830 ex
172 4760 268 4829 dictis
289 4759 501 4829 Lombardam
515 4757 731 4828 habitantibus
754 4758 852 4843 (quod
866 4758 1047 4844 propinqui)
1072 4759 1134 4825 sint
1152 4757 1207 4838 illi,
1231 4755 1284 4838 qui
1301 4761 1348 4822 te·
