3434 5368
504 617 571 661 OAP·
593 617 636 659 Π.
659 617 703 660 nl
724 611 947 662 mmctrrottn
969 615 1135 661 nouom.

240 736 321 800 Item
345 734 532 818 statuimus,
567 733 652 816 qnod
675 733 701 799 si
725 733 839 815 aliquis
860 732 1081 800 hedificauerit
1103 734 1230 800 domum
1253 734 1287 800 in
1310 735 1438 802 ciuitate

196 857 268 904 cum
289 838 420 921 calcina,
444 838 471 904 si
493 837 569 902 data
590 837 690 904 luerit
712 837 771 904 sibi
795 837 880 904 dicta
902 838 1015 904 domus
1042 857 1101 920 per
1116 857 1168 904 me
1187 839 1336 905 comitem
1351 838 1440 905 Mar-

197 941 302 1008 silium
325 941 377 1008 uel
400 960 457 1024 per
479 959 583 1010 mcum
607 941 833 1015 uicecomitem,
857 941 899 1007 sit
922 960 990 1022 sua,
1014 947 1049 1008 et
1071 941 1097 1008 si
1121 947 1209 1008 tenet
1228 961 1298 1008 eam
1314 943 1346 1007 in
1362 960 1440 1024 pace

197 1063 259 1112 vno
283 1063 376 1124 annu,
400 1045 490 1111 saluo
513 1044 540 1110 si
562 1043 618 1109 illa
642 1061 705 1109 non
728 1043 808 1109 est
799 1063 831 1108 m
852 1045 1011 1110 ciuitat'e
1003 1064 1036 1110 m
1058 1045 1113 1110 illo
1136 1063 1217 1112 anno
1240 1045 1280 1111 ad
1296 1045 1439 1111 habitan-

198 1149 304 1214 dum'
296 1169 326 1214 m
350 1167 407 1230 ea,
444 1149 526 1214 sicut
548 1147 600 1214 alii
624 1146 711 1212 ciues
740 1146 876 1232 faciunt,
911 1148 964 1274 qui
993 1147 1192 1214 habitantia
1215 1149 1361 1228 ciuitate,
1396 1149 1439 1214 sit

198 1253 322 1318 amissa

541 1360 545 1369 1
615 1395 682 1438 ΟΑΡ.
706 1396 736 1438 V.
759 1397 801 1438 DE
823 1397 1027 1440 bernowinus.

242 1512 322 1576 ltem
346 1511 523 1589 statuimus
547 1511 633 1592 quod
655 1510 845 1593 quicumque
867 1512 991 1582 iuratis
1010 1510 1117 1590 fuerit,
1152 1512 1234 1578 sicut
1255 1519 1306 1578 est
1328 1513 1360 1576 in
1382 1512 1436 1577 illo

200 1615 349 1692 statuto‚²
383 1614 474 1680 saluo
498 1615 583 1695 quod
611 1615 717 1681 soluat
738 1635 797 1697 pro
820 1635 882 1683 vno
917 1617 1027 1682 decem
1050 1617 1091 1683 de
1113 1618 1220 1700 paritis
1254 1613 1439 1682 animalibus

199 1725 233 1784 et
255 1719 295 1783 de
316 1718 439 1802 magnis
462 1718 650 1810 animalibus
673 1719 713 1784 de
737 1739 798 1785 vna
820 1719 968 1801 quinque,
993 1726 1027 1785 et
1042 1721 1095 1786 ille
1112 1721 1161 1785 cni
1176 1719 1295 1784 furtum
1321 1718 1440 1783 factum

199 1822 304 1897 fuerit,
329 1823 449 1888 habeat
471 1841 563 1887 suum
587 1823 723 1904 capitale
738 1827 771 1888 et
787 1823 850 1888 alia
864 1823 1047 1889 diuidantur
1062 1842 1120 1906 per
1137 1824 1284 1902 medium,
1309 1839 1442 1903 quorum

199 1926 356 1990 medietas
380 1925 423 1990 sit
444 1927 629 2004 communis,
656 1931 689 1992 et
712 1925 775 1992 alia
798 1926 884 1992 illius
906 1927 972 1992 cui
995 1926 1115 1993 iactum
1138 1933 1187 1994 est
1209 1925 1337 2004 furtum,
1359 1930 1393 1990 et
1415 1923 1443 1990 si

200 2030 262 2112 ille,
287 2030 337 2095 cui
360 2029 478 2096 lactum
512 2029 608 2095 inerit
630 2029 767 2108 furtum,
801 2030 1044 2097 concordauerit
1077 2049 1148 2095 cum
1177 2031 1302 2096 latrone
1334 2027 1440 2108 aliquo

200 2132 295 2198 modu
319 2133 402 2198 uel
393 2134 535 2216 mgeniu,
570 2133 683 2214 perdat
705 2151 798 2198 omne
819 2133 869 2198 ius
893 2153 984 2198 suum
1012 2141 1078 2200 tam
1104 2134 1144 2201 de
1167 2133 1313 2217 capitali,
1347 2149 1441 2213 quam

200 2236 241 2302 dc
263 2252 354 2316 pena,
379 2235 406 2300 si
429 2234 598 2316 probatum
628 2233 726 2300 fuerit
759 2253 817 2316 per
840 2237 940 2302 bonos
963 2240 1082 2316 testas,
1115 2237 1168 2302 uel
1192 2254 1249 2318 per
1282 2234 1440 2317 publicam

198 2335 359 2405 famam⁹
381 2336 477 2404 luerit
499 2335 714 2403 manifestum.

554 2546 621 2591 OAP·
645 2548 688 2590 VI·
711 2548 753 2590 ml
775 2549 888 2591 mats
910 2548 1089 2595 Immonis.

242 2665 325 2730 Item
349 2665 525 2730 statuimus.
550 2663 636 2746 quod
658 2665 847 2745 quicumque
870 2665 987 2730 dixerit
1008 2665 1061 2730 uel
1084 2663 1196 2730 fecerit
1218 2665 1324 2748 aliqua
1345 2666 1441 2732 uerba

200 2766 352 2832 iniuriosa
384 2766 542 2832 iudicibus
575 2766 627 2831 uel
662 2765 850 2832 consiliariis
884 2767 936 2832 uel
969 2767 1228 2834 ministerialibus
1262 2769 1315 2836 uel
1347 2768 1441 2834 alicui

199 2870 322 2950 nuncio,
346 2887 440 2951 quem
463 2888 567 2937 comes
582 2869 635 2935 uel
649 2869 825 2936 uicecomes
845 2870 996 2950 mitteret
1020 2871 1133 2953 perdat
1148 2889 1323 2954 yperperos
1346 2873 1367 2954 ij
1386 2875 1439 2955 qui

201 2974 311 3041 uenire
342 2973 479 3040 debcant
512 2973 552 3040 ad
586 2973 778 3054 commune,⁸
812 2979 846 3039 et
868 2973 894 3040 si
918 2973 1124 3056 suprascripti
1155 2977 1385 3042 concordarent
1406 2994 1442 3042 sc

201 3077 242 3144 ad
266 3077 399 3142 inuicem
431 3077 472 3156 ad
494 3077 554 3142 boc
575 3083 609 3142 vt
632 3095 796 3144 commune
828 3084 940 3160 posset
962 3097 1020 3144 sua
1042 3078 1146 3144 banna
1176 3077 1361 3158 admittere,
1396 3079 1442 3144 sic

202 3181 373 3248 admittere
396 3180 512 3246 debeat
534 3199 709 3262 yperperos
732 3181 764 3263 ij,
789 3181 843 3263 qui
866 3181 974 3248 venire
996 3181 1134 3246 debeant
1149 3181 1181 3246 in
1197 3172 1361 3248 commune
1383 3200 1440 3264 pro

201 3284 352 3365 quolibet.

436 3447 502 3489 OAP.
527 3446 582 3486 vn.
606 3447 648 3488 DE
670 3445 884 3507 UASTANTIssUS
908 3445 1041 3489 sumtis
1065 3425 1207 3490 omncs*

245 3563 326 3629 Item
349 3563 517 3629 statuimus
541 3566 574 3628 et
597 3561 794 3641 ordinamus,
829 3562 913 3643 quod
936 3560 963 3628 si
986 3561 1101 3643 aliquis
1134 3561 1352 3630 deuastauerit
1386 3565 1443 3630 uli·

201 3685 295 3748 quam
318 3666 454 3746 uincam,
478 3671 511 3730 et
532 3667 681 3732 inuentus
703 3664 801 3731 fuerit
822 3665 885 3743 ille,
921 3665 974 3747 qui
997 3665 1180 3731 deuastauit
1200 3667 1253 3733 uel
1279 3665 1442 3734 confessus

200 3770 253 3834 uel
276 3770 444 3852 probatum
478 3787 537 3851 per·
559 3769 682 3851 aliquos
715 3771 815 3835 bonos
846 3773 880 3834 et
900 3769 1044 3855 ydoneos
1080 3775 1196 3857 testes,
1232 3771 1338 3837 soluat
1365 3769 1442 3838 illud

201 3874 348 3940 damnum
372 3880 405 3939 ot
426 3891 599 3956 yperperos
622 3893 656 3953 x3
681 3878 715 3939 et
736 3874 763 3938 si
786 3872 848 3953 ille,
872 3874 923 3938 cni
946 3873 1114 3940 deuastata
1136 3872 1232 3941 fucrit
1254 3875 1348 3942 uinea
1369 3893 1442 3942 oon-

201 3977 345 4044 cordabit
375 3995 443 4042 cum
468 3976 689 4057 malefactore,
721 3977 838 4059 perdat
865 3995 958 4043 omne
980 3977 1030 4043 ius
1060 3995 1151 4043 suum
1173 3984 1206 4045 et
1227 3979 1351 4060 banna,
1381 3998 1442 4061 que

201 4081 305 4147 ornnia
328 4081 498 4147 deueniant
521 4081 551 4143 in
576 4097 757 4156 commuue;
780 4086 813 4144 et
836 4080 863 4144 si
886 4099 949 4146 non
972 4081 1184 4160 concordabit
1210 4081 1328 4148 habeat
1350 4085 1442 4148 satis·
1510 4155 1519 4166 ,

200 4183 373 4250 iacciouem
396 4185 444 4250 sui
469 4185 574 4250 damni
599 4189 632 4249 et
654 4184 858 4250 medietatem
882 4185 978 4250 banni
1001 4189 1034 4252 et
1049 4185 1113 4252 alia
1127 4186 1286 4253 medietas
1304 4188 1345 4253 sit
1361 4206 1446 4254 com·

252 4375 261 4410 ¹
279 4378 321 4439 Cf.
338 4395 425 4452 supra
441 4395 502 4453 cap.
519 4377 569 4438 VI.
587 4378 615 4437 et
630 4378 737 4438 Statuti
753 4395 815 4454 cap.
832 4379 895 4438 XII.
913 4395 976 4453 sqq.
1003 4371 1005 4374 ’

247 4459 423 4540 'Dcostam
441 4463 828 4541 tjutitctflormayr.

247 4548 330 4626 ³Ap.
348 4552 545 4628 Hormayr:
566 4545 752 4630 „Comitem“.

251 4634 261 4671 ⁴
278 4637 319 4700 (li.
337 4655 398 4715 cap.
415 4639 489 4698 LXI.
507 4639 622 4699 statuti.
