3422 5364
347 435 410 500 tta

616 665 683 711 oar.
706 665 797 710 κω.
819 666 861 709 nn
882 664 1062 711 sacomam
1083 667 1123 709 an
1145 643 1301 712 nodarat

385 779 553 848 Miliesimo
581 781 750 864 ccclxxxiii.
778 781 830 848 die
860 783 958 866 xxvij·
988 785 1180 858 nouembris‚
1214 784 1248 848 in
1279 781 1411 850 eonsiho
1446 781 1582 850 habente
1697 755 1699 822 ἕ

343 884 469 966 plenam
490 884 671 953 hhertatem
694 891 821 970 captum
844 885 913 970 tuit,
937 888 1024 968 quod
1039 888 1172 970 quilibet
1186 893 1289 972 possit
1303 893 1336 953 et
1351 887 1461 954 ualeat
1475 905 1578 954 emma

343 989 493 1055 animaha
521 1007 721 1072 quecumque
749 995 840 1058 extra
873 991 1052 1058 districtum
1076 991 1199 1074 Spalati
1221 998 1255 1057 et
1278 991 1449 1059 extrahere
1471 992 1514 1058 ad
1535 993 1580 1058 sni
1697 1019 1699 1078 ς

341 1093 471 1178 licitum,
503 1093 690 1160 dimittendo
719 1099 753 1160 et
782 1093 1002 1164 interficiendo
1032 1097 1074 1162 ad
1108 1097 1308 1165 becchariam
1332 1093 1458 1179 Spalah'
1488 1117 1510 1162 x
1530 1115 1583 1178 pro

343 1205 471 1264 centnm
493 1203 527 1265 et
549 1197 590 1265 de
611 1199 657 1265 eis
679 1199 837 1268 donanam
860 1201 1014 1268 soluendo
1037 1202 1083 1266 ita
1104 1207 1225 1280 tamam
1255 1201 1342 1284 quod
1364 1219 1437 1267 cum
1459 1219 1501 1268 ea
1522 1201 1584 1267 ani·

342 1301 437 1369 maha
459 1301 645 1370 conduxerit
666 1303 699 1368 in
718 1303 895 1372 districtum
918 1303 1051 1388 Spalati,
1075 1305 1258 1373 immediate
1290 1311 1443 1372 teneatur
1473 1309 1509 1372 et
1530 1304 1583 1371 de-

343 1407 422 1475 beat
442 1405 608 1474 notificare
630 1408 775 1492 regimini
797 1415 831 1476 et
852 1409 948 1478 scribi
965 1409 1073 1476 iacere
1091 1410 1302 1492 quantitatem
1319 1411 1519 1478 conductam.
1542 1409 1586 1476 Et
1698 1439 1699 1486 ᾗ

340 1511 452 1580 codem
473 1513 576 1592 modo,
601 1512 726 1594 qnando
749 1513 916 1581 extrahere
938 1514 1086 1596 uoluerit,
1116 1533 1158 1581 ne
1188 1513 1277 1580 fraus
1307 1514 1418 1597 aliqua
1440 1514 1584 1581 commit·
1698 1563 1699 1566 ,

343 1620 432 1683 tatur
453 1623 487 1683 et
508 1616 568 1684 hoe
589 1617 649 1684 suh
671 1635 755 1700 pena
776 1618 928 1686 librarum
951 1637 1011 1684 rav
1032 1637 1092 1702 pro
1114 1619 1258 1701 qualibet
1278 1620 1359 1702 uice,
1388 1619 1480 1686 cuius
1501 1635 1584 1701 pene

343 1721 500 1787 medietas
522 1721 565 1788 sit
586 1723 799 1801 accusatoris3
822 1728 857 1789 et
877 1722 938 1805 hee
952 1723 1174 1807 intelligantur
1189 1730 1255 1790 tam
1270 1725 1311 1791 de
1327 1723 1465 1806 ciuibus,
1488 1740 1585 1804 qnam
1697 1761 1699 1766 ·

344 1823 534 1892 forensibus.
1675 1871 1678 1874 .

387 1928 478 2010 Item,
508 1931 593 2011 quod
616 1929 772 2016 animalia,
801 1948 863 2014 que
894 1937 1042 1998 emuntur
1062 1931 1096 1996 in
1118 1931 1249 1999 ciuitate
1271 1937 1305 1998 et
1327 1931 1477 1997 districta
1500 1929 1583 2014 Spa·
1698 1935 1699 1960 ³

345 2033 403 2100 lati
424 2033 512 2100 nullo
533 2035 629 2102 modo
651 2035 773 2104 extrahi
795 2042 938 2120 possunt,
961 2053 1021 2102 nec
1041 2034 1272 2103 interficiantur
1289 2036 1331 2102 ad
1346 2035 1541 2102 hechariam.

388 2137 481 2218 Item,
504 2139 590 2222 quod
612 2139 777 2223 denanarij
801 2145 834 2208 et
848 2140 1009 2224 beccharij
1026 2141 1186 2219 animalia,
1210 2141 1335 2223 quaeis
1352 2147 1514 2208 restarent
1528 2157 1586 2206 seu

343 2248 548 2324 superessent
569 2243 611 2310 ad
633 2245 736 2310 carnis
756 2245 901 2329 priuium,
925 2263 989 2313 non
1012 2246 1135 2329 possint
1156 2263 1288 2328 pascere
1310 2245 1342 2310 iu
1364 2262 1477 2328 campo
1500 2243 1587 2326 Spa·

341 2345 399 2414 luti
421 2364 522 2430 usque
545 2347 752 2431 Zarnouieam
782 2367 840 2431 per
867 2355 970 2417 totum
990 2355 1115 2432 tempus
1145 2347 1203 2428 xit,
1232 2349 1291 2416 sub
1313 2366 1399 2431 pena
1420 2348 1585 2416 soldorum

341 2451 398 2516 ah·
418 2469 589 2536 paruarum
611 2471 669 2535 pro
692 2454 835 2535 qnohhet
856 2453 993 2539 animali,
1025 2455 1114 2520 cuius
1136 2471 1220 2536 pene
1250 2453 1406 2520 medietas
1428 2452 1472 2519 sit
1492 2469 1584 2520 accu-

345 2557 470 2626 satoris.
494 2556 539 2623 Et
561 2559 589 2624 si
611 2564 685 2641 post
705 2576 802 2642 pasca
824 2557 1012 2626 reducerent
1041 2558 1185 2641 predicta
1211 2559 1360 2624 animalia
1381 2557 1415 2622 in
1436 2558 1584 2624 distridu

345 2658 478 2746 Spalati,
501 2667 673 2729 teneantur
695 2667 728 2728 et
750 2662 888 2730 debeant
909 2681 950 2730 ea
972 2661 1151 2731 interficere
1173 2662 1215 2729 ad
1236 2661 1420 2730 bachaniam
1438 2663 1481 2728 ad
1495 2658 1586 2728 suifi-

345 2765 502 2847 oientiam,
525 2765 627 2834 donec
649 2767 842 2834 durauerint

385 2871 463 2939 Die¹
491 2871 573 2938 xxix.
603 2871 786 2939 nouemhris
816 2873 848 2938 in
877 2871 1021 2956 generali
1050 2871 1183 2940 consilio
1218 2877 1347 2955 captum
1368 2875 1421 2936 est
1443 2869 1584 2936 uendere

344 2975 502 3045 douanam
525 2994 596 3044 corn
619 2976 844 3060 suprascriptis
865 2977 968 3062 pactis
984 2984 1017 3045 et
1036 2977 1107 3060 alijs
1122 2976 1233 3062 solitis,
1256 2975 1306 3043 his
1321 2992 1385 3042 non
1401 2973 1583 3058 contrariis.

762 3189 830 3236 oar.
854 3190 931 3234 xxx.
954 3191 997 3235 nn
1018 3166 1152 3234 noum

384 3305 551 3374 htillesirno
574 3305 752 3390 ccclxxxiiij.
778 3306 829 3376 die
856 3307 950 3392 xxvij.
979 3307 1161 3376 nouemhris
1184 3313 1310 3390 captum
1340 3304 1402 3371 init
1431 3304 1583 3383 amodo,

342 3411 428 3494 qnod
450 3429 559 3479 omnes
580 3410 739 3494 bacchandi
764 3417 798 3480 et
819 3413 995 3480 uendentes
1011 3430 1123 3479 carnes
1138 3431 1158 3478 a
1172 3411 1326 3495 paschate
1341 3427 1444 3492 usque
1460 3409 1582 3477 festum

342 3521 454 3598 sancte
476 3515 581 3598 Marie
605 3515 644 3584 de
666 3535 775 3584 mense
790 3515 926 3600 Augusti
941 3534 1004 3582 non
1021 3517 1169 3592 audeant,
1192 3515 1316 3600 possint
1331 3521 1428 3596 atque
1443 3515 1585 3582 debeant

338 3620 479 3688 uendere
508 3625 655 3704 capretos
685 3639 744 3688 seu
774 3621 853 3702 edos
886 3639 986 3705 agnos
1019 3621 1061 3687 ad
1093 3620 1227 3704 oculum,
1262 3619 1383 3687 scilicet
1412 3619 1497 3703 qnod
1529 3618 1587 3702 qui

340 3726 480 3794 uendere
503 3725 650 3812 uoluerit,
675 3725 796 3794 uendat
818 3726 859 3793 ad
881 3725 1005 3809 pondus
1029 3743 1087 3809 pro
1110 3725 1200 3793 soldo
1226 3741 1290 3792 uno
1314 3725 1443 3805 libram,
1475 3721 1587 3806 etqui

343 3829 573 3914 contrafecerit,
596 3831 702 3898 soluat
723 3831 861 3898 bannum
885 3831 1022 3899 sohtnm.

385 3935 476 4016 Item,
507 3935 592 4019 quod
615 3953 724 4005 omnes
754 3955 876 4022 carnes,
911 3954 974 4020 que
1003 3937 1185 4004 nenduntnr
1215 3935 1256 4002 ad
1287 3933 1468 4002 becharium
1497 3932 1587 3998 ultra

343 4041 576 4124 suprascriptas
598 4059 711 4108 carnes
734 4041 855 4126 edinas,
888 4041 1020 4126 agninas
1044 4046 1079 4108 et
1106 4039 1252 4120 honines,
1284 4039 1324 4106 de
1348 4039 1462 4122 quihus
1483 4055 1585 4120 supra

342 4143 523 4212 ordinatum
544 4151 603 4230 est,
627 4146 760 4230 possint,
783 4147 922 4215 debeant
944 4151 978 4214 et
1000 4145 1130 4212 ualeant
1152 4144 1318 4226 denanarij
1341 4147 1374 4210 et
1395 4140 1538 4224 becharij
1563 4159 1586 4206 a
1698 4163 1699 4204 1

340 4247 428 4317 festo
460 4250 629 4334 epiphanie
659 4253 801 4336 proxime
831 4249 939 4318 tuturo
970 4268 1072 4334 usque
1103 4268 1161 4334 per
1194 4254 1296 4316 tetum
1317 4264 1461 4314 mensem
1484 4244 1585 4327 madij

341 4355 484 4439 proxime
506 4353 607 4424 futuri
629 4357 771 4424 uendere
793 4355 968 4440 quamhhet
982 4355 1096 4422 libram
1113 4353 1270 4421 dictarum
1285 4353 1424 4420 carnium
1441 4348 1586 4416 senius·

389 4549 470 4615 ¹Sic
492 4551 572 4614 cod
595 4551 728 4614 Ohiud.
759 4552 794 4611 In
815 4550 895 4613 cod.
925 4549 1032 4611 acad.
1055 4547 1082 4609 Α
1104 4551 1135 4609 et
1155 4547 1181 4607 B
1203 4547 1286 4609 deest
1313 4544 1465 4621 inscriptio
1495 4542 1588 4620 hujus

343 4641 474 4718 capituli.
588 4633 601 4674 ²
633 4640 667 4700 In
697 4639 776 4700 eod.
811 4637 944 4700 Ghiud.
974 4637 1022 4697 hic
1051 4636 1116 4714 jam
1148 4635 1214 4696 loeo
1249 4650 1313 4711 cap.
1345 4632 1439 4694 XXX.
1469 4630 1585 4708 incipit.

347 4724 359 4763 ⁸
380 4727 536 4806 Inscriptio
559 4725 632 4789 haec
654 4727 737 4788 deest
758 4731 788 4786 in
810 4725 889 4788 cod.
910 4725 1016 4787 acad.
1039 4723 1067 4784 A
1089 4727 1119 4785 ct
1140 4721 1174 4783 B.
