3434 5368
22 863 26 910 ’

1333 415 1373 477 29

410 642 477 686 MP.
501 641 546 684 11.
570 643 612 684 DE
634 641 794 686 tumemus
818 641 1089 686 UEBBEBAMIBUS.

171 739 254 806 item
276 745 432 806 statutum
456 747 489 806 et
511 741 691 806 ordinatum
715 747 774 820 est,
805 742 890 822 qrrod
913 743 939 808 si
963 741 1033 824 quis
1056 739 1194 807 iudicum
1217 741 1372 807 meierum

124 844 350 911 uerberauerit
373 843 512 926 aliquam
530 861 698 925 personam
715 843 956 926 quomodolibet
971 845 1010 910 de
1025 863 1128 924 menn,
1154 863 1252 926 mace,
1277 843 1372 922 terro,

123 952 231 1028 spata,
257 946 395 1026 cultello,
419 947 472 1012 uel
496 946 710 1032 scepiiauerit,
733 945 786 1012 nel
810 947 871 1012 alio
895 963 1082 1030 quocunqne
1101 947 1196 1015 modo
1223 947 1375 1014 iniuriose

122 1051 332 1132 percusserit,
348 1049 499 1132 puniatur
512 1051 546 1116 in
561 1047 693 1132 duplum
708 1049 852 1134 (iilius)
876 1069 968 1134 pene,
993 1067 1070 1132 que
1092 1051 1259 1132 puniretur
1274 1069 1367 1116 unus·

122 1153 281 1235 quisque¹
303 1153 385 1218 alius
407 1171 465 1236 per
487 1157 611 1219 statuta
632 1153 855 1235 suprascripta,
890 1153 981 1220 cuius
1004 1171 1085 1236 pene
1108 1159 1276 1222 accusator
1297 1173 1370 1238 per·

123 1273 242 1323 cussus
272 1255 392 1322 habeat
425 1261 571 1338 quodum
605 1261 748 1338 partem,
782 1261 817 1322 et
839 1273 1004 1323 commone
1033 1263 1100 1324 tres
1122 1262 1247 1340 panes,
1282 1257 1372 1323 seluo

123 1377 255 1442 semper
269 1375 422 1442 percusso
440 1359 510 1426 iure
533 1377 600 1441 suo,
623 1359 765 1441 membri,
789 1359 929 1442 dampni,
953 1359 1191 1440 medicinarum,
1214 1361 1370 1444 perdicio·

122 1459 178 1528 nis
200 1463 361 1544 temperis,
386 1467 483 1545 prout
504 1461 536 1527 in
559 1465 680 1528 statute
702 1463 850 1544 superius
873 1463 1061 1530 continetur.

529 1640 597 1686 ΟΔΡ·
620 1641 678 1684 111.
702 1641 744 1684 DE
765 1641 972 1684 usnemun.

171 1739 252 1805 ltem
276 1743 432 1805 statutum
455 1743 489 1804 et
511 1737 691 1805 ordinatum
714 1743 779 1816 est,
814 1737 898 1820 quod
922 1739 1101 1820 quicunque
1124 1737 1249 1806 iuratus
1279 1737 1375 1806 fuerit

122 1841 269 1923 aliquam
290 1841 428 1908 bestiam
451 1842 613 1924 minutam,
645 1839 698 1906 uel
721 1839 860 1923 aliquam
884 1841 1012 1908 domum
1035 1842 1151 1927 apium,
1183 1842 1251 1908 siue
1274 1841 1373 1908 ulis·

120 1944 278 2028 chiam,
301 1945 407 2012 solunt
429 1962 587 2026 yperpera
609 1944 732 2027 uiginti,
756 1962 890 2025 quorum
905 1945 1061 2011 medietas
1082 1945 1125 2011 sit
1148 1945 1371 2012 communiret

123 2049 192 2115 aiis
213 2049 370 2116 medietas
394 2047 558 2113 diuidatur
580 2063 637 2129 per
658 2047 798 2113 medium
814 2051 900 2114 inter
915 2054 1083 2130 patronem
1098 2053 1133 2113 et
1151 2047 1371 2129 gastaidiones

122 2157 331 2231 sementem
367 2151 393 2218 si
415 2150 487 2233 quis
509 2169 588 2217 uero
609 2149 735 2216 iuratus
769 2147 867 2217 inerit
888 2170 1020 2233 equum,
1055 2151 1195 2228 asinum,
1229 2168 1371 2236 porcum,

124 2255 237 2324 soluat
258 2254 472 2338 quadruplum
495 2259 529 2321 et
548 2271 675 2336 semper
704 2254 787 2320 latro
810 2255 929 2320 stetin
951 2255 1130 2321 mnne·
1153 2254 1265 2320 diebus
1289 2259 1371 2333 octo,

124 2366 163 2427 et
185 2365 310 2425 tantum
331 2357 414 2442 pius,
439 2363 593 2440 quantum
615 2357 777 2424 distulerit
792 2357 918 2424 soluere
934 2357 1258 2442 pommeranicum
1282 2357 1371 2424 cuius

122 2481 209 2546 pene
239 2463 342 2546 primo
372 2461 560 2528 extrahatur
591 2460 726 2544 capitale
749 2467 782 2530 et
804 2463 964 2529 residuum
997 2462 1160 2530 diuidetnr
1181 2463 1214 2527 in
1236 2468 1373 2544 quatuor

122 2573 248 2650 partes,
271 2565 494 2648 rotundae
516 2571 625 2648 partes
643 2565 710 2634 sint
732 2565 916 2649 eommunis,
939 2565 1040 2632 tercie
1054 2565 1181 2650 pauori
1203 2573 1237 2633 et
1259 2571 1372 2648 quana

123 2673 319 2748 accusantis,
343 2671 414 2737 siue
436 2669 669 2751 gastaldionum
692 2669 719 2734 si
743 2671 979 2748 accusaumint3
1003 2676 1037 2736 et
1058 2669 1142 2736 latro
1163 2687 1290 2754 semper
1307 2669 1371 2752 pri·

122 2781 225 2842 neem
246 2771 311 2842 tide
333 2781 367 2840 et
388 2773 566 2856 credencia,
590 2789 649 2840 nec
670 2772 703 2838 in
726 2777 840 2840 testem
861 2772 1049 2856 recipiatur,
1072 2777 1106 2839 et
1121 2773 1150 2838 si
1165 2773 1371 2855 reciperetur,

127 2880 203 2946 eius
220 2875 408 2946 testificacio
429 2895 494 2943 nen
514 2877 633 2944 emeat.

562 3039 630 3084 MP·
653 3039 723 3084 xm.
746 3039 790 3084 un
811 3039 928 3084 lenm.

169 3139 253 3208 item
272 3144 430 3210 statutum
453 3143 487 3205 et
508 3137 690 3208 ordinatum
705 3143 763 3220 est,
787 3137 872 3219 quod
890 3135 1068 3222 quicunque
1084 3134 1242 3206 arabitur
1257 3137 1370 3206 amodo

122 3243 157 3309 in
183 3250 277 3310 antec
297 3243 417 3310 bouem
440 3260 544 3328 vnum,
567 3241 621 3308 uel
642 3241 761 3326 plures,
795 3239 878 3306 inira
900 3259 996 3306 vnum
1018 3258 1159 3307 mensem
1183 3239 1289 3307 soluat
1311 3258 1369 3324 pro

124 3345 273 3430 quolibet
293 3346 377 3413 bone
400 3363 557 3428 yperpere
579 3343 809 3428 quinquaginta
831 3341 988 3408 communi
1011 3349 1045 3408 et
1064 3341 1243 3409 satisfaciat
1258 3341 1369 3426 damp-

122 3467 203 3516 num
224 3455 358 3531 patrono
392 3449 485 3514 benis
507 3448 560 3514 uei
582 3449 717 3526 bonum,
752 3454 786 3511 et
809 3447 836 3510 si
859 3465 923 3512 non
946 3446 1094 3512 babuerit
1125 3447 1209 3511 rude
1243 3447 1369 3513 soluere

122 3551 212 3618 inira
233 3551 351 3618 dictu
374 3553 555 3630 termium
588 3549 641 3616 fur
662 3549 778 3630 laqueo
800 3549 1015 3631 suspendatur
1035 3551 1160 3628 taliter,
1195 3549 1280 3632 quod
1302 3569 1370 3617 ruo·

125 3657 240 3722 ristun.
262 3655 307 3721 Et
324 3656 356 3722 si
376 3655 485 3736 eliqua
506 3653 620 3720 mulier
641 3652 804 3720 turrmtur
826 3653 912 3718 dicta
927 3653 1085 3732 onirnaiia,
1109 3659 1143 3718 et
1157 3671 1221 3719 non
1236 3651 1370 3720 haberet

124 3760 212 3826 rude
234 3759 360 3826 noluere
379 3757 463 3824 inira
485 3757 604 3824 dictum
627 3757 816 3830 terminum,
850 3757 924 3838 igne
946 3762 1104 3822 cremetur
1123 3756 1248 3835 taliter,
1283 3757 1369 3840 quod
1462 3789 1465 3795 ·

122 3864 291 3930 moriatur.
326 3861 466 3941 Quanrm
491 3861 693 3944 pecuniarum
723 3859 880 3925 medietas
903 3858 947 3924 eit
968 3859 1142 3926 communie
1164 3864 1198 3926 ct
1218 3859 1282 3926 alia
1301 3877 1369 3926 me-

123 3966 232 4033 dietas
254 3968 297 4032 sit
317 3965 443 4049 patroni
466 3970 500 4032 et
521 3963 723 4048 accusatoris,
748 3963 817 4029 siue
840 3968 1070 4044 accusatorum,
1093 3969 1128 4029 et
1149 3960 1212 4031 fide
1226 3963 1370 4046 priuatur
1436 3989 1440 3997 ·

124 4069 191 4151 fur,
215 4075 249 4136 vt
270 4088 376 4154 supra.

564 4193 632 4239 Ost.
656 4193 723 4238 nv.
746 4193 788 4236 D!
810 4191 926 4238 Bomffl.

170 4297 252 4362 item
274 4299 429 4361 statutum
451 4301 485 4360 et
507 4293 686 4364 ordinatum
708 4297 775 4370 est,
810 4291 895 4374 quod
918 4291 1098 4372 quicunque
1127 4287 1252 4356 iuratus
1275 4285 1370 4358 iuerit

122 4401 160 4466 in
182 4401 276 4465 uinea
299 4397 431 4482 fructus,
454 4395 506 4464 uei
529 4395 562 4460 in
584 4395 705 4480 campis
728 4399 866 4480 segetes,
890 4393 944 4462 uel
966 4392 1134 4474 iurmenta,
1158 4391 1211 4460 uel
1229 4392 1368 4474 bladum,

176 4573 186 4608 ¹
211 4579 298 4650 Cam:
324 4575 611 4656 „cuiuscunque
632 4588 725 4648 pene
756 4571 964 4646 puniretur
986 4564 1281 4650 enusquisque,
1312 4569 1366 4630 etc.

127 4661 199 4724 Non
215 4663 425 4722 conuenientem
442 4662 515 4720 hanc
531 4660 678 4720 lectionem
693 4659 896 4720 emendandam
912 4659 1082 4719 censuimus.
