3398 5354
346 498 405 560 192

341 699 476 769 entium¹
499 705 592 765 sunt:
624 697 768 764 dominus
798 696 913 762 Petrus
937 694 1037 778 Comi,
1069 694 1235 780 Philippus
1257 695 1384 778 Iluymi‚
1416 694 1583 760 Grubnlur

339 803 456 871 domini
478 801 659 883 Theodorij‚
683 801 827 867 dominus
850 801 991 866 Lucerus
1014 799 1151 881 Andree,
1175 800 1319 865 dominus
1342 800 1477 882 EgidIus
1491 801 1580 880 Ray-

341 909 436 989 raaldi,
461 909 605 973 dominus
627 904 731 970 Micba
755 904 861 988 Madij.

382 1011 451 1092 Qua
469 1016 599 1090 statuta,
616 1009 827 1076 correctiones
842 1015 875 1075 et
890 1008 1069 1076 additiones
1085 1009 1300 1092 suprascripte
1316 1008 1420 1074 locum
1434 1007 1579 1074 babeant

338 1121 415 1200 post
437 1132 596 1182 recessum
621 1113 739 1180 domini
762 1113 957 1195 potestatisl.

382 1219 436 1285 Ιιι8
458 1219 584 1285 nomine
607 1217 734 1284 Domini
764 1236 866 1284 amen.
891 1216 982 1283 Anno
1013 1217 1179 1283 millesimo
1207 1217 1432 1284 trecentesimo
1454 1216 1580 1281 decimo

341 1341 434 1404 nono,
459 1323 634 1389 indiccione
649 1322 800 1400 secunda,
817 1327 972 1404 regnante
989 1321 1115 1388 domino
1131 1322 1263 1403 Karulo‚
1281 1321 1487 1388 serenissimo
1503 1338 1582 1402 rege

342 1427 494 1510 Vnguis,
524 1427 720 1508 temporibus
743 1426 870 1508 quidem
892 1425 1080 1493 venerabilis
1103 1428 1202 1508 patris
1226 1425 1344 1492 domini
1366 1426 1452 1491 Petri
1476 1423 1580 1490 arohi-

346 1531 486 1615 episcopi
510 1529 706 1614 Spalatensis
735 1537 767 1596 et
789 1528 946 1613 magnifici
968 1531 1028 1595 uiri
1051 1531 1169 1597 domiui
1191 1531 1320 1614 Georgij
1353 1529 1478 1596 comitis
1501 1529 1581 1594 Dal-

342 1637 450 1720 matia,
481 1636 591 1717 quinto
622 1635 673 1700 die
703 1635 822 1700 mensis
850 1635 958 1716 aprilis
989 1639 1144 1701 statutum
1174 1639 1207 1702 et
1229 1635 1410 1701 ordinatum
1432 1635 1500 1700 est¹
1520 1651 1581 1716 pcr

343 1739 506 1808 consilium
538 1738 687 1821 gencrale
719 1737 803 1818 dicte
827 1738 966 1804 ciuitatis
996 1739 1028 1804 in
1052 1738 1169 1821 palatio
1199 1738 1340 1806 eiusdem
1370 1757 1459 1804 more
1481 1739 1578 1804 solito

344 1847 546 1926 congregato,
570 1842 695 1909 nemius
716 1842 928 1922 discordante,
952 1842 1038 1924 quod
1061 1843 1206 1909 dominus
1229 1849 1374 1925 potestas
1396 1860 1530 1925 presens
1544 1845 1580 1908 et

348 1948 402 2032 qui
424 1965 484 2031 pro
504 1951 648 2029 tempore
671 1944 776 2029 merit,
801 1947 974 2013 rixantibus
997 1947 1066 2029 ipso
1082 1947 1134 2014 uel
1149 1965 1206 2014 suo
1223 1948 1310 2014 socio
1332 1947 1577 2030 superueniente
1690 2021 1692 2038 ᾗ

344 2051 447 2136 possit
477 2055 630 2134 precepta
659 2049 763 2117 lacere
795 2055 829 2116 et
856 2051 962 2118 banna
991 2053 1154 2136 imponere
1176 2052 1301 2135 etipsa
1330 2052 1437 2117 banna
1466 2057 1579 2117 contra
1690 2039 1692 2132 f

342 2155 561 2224 inobedientes
585 2155 712 2237 exigere
736 2154 804 2238 ipso
827 2152 913 2223 facto
934 2157 1002 2222 sine
1026 2157 1228 2224 accusatione
1250 2157 1303 2222 uel
1326 2157 1576 2238 denuntiatione,

345 2259 421 2326 dum
444 2257 504 2326 sibi
526 2259 670 2326 constitit
692 2258 732 2324 de
754 2258 840 2325 dicta
861 2259 1076 2328 inobedientia
1098 2279 1155 2343 per
1176 2260 1337 2343 legitimas
1359 2259 1574 2342 probationes

346 2363 534 2429 Rixantibus
557 2381 634 2429 uero
658 2363 734 2445 ipsis
757 2364 940 2430 absentibus
964 2365 1065 2448 possit
1087 2384 1144 2447 pro
1166 2365 1213 2430 eis
1236 2365 1362 2430 mittero
1385 2369 1417 2431 et
1432 2365 1478 2431 eis
1502 2381 1576 2444 pre·
1691 2371 1692 2454 J

346 2474 439 2549 cepta
460 2467 565 2534 lacere
588 2473 622 2533 et
643 2485 743 2550 penas
776 2470 938 2550 imponere
960 2476 994 2535 et
1016 2475 1126 2536 contra
1156 2468 1375 2535 inobedientes
1397 2471 1430 2534 et
1450 2474 1574 2534 conna-

345 2571 498 2666 lacientes
528 2571 700 2654 procedere
729 2589 785 2638 suo
816 2570 915 2639 offitio
939 2579 972 2641 et
995 2593 1050 2641 eos
1073 2572 1300 2639 condemnare⁶
1322 2579 1356 2640 et
1379 2572 1478 2638 dictas
1501 2589 1574 2637 con-

345 2676 578 2744 demnationesl
601 2676 729 2758 exigere
751 2676 819 2743 sine
841 2679 1043 2747 accusatione
1065 2677 1118 2744 uel
1134 2677 1382 2758 denuntiatione,
1405 2675 1574 2742 dummodo

344 2781 404 2848 sibi
427 2786 560 2862 constet,
582 2799 638 2848 cos
662 2781 865 2863 delinquisse,
887 2781 1116 2865 perlegitimas
1138 2781 1351 2864 probationes.
1377 2779 1412 2844 In
1427 2779 1574 2846 ciuilibus

346 2904 423 2953 uero
454 2887 554 2969 possit
585 2891 738 2969 precepta
766 2885 870 2954 lacere
893 2893 926 2953 et
948 2887 1053 2952 banna
1082 2886 1244 2969 imponere
1266 2890 1395 2968 etpost
1423 2890 1575 2967 precepta
1692 2911 1693 2920 ι

345 2992 471 3056 mittere
502 2989 660 3056 notarium
683 2990 723 3056 ad
746 2990 863 3073 logiam
886 2996 919 3057 et
941 3009 1155 3074 quoscumque
1185 2991 1344 3058 inuenerit
1373 2989 1573 3070 delinquisse,
1691 3059 1693 3076 .

344 3097 413 3179 ipso
437 3093 520 3160 lacto
543 3095 645 3176 possit
659 3113 714 3160 eos
731 3095 959 3161 condemnare⁷
975 3101 1008 3161 et
1023 3093 1333 3162 condemnationem⁸
1355 3095 1478 3175 exigere
1502 3092 1571 3157 sine
1691 3083 1693 3132 ²

346 3199 546 3266 accusatione
568 3199 619 3265 uel
643 3198 890 3265 denuntiatione.
925 3199 970 3266 Et
993 3199 1034 3266 de
1057 3201 1200 3266 omnibus
1231 3198 1392 3281 preceptis
1420 3194 1573 3262 faciendis
1691 3193 1693 3266 l

346 3303 541 3370 debitoribus
563 3307 628 3367 tam
645 3304 826 3385 commuue,
851 3321 945 3385 quam
969 3303 1150 3386 specialium
1174 3321 1382 3385 personarum
1405 3302 1513 3384 possit,
1537 3305 1576 3365 ut
1692 3329 1693 3348 2

345 3408 542 3488 dictumest,
575 3408 743 3474 summarie
774 3409 946 3491 procedere
977 3409 1081 3491 aliquo
1104 3410 1165 3476 allo
1189 3414 1309 3474 saluto
1333 3406 1571 3472 nonobstante

666 3693 825 3738 moremur
849 3693 1004 3737 daemona
1026 3691 1136 3745 duntur
1155 3693 1250 3736 mam.

345 3811 436 3890 Quod
458 3809 538 3876 daut
559 3815 696 3893 quatuor
717 3814 935 3892 suprastautes
951 3809 992 3876 ad
1013 3811 1185 3893 aptandum
1201 3809 1279 3888 uias,
1296 3815 1407 3891 pontes

387 3921 421 3980 ct
443 3914 546 3982 fontes
584 3963 1403 3980 ....................
1545 3911 1572 3990 j.

345 4019 520 4086 Doeodem
540 4067 1405 4084 .....................
1535 4013 1570 4095 ij.

344 4123 522 4190 Deeodem
540 4171 1403 4189 .....................
1524 4118 1573 4198 iij.

342 4227 392 4295 De
408 4227 521 4295 eodem
539 4275 1405 4294 .....................
1514 4221 1571 4303 irij.

391 4421 402 4458 ¹
427 4427 623 4506 ,statutorum
646 4455 687 4467 -
711 4416 900 4482 iacientium“
926 4421 1032 4482 desunt
1053 4439 1102 4498 ap.
1126 4421 1151 4480 L
1155 4420 1234 4497 jub.
1304 4416 1316 4453 ²
1339 4419 1483 4479 Sententia
1501 4415 1574 4476 haee

341 4511 425 4572 deest
446 4529 495 4588 ap.
518 4511 544 4569 L
550 4511 629 4586 jub.
692 4505 778 4586 Ἀρ.
805 4511 830 4569 L
835 4509 878 4586 ju
887 4509 915 4569 b.
939 4525 1046 4568 novum
1061 4509 1109 4568 bIc
1124 4508 1224 4582 incipit
1246 4507 1405 4583 capitulum
1420 4503 1571 4566 CXXVIII.

341 4598 427 4676 cujus
450 4603 495 4698 est
516 4597 785 4717 insorlpojovbob
800 4591 1363 4756 ecosstgmgtgalgalff?tiz0ndesspffl
1375 4589 1572 4736 acadiblildct

342 4683 712 4848 :gondgsspfnooifflt'
741 4767 753 4803 ⁷
778 4731 914 4830 cl.aoi1.
940 4768 972 4848 5)
1016 4727 1126 4829 'etl
1144 4767 1211 4827 nnn.
1236 4766 1268 4845 a)
1368 4726 1374 4739 ’
1544 4722 1569 4736 ”
