3376 5392
1249 435 1308 496 157

75 632 284 700 obseruatum
307 634 418 712 eutitii„
442 653 501 700 nec
523 635 713 716 permittetis
736 640 845 702 contra
860 637 962 719 ipsum
979 639 1178 724 priuilegium
1195 639 1314 722 aliquid

75 737 227 804 innoueri
249 744 282 806 et
303 738 330 804 si
353 738 427 820 quid
451 740 634 804 indonatum
657 747 707 806 est
728 739 851 808 lecistis
873 742 951 808 illud
974 744 1099 825 penitus
1123 745 1274 810 reuocari.

119 841 244 908 Datum
266 843 298 908 in
320 850 427 910 nostro
450 843 552 909 ducali
575 844 695 926 palatio
718 845 768 912 die
790 847 872 928 xxvj.
895 846 1067 928 Februarii,
1091 849 1265 916 indictione
1288 869 1316 916 v.

75 946 241 1014 Mccecxli.

288 1034 316 1100 A
338 1040 470 1120 tergo:

118 1139 293 1206 Nobilibus
323 1145 357 1206 et
387 1141 581 1222 sapientibus
605 1141 679 1208 viris
703 1141 843 1207 Thomce
867 1143 1002 1210 Micheel
1032 1145 1137 1212 comiti
1161 1145 1316 1214 Curzulee

75 1250 109 1309 et
131 1246 373 1312 successoribus
396 1248 470 1313 sois.

269 1489 274 1500 ,
477 1445 534 1486 111.
557 1445 691 1487 merses
712 1446 843 1488 nnonnrs
866 1433 924 1503 11⁸,

76 1522 222 1578 continens
241 1521 372 1591 quaedum
390 1525 511 1590 capitula
529 1523 564 1579 ed
582 1524 737 1580 instantiam
756 1525 849 1594 populi
862 1533 890 1580 et
902 1527 1093 1595 responsiones
1106 1527 1140 1582 sd
1152 1529 1227 1600 ipsc3
1246 1532 1317 1588 inter

76 1623 161 1676 quse:
180 1609 216 1664 de
234 1610 365 1666 electione
384 1613 496 1680 comitis,
515 1611 549 1666 (16
567 1611 711 1681 custodijs;
736 1611 768 1666 de
786 1613 914 1682 operibus
932 1613 1062 1684 publicIs;
1081 1613 1113 1669 de
1132 1617 1265 1688 nnmrijm
1285 1617 1316 1673 de

77 1698 196 1753 terrenis
215 1713 270 1753 non
287 1698 457 1768 plantandis3
476 1699 510 1754 de
528 1700 589 1754 vino
607 1700 708 1756 lorensi
720 1699 892 1756 conducendo
905 1700 1049 1770 Venetiss;
1067 1701 1100 1756 de
1113 1704 1316 1760 confirmetione

76 1791 244 1840 statutorum
268 1793 297 1865 et
314 1787 385 1856 qnod
403 1795 491 1842 rector
509 1803 564 1842 non
582 1787 714 1857 observet,
733 1789 785 1842 nisi
804 1787 875 1856 qnod
893 1788 1078 1844 confirmatum
1095 1797 1137 1846 est
1154 1807 1204 1862 per
1221 1791 1316 1848 ducale

76 1869 245 1942 dominium
267 1881 295 1928 et
316 1875 422 1930 nobiles
446 1891 478 1929 oc
502 1875 647 1944 populares
671 1876 780 1930 venient
799 1874 929 1932 Venetiae
947 1876 982 1930 sd
1000 1892 1063 1934 sues
1081 1893 1223 1950 expensas,
1242 1879 1316 1939 lecte

380 1963 457 2030 prius
475 1963 680 2032 congregatione
698 1979 758 2017 cum
777 1962 887 2018 lloentin
905 1964 1018 2020 comitis.

118 2081 312 2150 Francismre
335 2083 465 2151 Foeoori
488 2083 548 2150 Dei
567 2088 675 2170 pratia
697 2085 763 2151 duc
791 2085 988 2152 Veneriorum
1011 2096 1063 2154 ete.

117 2205 288 2274 Nobilibus
310 2213 344 2273 ct
374 2208 570 2290 sapientibus
600 2209 676 2273 vlris
699 2207 839 2275 Thomee
861 2209 997 2275 Michael
1020 2210 1060 2276 dc
1083 2229 1141 2277 suo
1163 2213 1312 2280 mundato

77 2311 182 2376 comiti
206 2311 364 2380 Corsulae
393 2320 427 2380 et
458 2313 692 2379 successoribus
719 2315 786 2378 suis
808 2312 954 2380 fidelibus
977 2315 1100 2381 dilectis
1124 2317 1316 2384 salutemet

78 2415 258 2482 dilectionis
279 2416 437 2485 edoctum.

120 2519 346 2606 significamus
368 2523 469 2604 nobie,
502 2523 585 2605 quod
608 2522 649 2588 ad
672 2521 872 2605 infrascripta
894 2523 1033 2606 capitula
1055 2525 1146 2592 nobis
1168 2533 1317 2609 porrecte

78 2630 168 2706 perte
191 2627 302 2710 populi
325 2626 480 2694 Ourzuloe
505 2627 725 2710 respondimus
747 2633 842 2708 prout
864 2627 996 2695 inferius
1019 2631 1206 2697 continetur.

120 2728 228 2796 Tener
251 2733 459 2814 capitulorum
482 2733 555 2799 telis
578 2737 635 2812 est„
659 2731 825 2798 uidelicet:

122 2835 229 2902 Primo
260 2837 376 2918 perche
399 2837 429 2903 el
452 2835 611 2920 conseglio
643 2837 717 2903 delli
748 2835 943 2921 gentilomini
970 2838 997 2902 si
1021 2838 1148 2906 elezeno
1170 2841 1201 2906 el
1224 2846 1315 2907 conte

83 2939 193 3007 iluor
216 2942 312 3008 modo
334 2947 367 3010 et
389 2941 500 3009 siondo
515 2961 573 3024 per
588 2941 658 3008 lucr
674 2942 781 3022 eletto,
804 2959 866 3007 non
889 2942 964 3024 puol
986 2943 1045 3028 iar,
1069 2943 1127 3012 che
1148 2964 1210 3012 non
1233 2963 1316 3012 com-

81 3045 171 3126 piesa
192 3047 249 3112 elli
273 3048 353 3114 detti
374 3047 569 3131 gentilomini
592 3046 678 3114 6111
700 3047 815 3130 quello,
839 3047 896 3114 che
918 3048 988 3115 luor
1002 3049 1106 3114 uuole.
1132 3049 1212 3116 Item
1228 3070 1316 3118 come

83 3151 184 3218 iditti
212 3153 359 3234 populari
389 3151 551 3236 guerdono
581 3151 616 3218 la
645 3159 731 3218 terre
761 3169 779 3217 e
802 3150 896 3218 denno
916 3152 947 3219 le
968 3155 1099 3236 guardie
1121 3174 1140 3221 6
1162 3155 1229 3222 loro
1252 3175 1315 3222 non

83 3253 269 3339 liguardie
298 3263 408 3324 contro
435 3257 602 3341 priuilegio
624 3261 644 3322 e
666 3257 737 3324 luor
760 3275 908 3324 concesso
931 3277 949 3324 6
971 3263 1081 3324 contre
1103 3259 1176 3342 ogni
1199 3261 1316 3342 equits.

26 3399 29 3406 ,
83 3359 159 3426 Item
184 3381 275 3428 come
297 3363 307 3426 i
329 3364 440 3445 poueri
470 3363 597 3429 uomeni
627 3363 778 3430 leuoreno
801 3369 835 3430 et
856 3362 951 3429 fanno
975 3369 1058 3428 tutte
1080 3382 1155 3431 cure
1179 3365 1318 3448 segondo

84 3465 198 3532 ordene
220 3467 252 3534 ol
274 3473 367 3534 conte
390 3485 449 3551 per
471 3487 529 3533 sue
551 3475 653 3550 parte.
676 3469 757 3535 Item
781 3487 869 3535 come
893 3471 946 3534 nui
969 3485 1055 3536 semo
1072 3469 1317 3552 nppnrichiatit

83 3569 130 3636 Iar
149 3571 180 3638 le
203 3591 280 3638 curo
303 3572 342 3640 do
366 3573 439 3654 ogni
462 3592 518 3656 ora
540 3579 573 3639 et
595 3573 684 3640 luoro
708 3580 820 3640 stanno
844 3579 864 3638 t
886 3575 981 3640 dorse
1004 3593 1074 3640 oum
1098 3581 1203 3656 tempo
1219 3594 1237 3640 6
1253 3593 1316 3640 nou

84 3676 134 3740 nol
155 3676 207 3742 iar
229 3678 346 3755 niente,
376 3695 465 3744 come
487 3677 541 3743 luo
564 3679 663 3744 endor
685 3683 704 3744 t
726 3679 807 3761 lego,
830 3683 849 3744 ὸ
877 3683 896 3743 e
918 3680 1022 3744 uiuere
1044 3679 1075 3744 di
1099 3679 1238 3760 Genoua,
1262 3679 1315 3744 nui

85 3798 168 3846 semo
192 3783 400 3864 apparichiati
424 3803 442 3849 e
464 3783 530 3848 loro
554 3789 668 3849 stanno
692 3785 724 3848 in
747 3801 835 3864 paxo.
858 3783 938 3850 Item
963 3783 1020 3849 che
1044 3784 1083 3850 de
1106 3803 1189 3852 nouo
1211 3784 1316 3851 hunno

85 3883 161 3952 letto
184 3893 296 3954 contre
318 3887 347 3953 el
371 3887 661 3954 commendemento
684 3888 768 3954 delle
789 3893 897 3954 vostra
916 3889 1061 3972 signoria,
1087 3889 1144 3954 obe
1161 3890 1171 3954 i
1187 3908 1249 3955 non
1264 3887 1317 3955 uol

85 3989 138 4056 che
160 3991 321 4073 possiemo
344 3991 510 4074 implentes
532 3994 542 4056 i
565 3994 693 4061 terreni.
717 3994 807 4076 Item,
832 4012 920 4059 come
936 3994 945 4058 i
962 3993 1105 4075 populari
1120 3991 1215 4059 Ionno
1233 3999 1316 4059 tutte

86 4094 113 4160 le
134 4097 263 4179 angerie
287 4116 304 4163 e
327 4096 397 4162 luor
413 4098 529 4182 niente,
545 4117 563 4163 6
586 4117 664 4164 sono
681 4098 805 4164 obsolti.
828 4097 909 4163 Item
925 4115 1013 4164 come
1029 4097 1179 4163 deuisano
1196 4099 1319 4180 catiger

86 4198 97 4262 i
116 4201 179 4266 vini
199 4201 359 4268 foresticn‘
382 4219 439 4284 per
461 4202 602 4268 Veneria
632 4203 665 4266 in
696 4202 799 4268 donno
822 4201 906 4267 della
930 4209 1038 4266 vostre
1060 4203 1199 4285 signorie
1222 4209 1255 4268 et
1278 4201 1318 4268 de

86 4307 190 4385 poueri
222 4306 348 4372 homeni
375 4306 415 4371 de
440 4305 584 4372 Curzuln.
616 4307 698 4372 Item
722 4306 780 4372 che
802 4306 891 4371 luoro
915 4305 1058 4372 hefalto
1081 4324 1144 4372 uno
1167 4307 1254 4373 datio
1279 4308 1318 4373 de

88 4411 182 4490 rapidi
204 4416 223 4475 d
244 4430 345 4494 peges
368 4411 407 4478 de
430 4413 470 4493 xij
493 4411 585 4477 l'uno
608 4418 641 4476 ct
664 4413 703 4478 dc
727 4413 799 4492 ogni
821 4411 958 4494 ligname
974 4411 1033 4477 che
1047 4416 1089 4476 ui
1104 4411 1202 4478 fuera.
1225 4411 1315 4490 Item,

89 4512 140 4578 che
167 4513 257 4581 luoro
287 4515 329 4581 he
357 4515 437 4582 letto
468 4516 525 4582 obe
555 4535 590 4582 se
621 4515 713 4607 debis
742 4516 799 4580 dor
827 4515 856 4581 el
887 4515 995 4594 quinto
1024 4515 1106 4581 douc
1126 4520 1161 4582 se'
1184 4515 1266 4580 dane
1287 4517 1317 4582 el

90 4621 168 4684 sesto
191 4619 277 4687 dello
299 4621 491 4686 seminasion
514 4619 595 4686 fatte
617 4620 691 4686 nelli
715 4619 820 4702 luoghi
843 4619 1006 4684 communi.
1035 4618 1115 4684 Item
1139 4619 1196 4684 che
1218 4638 1237 4684 s
1259 4638 1316 4684 sue

88 4725 204 4804 posui
226 4723 260 4791 fc
288 4726 454 4808 guardiam
484 4725 568 4791 delle
596 4743 653 4792 sue
683 4715 776 4807 vigne
800 4743 817 4790 e
842 4723 893 4789 dcl
916 4721 1032 4806 populo
1056 4742 1075 4790 6
1097 4722 1192 4789 fenno
1215 4727 1235 4788 t
1257 4741 1313 4790 suo
