<?xml version="1.0" encoding="UTF-8"?>
<!DOCTYPE html PUBLIC "-//W3C//DTD XHTML 1.0 Transitional//EN"
    "http://www.w3.org/TR/xhtml1/DTD/xhtml1-transitional.dtd">
<html xmlns="http://www.w3.org/1999/xhtml" xml:lang="en" lang="en">
 <head>
  <title>
</title>
<meta http-equiv="Content-Type" content="text/html;charset=utf-8" />
  <meta name='ocr-system' content='tesseract 3.04.00' />
  <meta name='ocr-capabilities' content='ocr_page ocr_carea ocr_par ocr_line ocrx_word'/>
</head>
<body>
  <div class='ocr_page' id='page_1' title='image "./statutaetlegesc00yuggoog_0526.png"; bbox 0 0 3398 5354; ppageno 0'>
   <div class='ocr_carea' id='block_1_1' title="bbox 281 421 342 482">
    <p class='ocr_par' dir='ltr' id='par_1_1' title="bbox 281 421 342 482">
     <span class='ocr_line' id='line_1_1' title="bbox 281 421 342 482; baseline -0.033 0"><span class='ocrx_word' id='word_1_1' title='bbox 281 421 342 482; x_wconf 92' lang='grc'>166</span> 
     </span>
    </p>
   </div>
   <div class='ocr_carea' id='block_1_2' title="bbox 278 621 1506 703">
    <p class='ocr_par' dir='ltr' id='par_1_2' title="bbox 278 621 1506 703">
     <span class='ocr_line' id='line_1_2' title="bbox 278 621 1506 703; baseline -0.001 -14"><span class='ocrx_word' id='word_1_2' title='bbox 278 647 345 690; x_wconf 80' lang='lat' dir='ltr'>oar.</span> <span class='ocrx_word' id='word_1_3' title='bbox 368 647 454 688; x_wconf 81' lang='lat' dir='ltr'>nxrv.</span> <span class='ocrx_word' id='word_1_4' title='bbox 478 645 521 689; x_wconf 86' lang='lat' dir='ltr'>nn</span> <span class='ocrx_word' id='word_1_5' title='bbox 542 647 742 703; x_wconf 76' lang='lat' dir='ltr'>nxsaumrrs,</span> <span class='ocrx_word' id='word_1_6' title='bbox 766 647 795 687; x_wconf 84' lang='lat' dir='ltr'>ar</span> <span class='ocrx_word' id='word_1_7' title='bbox 816 647 858 688; x_wconf 83' lang='lat' dir='ltr'>nn</span> <span class='ocrx_word' id='word_1_8' title='bbox 873 645 946 688; x_wconf 78' lang='lat' dir='ltr'>amo</span> <span class='ocrx_word' id='word_1_9' title='bbox 968 623 1072 688; x_wconf 81' lang='lat' dir='ltr'>uauo¹</span> <span class='ocrx_word' id='word_1_10' title='bbox 1086 621 1302 689; x_wconf 78' lang='lat' dir='ltr'>rnocnnrrua²</span> <span class='ocrx_word' id='word_1_11' title='bbox 1317 645 1435 688; x_wconf 66' lang='lat' dir='ltr'>conrad</span> <span class='ocrx_word' id='word_1_12' title='bbox 1448 645 1506 689; x_wconf 83' lang='lat' dir='ltr'>nou.</span> 
     </span>
    </p>
   </div>
   <div class='ocr_carea' id='block_1_3' title="bbox 281 761 1530 1866">
    <p class='ocr_par' dir='ltr' id='par_1_3' title="bbox 281 761 1530 1866">
     <span class='ocr_line' id='line_1_3' title="bbox 326 761 1512 843; baseline -0.002 -15"><span class='ocrx_word' id='word_1_13' title='bbox 326 764 408 828; x_wconf 87' lang='lat' dir='ltr'><strong>Item</strong></span> <span class='ocrx_word' id='word_1_14' title='bbox 427 765 584 827; x_wconf 89' lang='lat' dir='ltr'>statutum</span> <span class='ocrx_word' id='word_1_15' title='bbox 608 767 640 827; x_wconf 88' lang='lat' dir='ltr'>et</span> <span class='ocrx_word' id='word_1_16' title='bbox 662 763 841 828; x_wconf 92' lang='lat' dir='ltr'>ordinatum</span> <span class='ocrx_word' id='word_1_17' title='bbox 865 769 923 840; x_wconf 79' lang='lat' dir='ltr'>est,</span> <span class='ocrx_word' id='word_1_18' title='bbox 948 761 1033 842; x_wconf 92' lang='lat' dir='ltr'>quod</span> <span class='ocrx_word' id='word_1_19' title='bbox 1049 763 1076 827; x_wconf 92' lang='lat' dir='ltr'>si</span> <span class='ocrx_word' id='word_1_20' title='bbox 1092 763 1206 843; x_wconf 88' lang='lat' dir='ltr'>aliquis</span> <span class='ocrx_word' id='word_1_21' title='bbox 1228 767 1315 827; x_wconf 87' lang='lat' dir='ltr'>esset</span> <span class='ocrx_word' id='word_1_22' title='bbox 1337 761 1512 826; x_wconf 85' lang='lat' dir='ltr'>exbannitus</span> 
     </span>
     <span class='ocr_line' id='line_1_4' title="bbox 281 863 1513 946; baseline -0.002 -14"><span class='ocrx_word' id='word_1_23' title='bbox 281 867 335 932; x_wconf 89' lang='lat' dir='ltr'>uel</span> <span class='ocrx_word' id='word_1_24' title='bbox 358 865 601 932; x_wconf 82' lang='lat' dir='ltr'>condemnatus³</span> <span class='ocrx_word' id='word_1_25' title='bbox 624 867 795 931; x_wconf 88' lang='lat' dir='ltr'>communis</span> <span class='ocrx_word' id='word_1_26' title='bbox 820 866 939 946; x_wconf 86' lang='lat' dir='ltr'>Spalati</span> <span class='ocrx_word' id='word_1_27' title='bbox 964 865 1104 944; x_wconf 79' lang='lat' dir='ltr'>realiter,</span> <span class='ocrx_word' id='word_1_28' title='bbox 1127 865 1179 930; x_wconf 90' lang='lat' dir='ltr'>nel</span> <span class='ocrx_word' id='word_1_29' title='bbox 1199 863 1414 946; x_wconf 80' lang='lat' dir='ltr'>personaliter</span> <span class='ocrx_word' id='word_1_30' title='bbox 1430 871 1463 930; x_wconf 89' lang='lat' dir='ltr'>et</span> <span class='ocrx_word' id='word_1_31' title='bbox 1476 866 1513 930; x_wconf 87' lang='lat' dir='ltr'>de</span> 
     </span>
     <span class='ocr_line' id='line_1_5' title="bbox 284 967 1515 1051; baseline -0.002 -16"><span class='ocrx_word' id='word_1_32' title='bbox 284 971 346 1036; x_wconf 91' lang='lat' dir='ltr'>alio</span> <span class='ocrx_word' id='word_1_33' title='bbox 370 968 527 1034; x_wconf 87' lang='lat' dir='ltr'>maleficio</span> <span class='ocrx_word' id='word_1_34' title='bbox 552 976 765 1049; x_wconf 80' lang='lat' dir='ltr'>accusaretur,</span> <span class='ocrx_word' id='word_1_35' title='bbox 790 971 842 1036; x_wconf 92' lang='lat' dir='ltr'>uel</span> <span class='ocrx_word' id='word_1_36' title='bbox 868 970 1120 1051; x_wconf 84' lang='lat' dir='ltr'>denuntiaretur,</span> <span class='ocrx_word' id='word_1_37' title='bbox 1143 973 1200 1032; x_wconf 88' lang='lat' dir='ltr'>aut</span> <span class='ocrx_word' id='word_1_38' title='bbox 1215 986 1274 1048; x_wconf 89' lang='lat' dir='ltr'>per</span> <span class='ocrx_word' id='word_1_39' title='bbox 1289 967 1515 1049; x_wconf 82' lang='lat' dir='ltr'>inquisitionem</span> 
     </span>
     <span class='ocr_line' id='line_1_6' title="bbox 285 1069 1518 1154; baseline -0.001 -16"><span class='ocrx_word' id='word_1_40' title='bbox 285 1077 397 1139; x_wconf 90' lang='lat' dir='ltr'>contra</span> <span class='ocrx_word' id='word_1_41' title='bbox 420 1091 492 1138; x_wconf 90' lang='lat' dir='ltr'>eum</span> <span class='ocrx_word' id='word_1_42' title='bbox 516 1072 744 1154; x_wconf 79' lang='lat' dir='ltr'>procederetur</span> <span class='ocrx_word' id='word_1_43' title='bbox 768 1079 802 1139; x_wconf 89' lang='lat' dir='ltr'>et</span> <span class='ocrx_word' id='word_1_44' title='bbox 817 1073 857 1138; x_wconf 89' lang='lat' dir='ltr'>de</span> <span class='ocrx_word' id='word_1_45' title='bbox 880 1075 941 1138; x_wconf 88' lang='lat' dir='ltr'>isto</span> <span class='ocrx_word' id='word_1_46' title='bbox 964 1073 1103 1138; x_wconf 90' lang='lat' dir='ltr'>secundo</span> <span class='ocrx_word' id='word_1_47' title='bbox 1125 1069 1289 1149; x_wconf 89' lang='lat' dir='ltr'>maleficio,</span> <span class='ocrx_word' id='word_1_48' title='bbox 1314 1071 1368 1136; x_wconf 92' lang='lat' dir='ltr'>uel</span> <span class='ocrx_word' id='word_1_49' title='bbox 1390 1071 1460 1151; x_wconf 88' lang='lat' dir='ltr'>alio,</span> <span class='ocrx_word' id='word_1_50' title='bbox 1481 1073 1518 1137; x_wconf 91' lang='lat' dir='ltr'>de</span> 
     </span>
     <span class='ocr_line' id='line_1_7' title="bbox 284 1175 1522 1260; baseline -0.002 -18"><span class='ocrx_word' id='word_1_51' title='bbox 284 1196 346 1260; x_wconf 91' lang='lat' dir='ltr'>quo</span> <span class='ocrx_word' id='word_1_52' title='bbox 368 1176 600 1257; x_wconf 83' lang='lat' dir='ltr'>inculparetur,</span> <span class='ocrx_word' id='word_1_53' title='bbox 623 1177 721 1242; x_wconf 87' lang='lat' dir='ltr'>uellet</span> <span class='ocrx_word' id='word_1_54' title='bbox 740 1195 775 1241; x_wconf 90' lang='lat' dir='ltr'>se</span> <span class='ocrx_word' id='word_1_55' title='bbox 791 1175 963 1242; x_wconf 87' lang='lat' dir='ltr'>defendere</span> <span class='ocrx_word' id='word_1_56' title='bbox 987 1175 1058 1239; x_wconf 77' lang='lat' dir='ltr'>uel*</span> <span class='ocrx_word' id='word_1_57' title='bbox 1074 1193 1235 1260; x_wconf 88' lang='lat' dir='ltr'>excusare,</span> <span class='ocrx_word' id='word_1_58' title='bbox 1260 1175 1330 1241; x_wconf 78' lang='lat' dir='ltr'>uel⁵</span> <span class='ocrx_word' id='word_1_59' title='bbox 1346 1192 1522 1255; x_wconf 88' lang='lat' dir='ltr'>comparere</span> 
     </span>
     <span class='ocr_line' id='line_1_8' title="bbox 283 1277 1524 1360; baseline -0.004 -12"><span class='ocrx_word' id='word_1_60' title='bbox 283 1300 390 1348; x_wconf 90' lang='lat' dir='ltr'>coram</span> <span class='ocrx_word' id='word_1_61' title='bbox 424 1285 549 1346; x_wconf 88' lang='lat' dir='ltr'>rectore</span> <span class='ocrx_word' id='word_1_62' title='bbox 583 1285 616 1344; x_wconf 91' lang='lat' dir='ltr'>et</span> <span class='ocrx_word' id='word_1_63' title='bbox 650 1278 834 1346; x_wconf 83' lang='lat' dir='ltr'>offitialibus</span> <span class='ocrx_word' id='word_1_64' title='bbox 868 1280 953 1359; x_wconf 78' lang='lat' dir='ltr'>dicte</span> <span class='ocrx_word' id='word_1_65' title='bbox 984 1279 1129 1344; x_wconf 89' lang='lat' dir='ltr'>ciuitatis</span> <span class='ocrx_word' id='word_1_66' title='bbox 1160 1285 1193 1344; x_wconf 90' lang='lat' dir='ltr'>et</span> <span class='ocrx_word' id='word_1_67' title='bbox 1223 1295 1338 1360; x_wconf 87' lang='lat' dir='ltr'>parere</span> <span class='ocrx_word' id='word_1_68' title='bbox 1371 1277 1524 1343; x_wconf 87' lang='lat' dir='ltr'>mandatis</span> 
     </span>
     <span class='ocr_line' id='line_1_9' title="bbox 282 1379 1527 1467; baseline -0.003 -17"><span class='ocrx_word' id='word_1_69' title='bbox 282 1385 402 1467; x_wconf 90' lang='lat' dir='ltr'>ipsius:</span> <span class='ocrx_word' id='word_1_70' title='bbox 433 1390 509 1449; x_wconf 87' lang='lat' dir='ltr'>tunc</span> <span class='ocrx_word' id='word_1_71' title='bbox 531 1388 637 1449; x_wconf 90' lang='lat' dir='ltr'>rector</span> <span class='ocrx_word' id='word_1_72' title='bbox 669 1383 753 1463; x_wconf 81' lang='lat' dir='ltr'>dicte</span> <span class='ocrx_word' id='word_1_73' title='bbox 786 1383 924 1448; x_wconf 86' lang='lat' dir='ltr'>ciuitatis</span> <span class='ocrx_word' id='word_1_74' title='bbox 954 1388 1103 1450; x_wconf 89' lang='lat' dir='ltr'>teneatur</span> <span class='ocrx_word' id='word_1_75' title='bbox 1126 1383 1203 1448; x_wconf 87' lang='lat' dir='ltr'>dare</span> <span class='ocrx_word' id='word_1_76' title='bbox 1228 1383 1287 1448; x_wconf 88' lang='lat' dir='ltr'>sibi</span> <span class='ocrx_word' id='word_1_77' title='bbox 1311 1379 1475 1447; x_wconf 80' lang='lat' dir='ltr'>fiduciam⁸</span> <span class='ocrx_word' id='word_1_78' title='bbox 1495 1387 1527 1446; x_wconf 91' lang='lat' dir='ltr'>et</span> 
     </span>
     <span class='ocr_line' id='line_1_10' title="bbox 286 1484 1527 1568; baseline -0.003 -14"><span class='ocrx_word' id='word_1_79' title='bbox 286 1489 490 1554; x_wconf 88' lang='lat' dir='ltr'>securitatem</span> <span class='ocrx_word' id='word_1_80' title='bbox 514 1487 717 1568; x_wconf 87' lang='lat' dir='ltr'>comparendi</span> <span class='ocrx_word' id='word_1_81' title='bbox 739 1505 796 1568; x_wconf 90' lang='lat' dir='ltr'>pro</span> <span class='ocrx_word' id='word_1_82' title='bbox 820 1487 961 1552; x_wconf 87' lang='lat' dir='ltr'>secundo</span> <span class='ocrx_word' id='word_1_83' title='bbox 984 1484 1140 1552; x_wconf 86' lang='lat' dir='ltr'>maleficio</span> <span class='ocrx_word' id='word_1_84' title='bbox 1167 1493 1200 1551; x_wconf 89' lang='lat' dir='ltr'>et</span> <span class='ocrx_word' id='word_1_85' title='bbox 1224 1505 1259 1553; x_wconf 89' lang='lat' dir='ltr'>se</span> <span class='ocrx_word' id='word_1_86' title='bbox 1274 1484 1467 1552; x_wconf 87' lang='lat' dir='ltr'>defendendi</span> <span class='ocrx_word' id='word_1_87' title='bbox 1489 1485 1527 1550; x_wconf 90' lang='lat' dir='ltr'>ab</span> 
     </span>
     <span class='ocr_line' id='line_1_11' title="bbox 286 1590 1530 1674; baseline -0.006 -14"><span class='ocrx_word' id='word_1_88' title='bbox 286 1611 335 1671; x_wconf 84' lang='lat' dir='ltr'>eo,</span> <span class='ocrx_word' id='word_1_89' title='bbox 359 1593 461 1674; x_wconf 91' lang='lat' dir='ltr'>primo</span> <span class='ocrx_word' id='word_1_90' title='bbox 484 1610 541 1656; x_wconf 84' lang='lat' dir='ltr'>suo</span> <span class='ocrx_word' id='word_1_91' title='bbox 564 1593 670 1656; x_wconf 90' lang='lat' dir='ltr'>banno</span> <span class='ocrx_word' id='word_1_92' title='bbox 694 1591 746 1656; x_wconf 91' lang='lat' dir='ltr'>uel</span> <span class='ocrx_word' id='word_1_93' title='bbox 769 1591 1046 1657; x_wconf 65' lang='lat' dir='ltr'>condemnationel</span> <span class='ocrx_word' id='word_1_94' title='bbox 1070 1597 1221 1672; x_wconf 89' lang='lat' dir='ltr'>quantum</span> <span class='ocrx_word' id='word_1_95' title='bbox 1251 1591 1293 1656; x_wconf 91' lang='lat' dir='ltr'>ad</span> <span class='ocrx_word' id='word_1_96' title='bbox 1317 1590 1402 1655; x_wconf 89' lang='lat' dir='ltr'>huno</span> <span class='ocrx_word' id='word_1_97' title='bbox 1423 1607 1530 1654; x_wconf 89' lang='lat' dir='ltr'>casnm</span> 
     </span>
     <span class='ocr_line' id='line_1_12' title="bbox 288 1692 1530 1777; baseline -0.002 -16"><span class='ocrx_word' id='word_1_98' title='bbox 288 1715 351 1762; x_wconf 93' lang='lat' dir='ltr'>non</span> <span class='ocrx_word' id='word_1_99' title='bbox 375 1694 548 1761; x_wconf 64' lang='lat' dir='ltr'>obstantefl.</span> <span class='ocrx_word' id='word_1_100' title='bbox 579 1695 623 1760; x_wconf 84' lang='lat' dir='ltr'>Et</span> <span class='ocrx_word' id='word_1_101' title='bbox 645 1699 751 1760; x_wconf 90' lang='lat' dir='ltr'>rector</span> <span class='ocrx_word' id='word_1_102' title='bbox 774 1696 857 1774; x_wconf 78' lang='lat' dir='ltr'>dicte</span> <span class='ocrx_word' id='word_1_103' title='bbox 881 1695 1020 1760; x_wconf 89' lang='lat' dir='ltr'>ciuitatis</span> <span class='ocrx_word' id='word_1_104' title='bbox 1042 1695 1147 1777; x_wconf 88' lang='lat' dir='ltr'>ipsam</span> <span class='ocrx_word' id='word_1_105' title='bbox 1170 1693 1336 1760; x_wconf 75' lang='lat' dir='ltr'>fiduciam⁰</span> <span class='ocrx_word' id='word_1_106' title='bbox 1358 1701 1393 1760; x_wconf 89' lang='lat' dir='ltr'>et</span> <span class='ocrx_word' id='word_1_107' title='bbox 1414 1692 1530 1760; x_wconf 84' lang='lat' dir='ltr'>securi·</span> 
     </span>
     <span class='ocr_line' id='line_1_13' title="bbox 282 1797 1227 1866; baseline -0.002 -1"><span class='ocrx_word' id='word_1_108' title='bbox 282 1803 385 1866; x_wconf 90' lang='lat' dir='ltr'>tatem</span> <span class='ocrx_word' id='word_1_109' title='bbox 407 1799 467 1866; x_wconf 91' lang='lat' dir='ltr'>sibi</span> <span class='ocrx_word' id='word_1_110' title='bbox 490 1817 620 1865; x_wconf 90' lang='lat' dir='ltr'>seruare</span> <span class='ocrx_word' id='word_1_111' title='bbox 643 1798 845 1864; x_wconf 92' lang='lat' dir='ltr'>omnimodo</span> <span class='ocrx_word' id='word_1_112' title='bbox 869 1798 985 1864; x_wconf 90' lang='lat' dir='ltr'>debeat</span> <span class='ocrx_word' id='word_1_113' title='bbox 1008 1817 1079 1864; x_wconf 92' lang='lat' dir='ltr'>cum</span> <span class='ocrx_word' id='word_1_114' title='bbox 1103 1797 1227 1865; x_wconf 83' lang='lat' dir='ltr'>effectu.</span> 
     </span>
    </p>
   </div>
   <div class='ocr_carea' id='block_1_4' title="bbox 513 2027 1297 2080">
    <p class='ocr_par' dir='ltr' id='par_1_4' title="bbox 513 2027 1297 2080">
     <span class='ocr_line' id='line_1_14' title="bbox 513 2027 1297 2080; baseline -0.003 -8"><span class='ocrx_word' id='word_1_115' title='bbox 513 2027 579 2072; x_wconf 73' lang='lat' dir='ltr'>UAP.</span> <span class='ocrx_word' id='word_1_116' title='bbox 602 2028 652 2070; x_wconf 78' lang='lat' dir='ltr'>IN·</span> <span class='ocrx_word' id='word_1_117' title='bbox 676 2029 760 2080; x_wconf 74' lang='lat' dir='ltr'>QUOD</span> <span class='ocrx_word' id='word_1_118' title='bbox 782 2027 905 2070; x_wconf 72' lang='lat' dir='ltr'>mnus</span> <span class='ocrx_word' id='word_1_119' title='bbox 927 2027 1109 2071; x_wconf 73' lang='lat' dir='ltr'>OBOUIAETUR</span> <span class='ocrx_word' id='word_1_120' title='bbox 1130 2027 1297 2071; x_wconf 74' lang='lat' dir='ltr'><strong>MOB&#39;I&#39;UUH.</strong></span> 
     </span>
    </p>
   </div>
   <div class='ocr_carea' id='block_1_5' title="bbox 282 2143 1534 2744">
    <p class='ocr_par' dir='ltr' id='par_1_5' title="bbox 282 2143 1534 2744">
     <span class='ocr_line' id='line_1_15' title="bbox 327 2143 1529 2229; baseline -0.001 -19"><span class='ocrx_word' id='word_1_121' title='bbox 327 2145 409 2210; x_wconf 82' lang='lat' dir='ltr'>Item</span> <span class='ocrx_word' id='word_1_122' title='bbox 433 2149 589 2210; x_wconf 89' lang='lat' dir='ltr'>statutum</span> <span class='ocrx_word' id='word_1_123' title='bbox 606 2149 638 2210; x_wconf 92' lang='lat' dir='ltr'>et</span> <span class='ocrx_word' id='word_1_124' title='bbox 654 2145 835 2210; x_wconf 90' lang='lat' dir='ltr'>ordinatum</span> <span class='ocrx_word' id='word_1_125' title='bbox 850 2150 908 2229; x_wconf 91' lang='lat' dir='ltr'>est,</span> <span class='ocrx_word' id='word_1_126' title='bbox 933 2144 1017 2226; x_wconf 92' lang='lat' dir='ltr'>quod</span> <span class='ocrx_word' id='word_1_127' title='bbox 1040 2145 1145 2209; x_wconf 90' lang='lat' dir='ltr'>nullus</span> <span class='ocrx_word' id='word_1_128' title='bbox 1162 2144 1323 2210; x_wconf 88' lang='lat' dir='ltr'>masculus</span> <span class='ocrx_word' id='word_1_129' title='bbox 1339 2144 1393 2210; x_wconf 91' lang='lat' dir='ltr'>uel</span> <span class='ocrx_word' id='word_1_130' title='bbox 1408 2143 1529 2224; x_wconf 77' lang='lat' dir='ltr'>femina</span> 
     </span>
     <span class='ocr_line' id='line_1_16' title="bbox 282 2247 1527 2331; baseline 0 -17"><span class='ocrx_word' id='word_1_131' title='bbox 282 2249 316 2314; x_wconf 92' lang='lat' dir='ltr'>in</span> <span class='ocrx_word' id='word_1_132' title='bbox 340 2247 453 2314; x_wconf 81' lang='lat' dir='ltr'>funere</span> <span class='ocrx_word' id='word_1_133' title='bbox 484 2267 541 2314; x_wconf 87' lang='lat' dir='ltr'>seu</span> <span class='ocrx_word' id='word_1_134' title='bbox 563 2253 664 2314; x_wconf 90' lang='lat' dir='ltr'>morte</span> <span class='ocrx_word' id='word_1_135' title='bbox 698 2247 834 2314; x_wconf 90' lang='lat' dir='ltr'>alicuius</span> <span class='ocrx_word' id='word_1_136' title='bbox 865 2267 1061 2330; x_wconf 89' lang='lat' dir='ltr'>quocumque</span> <span class='ocrx_word' id='word_1_137' title='bbox 1090 2249 1184 2314; x_wconf 90' lang='lat' dir='ltr'>modo</span> <span class='ocrx_word' id='word_1_138' title='bbox 1207 2247 1240 2312; x_wconf 93' lang='lat' dir='ltr'>in</span> <span class='ocrx_word' id='word_1_139' title='bbox 1261 2248 1364 2331; x_wconf 85' lang='lat' dir='ltr'>gradu</span> <span class='ocrx_word' id='word_1_140' title='bbox 1395 2266 1527 2314; x_wconf 88' lang='lat' dir='ltr'>consan-</span> 
     </span>
     <span class='ocr_line' id='line_1_17' title="bbox 285 2350 1530 2436; baseline -0.001 -19"><span class='ocrx_word' id='word_1_141' title='bbox 285 2351 461 2436; x_wconf 86' lang='lat' dir='ltr'>guinitatis,</span> <span class='ocrx_word' id='word_1_142' title='bbox 496 2351 551 2416; x_wconf 91' lang='lat' dir='ltr'>uel</span> <span class='ocrx_word' id='word_1_143' title='bbox 582 2350 747 2416; x_wconf 83' lang='lat' dir='ltr'>affinitatis</span> <span class='ocrx_word' id='word_1_144' title='bbox 780 2351 840 2417; x_wconf 91' lang='lat' dir='ltr'>sibi</span> <span class='ocrx_word' id='word_1_145' title='bbox 876 2351 1059 2417; x_wconf 88' lang='lat' dir='ltr'>coniunctus</span> <span class='ocrx_word' id='word_1_146' title='bbox 1091 2351 1241 2431; x_wconf 87' lang='lat' dir='ltr'>extiterit,</span> <span class='ocrx_word' id='word_1_147' title='bbox 1283 2351 1398 2432; x_wconf 88' lang='lat' dir='ltr'>capitis</span> <span class='ocrx_word' id='word_1_148' title='bbox 1435 2369 1530 2417; x_wconf 90' lang='lat' dir='ltr'>orna-</span> 
     </span>
     <span class='ocr_line' id='line_1_18' title="bbox 285 2454 1534 2538; baseline -0.002 -16"><span class='ocrx_word' id='word_1_149' title='bbox 285 2461 404 2537; x_wconf 91' lang='lat' dir='ltr'>menta,</span> <span class='ocrx_word' id='word_1_150' title='bbox 436 2454 573 2538; x_wconf 88' lang='lat' dir='ltr'>hindam,</span> <span class='ocrx_word' id='word_1_151' title='bbox 608 2455 788 2536; x_wconf 84' lang='lat' dir='ltr'>biretum¹⁰,</span> <span class='ocrx_word' id='word_1_152' title='bbox 820 2457 955 2522; x_wconf 88' lang='lat' dir='ltr'>muciam</span> <span class='ocrx_word' id='word_1_153' title='bbox 984 2475 1040 2522; x_wconf 88' lang='lat' dir='ltr'>seu</span> <span class='ocrx_word' id='word_1_154' title='bbox 1069 2454 1211 2534; x_wconf 87' lang='lat' dir='ltr'>infulam,</span> <span class='ocrx_word' id='word_1_155' title='bbox 1242 2456 1295 2521; x_wconf 89' lang='lat' dir='ltr'>uel</span> <span class='ocrx_word' id='word_1_156' title='bbox 1324 2455 1436 2537; x_wconf 91' lang='lat' dir='ltr'>aliqua</span> <span class='ocrx_word' id='word_1_157' title='bbox 1468 2455 1534 2520; x_wconf 84' lang='lat' dir='ltr'>alia</span> 
     </span>
     <span class='ocr_line' id='line_1_19' title="bbox 286 2557 1530 2642; baseline -0.003 -15"><span class='ocrx_word' id='word_1_158' title='bbox 286 2564 472 2627; x_wconf 85' lang='lat' dir='ltr'>ornamenta</span> <span class='ocrx_word' id='word_1_159' title='bbox 495 2559 607 2641; x_wconf 90' lang='lat' dir='ltr'>capitis</span> <span class='ocrx_word' id='word_1_160' title='bbox 632 2559 693 2624; x_wconf 90' lang='lat' dir='ltr'>sibi</span> <span class='ocrx_word' id='word_1_161' title='bbox 715 2557 835 2626; x_wconf 86' lang='lat' dir='ltr'>auffere</span> <span class='ocrx_word' id='word_1_162' title='bbox 858 2565 1030 2640; x_wconf 80' lang='lat' dir='ltr'>presumat,</span> <span class='ocrx_word' id='word_1_163' title='bbox 1056 2579 1115 2625; x_wconf 88' lang='lat' dir='ltr'>nac</span> <span class='ocrx_word' id='word_1_164' title='bbox 1136 2561 1232 2626; x_wconf 87' lang='lat' dir='ltr'>etiam</span> <span class='ocrx_word' id='word_1_165' title='bbox 1255 2565 1423 2642; x_wconf 76' lang='lat' dir='ltr'>presumat</span> <span class='ocrx_word' id='word_1_166' title='bbox 1444 2577 1530 2624; x_wconf 93' lang='lat' dir='ltr'>mor-</span> 
     </span>
     <span class='ocr_line' id='line_1_20' title="bbox 285 2662 1534 2744; baseline -0.001 -15"><span class='ocrx_word' id='word_1_167' title='bbox 285 2669 375 2729; x_wconf 90' lang='lat' dir='ltr'>tuum</span> <span class='ocrx_word' id='word_1_168' title='bbox 399 2662 551 2743; x_wconf 82' lang='lat' dir='ltr'>osculari3</span> <span class='ocrx_word' id='word_1_169' title='bbox 575 2681 633 2728; x_wconf 90' lang='lat' dir='ltr'>nec</span> <span class='ocrx_word' id='word_1_170' title='bbox 648 2664 745 2728; x_wconf 90' lang='lat' dir='ltr'>etiam</span> <span class='ocrx_word' id='word_1_171' title='bbox 761 2663 876 2744; x_wconf 87' lang='lat' dir='ltr'>aliquia</span> <span class='ocrx_word' id='word_1_172' title='bbox 892 2669 998 2744; x_wconf 89' lang='lat' dir='ltr'>portet</span> <span class='ocrx_word' id='word_1_173' title='bbox 1017 2664 1149 2729; x_wconf 88' lang='lat' dir='ltr'>barbam</span> <span class='ocrx_word' id='word_1_174' title='bbox 1177 2663 1261 2730; x_wconf 89' lang='lat' dir='ltr'>ultra</span> <span class='ocrx_word' id='word_1_175' title='bbox 1277 2681 1375 2728; x_wconf 91' lang='lat' dir='ltr'>unum</span> <span class='ocrx_word' id='word_1_176' title='bbox 1391 2681 1534 2730; x_wconf 88' lang='lat' dir='ltr'>mensem</span> 
     </span>
    </p>
   </div>
   <div class='ocr_carea' id='block_1_6' title="bbox 170 2766 1535 2852">
    <p class='ocr_par' dir='ltr' id='par_1_6' title="bbox 170 2766 1535 2852">
     <span class='ocr_line' id='line_1_21' title="bbox 170 2766 1535 2852; baseline -0.004 -17"><span class='ocrx_word' id='word_1_177' title='bbox 170 2828 173 2835; x_wconf 90' lang='lat'>.</span> <span class='ocrx_word' id='word_1_178' title='bbox 286 2766 454 2832; x_wconf 88' lang='lat' dir='ltr'>occasione</span> <span class='ocrx_word' id='word_1_179' title='bbox 476 2767 607 2832; x_wconf 84' lang='lat' dir='ltr'>alicuius</span> <span class='ocrx_word' id='word_1_180' title='bbox 638 2766 764 2852; x_wconf 89' lang='lat' dir='ltr'>mortui,</span> <span class='ocrx_word' id='word_1_181' title='bbox 795 2771 962 2848; x_wconf 87' lang='lat' dir='ltr'>postquam</span> <span class='ocrx_word' id='word_1_182' title='bbox 995 2775 1140 2833; x_wconf 87' lang='lat' dir='ltr'>mortuus</span> <span class='ocrx_word' id='word_1_183' title='bbox 1171 2767 1268 2832; x_wconf 86' lang='lat' dir='ltr'>luerit</span> <span class='ocrx_word' id='word_1_184' title='bbox 1297 2767 1453 2848; x_wconf 89' lang='lat' dir='ltr'>sepultus.</span> <span class='ocrx_word' id='word_1_185' title='bbox 1489 2767 1535 2831; x_wconf 84' lang='lat' dir='ltr'>Et</span> 
     </span>
    </p>
   </div>
   <div class='ocr_carea' id='block_1_7' title="bbox 287 2845 1540 3784">
    <p class='ocr_par' dir='ltr' id='par_1_7' title="bbox 287 2845 1540 3680">
     <span class='ocr_line' id='line_1_22' title="bbox 290 2845 1536 2955; baseline 0.001 -20"><span class='ocrx_word' id='word_1_186' title='bbox 290 2870 481 2951; x_wconf 88' lang='lat' dir='ltr'>quicumque</span> <span class='ocrx_word' id='word_1_187' title='bbox 505 2875 616 2936; x_wconf 90' lang='lat' dir='ltr'>contra</span> <span class='ocrx_word' id='word_1_188' title='bbox 639 2869 760 2955; x_wconf 87' lang='lat' dir='ltr'>lecerit,</span> <span class='ocrx_word' id='word_1_189' title='bbox 784 2870 817 2934; x_wconf 94' lang='lat' dir='ltr'>in</span> <span class='ocrx_word' id='word_1_190' title='bbox 839 2869 907 2935; x_wconf 68' lang='lat' dir='ltr'>xx²¹</span> <span class='ocrx_word' id='word_1_191' title='bbox 927 2871 1033 2937; x_wconf 87' lang='lat' dir='ltr'>soldos</span> <span class='ocrx_word' id='word_1_192' title='bbox 1047 2873 1117 2936; x_wconf 88' lang='lat' dir='ltr'>uice</span> <span class='ocrx_word' id='word_1_193' title='bbox 1141 2845 1284 2952; x_wconf 71' lang='lat' dir='ltr'>qualibet</span> <span class='ocrx_word' id='word_1_194' title='bbox 1306 2871 1477 2953; x_wconf 81' lang='lat' dir='ltr'>puniatur3</span> <span class='ocrx_word' id='word_1_195' title='bbox 1501 2877 1536 2938; x_wconf 90' lang='lat' dir='ltr'>et</span> 
     </span>
     <span class='ocr_line' id='line_1_23' title="bbox 289 2973 1533 3057; baseline 0 -17"><span class='ocrx_word' id='word_1_196' title='bbox 289 2977 396 3040; x_wconf 89' lang='lat' dir='ltr'>rector</span> <span class='ocrx_word' id='word_1_197' title='bbox 419 2974 558 3040; x_wconf 87' lang='lat' dir='ltr'>ciuitatis</span> <span class='ocrx_word' id='word_1_198' title='bbox 576 2973 698 3056; x_wconf 86' lang='lat' dir='ltr'>Spalati</span> <span class='ocrx_word' id='word_1_199' title='bbox 714 2975 839 3040; x_wconf 91' lang='lat' dir='ltr'>uinculo</span> <span class='ocrx_word' id='word_1_200' title='bbox 862 2975 1050 3042; x_wconf 88' lang='lat' dir='ltr'>sacramenti</span> <span class='ocrx_word' id='word_1_201' title='bbox 1073 2980 1221 3040; x_wconf 88' lang='lat' dir='ltr'>teneatur</span> <span class='ocrx_word' id='word_1_202' title='bbox 1235 2975 1383 3057; x_wconf 79' lang='lat' dir='ltr'>predicta</span> <span class='ocrx_word' id='word_1_203' title='bbox 1398 2973 1533 3040; x_wconf 86' lang='lat' dir='ltr'>firmiter</span> 
     </span>
     <span class='ocr_line' id='line_1_24' title="bbox 287 3069 1534 3146; baseline -0.002 -2"><span class='ocrx_word' id='word_1_204' title='bbox 287 3078 459 3144; x_wconf 86' lang='lat' dir='ltr'>obseruare</span> <span class='ocrx_word' id='word_1_205' title='bbox 487 3083 521 3143; x_wconf 92' lang='lat' dir='ltr'>et</span> <span class='ocrx_word' id='word_1_206' title='bbox 542 3083 690 3144; x_wconf 89' lang='lat' dir='ltr'>teneatur</span> <span class='ocrx_word' id='word_1_207' title='bbox 719 3079 844 3145; x_wconf 91' lang='lat' dir='ltr'>uinculo</span> <span class='ocrx_word' id='word_1_208' title='bbox 876 3081 1068 3146; x_wconf 87' lang='lat' dir='ltr'>sacramenti</span> <span class='ocrx_word' id='word_1_209' title='bbox 1098 3069 1227 3144; x_wconf 83' lang='lat' dir='ltr'>mittero</span> <span class='ocrx_word' id='word_1_210' title='bbox 1258 3079 1419 3145; x_wconf 88' lang='lat' dir='ltr'>notarium</span> <span class='ocrx_word' id='word_1_211' title='bbox 1439 3097 1534 3144; x_wconf 90' lang='lat' dir='ltr'>snum</span> 
     </span>
     <span class='ocr_line' id='line_1_25' title="bbox 289 3177 1536 3266; baseline -0.002 -18"><span class='ocrx_word' id='word_1_212' title='bbox 289 3199 366 3262; x_wconf 78' lang='lat' dir='ltr'>sepe</span> <span class='ocrx_word' id='word_1_213' title='bbox 389 3183 577 3263; x_wconf 77' lang='lat' dir='ltr'>sepiusque,</span> <span class='ocrx_word' id='word_1_214' title='bbox 601 3183 727 3262; x_wconf 89' lang='lat' dir='ltr'>quando</span> <span class='ocrx_word' id='word_1_215' title='bbox 751 3182 849 3264; x_wconf 91' lang='lat' dir='ltr'>aliqui</span> <span class='ocrx_word' id='word_1_216' title='bbox 871 3189 1029 3250; x_wconf 91' lang='lat' dir='ltr'>mortuum</span> <span class='ocrx_word' id='word_1_217' title='bbox 1052 3181 1175 3248; x_wconf 89' lang='lat' dir='ltr'>uadunt</span> <span class='ocrx_word' id='word_1_218' title='bbox 1198 3177 1342 3266; x_wconf 89' lang='lat' dir='ltr'>sepelire&#39;,</span> <span class='ocrx_word' id='word_1_219' title='bbox 1367 3183 1408 3248; x_wconf 91' lang='lat' dir='ltr'>ad</span> <span class='ocrx_word' id='word_1_220' title='bbox 1424 3181 1536 3248; x_wconf 90' lang='lat' dir='ltr'>uiden·</span> 
     </span>
     <span class='ocr_line' id='line_1_26' title="bbox 289 3284 1536 3368; baseline 0.002 -19"><span class='ocrx_word' id='word_1_221' title='bbox 289 3284 365 3349; x_wconf 90' lang='lat' dir='ltr'>dum</span> <span class='ocrx_word' id='word_1_222' title='bbox 381 3290 414 3351; x_wconf 91' lang='lat' dir='ltr'>et</span> <span class='ocrx_word' id='word_1_223' title='bbox 432 3286 659 3368; x_wconf 87' lang='lat' dir='ltr'>explorandum</span> <span class='ocrx_word' id='word_1_224' title='bbox 681 3287 827 3368; x_wconf 81' lang='lat' dir='ltr'>predicta</span> <span class='ocrx_word' id='word_1_225' title='bbox 843 3293 876 3351; x_wconf 87' lang='lat' dir='ltr'>ct</span> <span class='ocrx_word' id='word_1_226' title='bbox 892 3286 1178 3368; x_wconf 86' lang='lat' dir='ltr'>adinquirendum,</span> <span class='ocrx_word' id='word_1_227' title='bbox 1200 3287 1227 3352; x_wconf 90' lang='lat' dir='ltr'>si</span> <span class='ocrx_word' id='word_1_228' title='bbox 1242 3286 1358 3367; x_wconf 85' lang='lat' dir='ltr'>aliquis</span> <span class='ocrx_word' id='word_1_229' title='bbox 1373 3287 1536 3352; x_wconf 85' lang='lat' dir='ltr'>masculus</span> 
     </span>
     <span class='ocr_line' id='line_1_27' title="bbox 287 3387 1540 3473; baseline 0 -19"><span class='ocrx_word' id='word_1_230' title='bbox 287 3389 341 3455; x_wconf 89' lang='lat' dir='ltr'>uel</span> <span class='ocrx_word' id='word_1_231' title='bbox 364 3387 486 3468; x_wconf 77' lang='lat' dir='ltr'>femina</span> <span class='ocrx_word' id='word_1_232' title='bbox 516 3388 613 3455; x_wconf 85' lang='lat' dir='ltr'>faciat</span> <span class='ocrx_word' id='word_1_233' title='bbox 643 3395 753 3456; x_wconf 90' lang='lat' dir='ltr'>contra</span> <span class='ocrx_word' id='word_1_234' title='bbox 783 3390 957 3471; x_wconf 79' lang='lat' dir='ltr'>predictam</span> <span class='ocrx_word' id='word_1_235' title='bbox 990 3389 1123 3456; x_wconf 84' lang='lat' dir='ltr'>formam</span> <span class='ocrx_word' id='word_1_236' title='bbox 1153 3390 1314 3472; x_wconf 80' lang='lat' dir='ltr'>presentis</span> <span class='ocrx_word' id='word_1_237' title='bbox 1337 3390 1461 3473; x_wconf 86' lang='lat' dir='ltr'>statuti,</span> <span class='ocrx_word' id='word_1_238' title='bbox 1484 3391 1540 3470; x_wconf 82' lang='lat' dir='ltr'>ita,</span> 
     </span>
     <span class='ocr_line' id='line_1_28' title="bbox 290 3491 1536 3576; baseline 0.002 -20"><span class='ocrx_word' id='word_1_239' title='bbox 290 3491 376 3573; x_wconf 93' lang='lat' dir='ltr'>quod</span> <span class='ocrx_word' id='word_1_240' title='bbox 399 3509 458 3574; x_wconf 90' lang='lat' dir='ltr'>per</span> <span class='ocrx_word' id='word_1_241' title='bbox 479 3493 714 3574; x_wconf 86' lang='lat' dir='ltr'>inquisitionem</span> <span class='ocrx_word' id='word_1_242' title='bbox 738 3493 841 3574; x_wconf 83' lang='lat' dir='ltr'>possit</span> <span class='ocrx_word' id='word_1_243' title='bbox 864 3495 1038 3575; x_wconf 89' lang='lat' dir='ltr'>procedere</span> <span class='ocrx_word' id='word_1_244' title='bbox 1064 3499 1174 3561; x_wconf 90' lang='lat' dir='ltr'>contra</span> <span class='ocrx_word' id='word_1_245' title='bbox 1197 3513 1252 3560; x_wconf 89' lang='lat' dir='ltr'>eos</span> <span class='ocrx_word' id='word_1_246' title='bbox 1276 3499 1310 3559; x_wconf 90' lang='lat' dir='ltr'>et</span> <span class='ocrx_word' id='word_1_247' title='bbox 1331 3494 1446 3576; x_wconf 83' lang='lat' dir='ltr'>quos¹¹</span> <span class='ocrx_word' id='word_1_248' title='bbox 1469 3493 1536 3559; x_wconf 88' lang='lat' dir='ltr'>cnl-</span> 
     </span>
     <span class='ocr_line' id='line_1_29' title="bbox 288 3595 1533 3680; baseline 0.002 -20"><span class='ocrx_word' id='word_1_249' title='bbox 288 3595 414 3677; x_wconf 89' lang='lat' dir='ltr'>pabiles</span> <span class='ocrx_word' id='word_1_250' title='bbox 437 3596 606 3676; x_wconf 88' lang='lat' dir='ltr'>inuenerit,</span> <span class='ocrx_word' id='word_1_251' title='bbox 629 3601 776 3662; x_wconf 88' lang='lat' dir='ltr'>teneatur</span> <span class='ocrx_word' id='word_1_252' title='bbox 792 3598 904 3678; x_wconf 89' lang='lat' dir='ltr'>punire</span> <span class='ocrx_word' id='word_1_253' title='bbox 921 3604 954 3661; x_wconf 89' lang='lat' dir='ltr'>et</span> <span class='ocrx_word' id='word_1_254' title='bbox 970 3597 1214 3664; x_wconf 65' lang='lat' dir='ltr'>condemnare1²</span> <span class='ocrx_word' id='word_1_255' title='bbox 1228 3599 1261 3662; x_wconf 94' lang='lat' dir='ltr'>in</span> <span class='ocrx_word' id='word_1_256' title='bbox 1276 3613 1362 3680; x_wconf 70' lang='lat' dir='ltr'>pena</span> <span class='ocrx_word' id='word_1_257' title='bbox 1377 3597 1533 3679; x_wconf 77' lang='lat' dir='ltr'>predicta</span> 
     </span>
    </p>

    <p class='ocr_par' dir='ltr' id='par_1_8' title="bbox 333 3698 1536 3784">
     <span class='ocr_line' id='line_1_30' title="bbox 333 3698 1536 3784; baseline 0.002 -21"><span class='ocrx_word' id='word_1_258' title='bbox 333 3698 377 3763; x_wconf 87' lang='lat' dir='ltr'>Et</span> <span class='ocrx_word' id='word_1_259' title='bbox 399 3703 503 3764; x_wconf 90' lang='lat' dir='ltr'>stetur</span> <span class='ocrx_word' id='word_1_260' title='bbox 531 3699 563 3766; x_wconf 93' lang='lat' dir='ltr'>in</span> <span class='ocrx_word' id='word_1_261' title='bbox 587 3699 647 3764; x_wconf 88' lang='lat' dir='ltr'>hoc</span> <span class='ocrx_word' id='word_1_262' title='bbox 677 3701 823 3766; x_wconf 88' lang='lat' dir='ltr'>relationi</span> <span class='ocrx_word' id='word_1_263' title='bbox 855 3702 971 3782; x_wconf 85' lang='lat' dir='ltr'>notarij</span> <span class='ocrx_word' id='word_1_264' title='bbox 1003 3703 1171 3784; x_wconf 87' lang='lat' dir='ltr'>potestatis</span> <span class='ocrx_word' id='word_1_265' title='bbox 1200 3719 1258 3766; x_wconf 91' lang='lat' dir='ltr'>seu</span> <span class='ocrx_word' id='word_1_266' title='bbox 1285 3702 1420 3767; x_wconf 85' lang='lat' dir='ltr'>rectoris</span> <span class='ocrx_word' id='word_1_267' title='bbox 1449 3701 1536 3780; x_wconf 81' lang='lat' dir='ltr'>dicte</span> 
     </span>
    </p>
   </div>
   <div class='ocr_carea' id='block_1_8' title="bbox 291 3779 986 3886">
    <p class='ocr_par' dir='ltr' id='par_1_9' title="bbox 291 3779 986 3886">
     <span class='ocr_line' id='line_1_31' title="bbox 291 3779 986 3886; baseline 0 -19"><span class='ocrx_word' id='word_1_268' title='bbox 291 3779 463 3867; x_wconf 60' lang='grc' dir='ltr'>οἰιιίῐειῐίεὶ8</span> <span class='ocrx_word' id='word_1_269' title='bbox 485 3803 554 3868; x_wconf 90' lang='lat' dir='ltr'>sine</span> <span class='ocrx_word' id='word_1_270' title='bbox 577 3803 683 3884; x_wconf 90' lang='lat' dir='ltr'>aliqua</span> <span class='ocrx_word' id='word_1_271' title='bbox 705 3803 767 3869; x_wconf 93' lang='lat' dir='ltr'>alia</span> <span class='ocrx_word' id='word_1_272' title='bbox 788 3804 986 3886; x_wconf 90' lang='lat' dir='ltr'>probatione.</span> 
     </span>
    </p>
   </div>
   <div class='ocr_carea' id='block_1_9' title="bbox 291 3977 1541 4502">
    <p class='ocr_par' dir='ltr' id='par_1_10' title="bbox 291 3977 1541 4502">
     <span class='ocr_line' id='line_1_32' title="bbox 342 3977 1540 4077; baseline 0.002 -24"><span class='ocrx_word' id='word_1_273' title='bbox 342 3992 433 4070; x_wconf 84' lang='lat' dir='ltr'>²Ap.</span> <span class='ocrx_word' id='word_1_274' title='bbox 465 3995 593 4071; x_wconf 90' lang='lat' dir='ltr'>Ljub.:</span> <span class='ocrx_word' id='word_1_275' title='bbox 627 3994 819 4077; x_wconf 74' lang='lat' dir='ltr'>„maleficio“.</span> <span class='ocrx_word' id='word_1_276' title='bbox 911 3977 1057 4057; x_wconf 56' lang='lat' dir='ltr'>’ibina</span> <span class='ocrx_word' id='word_1_277' title='bbox 1094 3995 1321 4071; x_wconf 85' lang='lat' dir='ltr'>„procedatur“.</span> <span class='ocrx_word' id='word_1_278' title='bbox 1418 3993 1540 4055; x_wconf 79' lang='lat' dir='ltr'>⁸cou</span> 
     </span>
     <span class='ocr_line' id='line_1_33' title="bbox 293 4077 1540 4163; baseline -0.001 -21"><span class='ocrx_word' id='word_1_279' title='bbox 293 4082 403 4142; x_wconf 86' lang='lat' dir='ltr'>acad.</span> <span class='ocrx_word' id='word_1_280' title='bbox 427 4081 469 4142; x_wconf 89' lang='lat' dir='ltr'>B:</span> <span class='ocrx_word' id='word_1_281' title='bbox 495 4077 777 4163; x_wconf 80' lang='lat' dir='ltr'>„condempnatns“.</span> <span class='ocrx_word' id='word_1_282' title='bbox 837 4080 1081 4158; x_wconf 69' lang='lat' dir='ltr'>4ibid.:„at“.</span> <span class='ocrx_word' id='word_1_283' title='bbox 1142 4077 1383 4142; x_wconf 77' lang='lat' dir='ltr'>⁶ibid.·e.m.</span> <span class='ocrx_word' id='word_1_284' title='bbox 1449 4079 1540 4156; x_wconf 71' lang='lat' dir='ltr'>‘Ap</span> 
     </span>
     <span class='ocr_line' id='line_1_34' title="bbox 291 4163 1541 4250; baseline 0.002 -24"><span class='ocrx_word' id='word_1_285' title='bbox 291 4169 316 4226; x_wconf 90' lang='lat' dir='ltr'>L</span> <span class='ocrx_word' id='word_1_286' title='bbox 324 4167 423 4243; x_wconf 90' lang='lat' dir='ltr'>jub.:</span> <span class='ocrx_word' id='word_1_287' title='bbox 451 4163 649 4243; x_wconf 83' lang='lat' dir='ltr'>„fidentiam“.</span> <span class='ocrx_word' id='word_1_288' title='bbox 720 4166 841 4228; x_wconf 81' lang='lat' dir='ltr'>⁷Ood.</span> <span class='ocrx_word' id='word_1_289' title='bbox 865 4171 969 4229; x_wconf 92' lang='lat' dir='ltr'>acad.</span> <span class='ocrx_word' id='word_1_290' title='bbox 993 4169 1036 4228; x_wconf 90' lang='lat' dir='ltr'>B:</span> <span class='ocrx_word' id='word_1_291' title='bbox 1062 4167 1376 4250; x_wconf 75' lang='lat' dir='ltr'>„condempnatione“.</span> <span class='ocrx_word' id='word_1_292' title='bbox 1448 4163 1541 4243; x_wconf 80' lang='lat' dir='ltr'>⁸Ap.</span> 
     </span>
     <span class='ocr_line' id='line_1_35' title="bbox 291 4251 1541 4336; baseline 0 -24"><span class='ocrx_word' id='word_1_293' title='bbox 291 4255 317 4312; x_wconf 85' lang='lat' dir='ltr'>L</span> <span class='ocrx_word' id='word_1_294' title='bbox 325 4253 424 4329; x_wconf 87' lang='lat' dir='ltr'>jub.:</span> <span class='ocrx_word' id='word_1_295' title='bbox 452 4254 528 4336; x_wconf 80' lang='lat' dir='ltr'>,sibi</span> <span class='ocrx_word' id='word_1_296' title='bbox 551 4253 768 4328; x_wconf 64' lang='lat' dir='ltr'>aliquatennsl‘.</span> <span class='ocrx_word' id='word_1_297' title='bbox 858 4252 935 4316; x_wconf 68' lang='lat' dir='ltr'>”ot</span> <span class='ocrx_word' id='word_1_298' title='bbox 959 4256 1026 4314; x_wconf 90' lang='lat' dir='ltr'>adn.</span> <span class='ocrx_word' id='word_1_299' title='bbox 1052 4253 1084 4330; x_wconf 87' lang='lat'>6)</span> <span class='ocrx_word' id='word_1_300' title='bbox 1168 4251 1197 4288; x_wconf 83' lang='lat'>¹⁰</span> <span class='ocrx_word' id='word_1_301' title='bbox 1218 4253 1275 4329; x_wconf 84' lang='lat' dir='ltr'>Ap.</span> <span class='ocrx_word' id='word_1_302' title='bbox 1299 4254 1431 4330; x_wconf 85' lang='lat' dir='ltr'>Ljub.:</span> <span class='ocrx_word' id='word_1_303' title='bbox 1457 4254 1541 4330; x_wconf 81' lang='lat' dir='ltr'>,tim-</span> 
     </span>
     <span class='ocr_line' id='line_1_36' title="bbox 292 4333 1541 4420; baseline 0 -21"><span class='ocrx_word' id='word_1_304' title='bbox 292 4333 424 4399; x_wconf 86' lang='lat' dir='ltr'>reoum“.</span> <span class='ocrx_word' id='word_1_305' title='bbox 500 4337 924 4420; x_wconf 68' lang='lat' dir='ltr'>11ibid.:,qu0scunquo“,.</span> <span class='ocrx_word' id='word_1_306' title='bbox 997 4336 1141 4402; x_wconf 61' lang='lat' dir='ltr'>stunc.</span> <span class='ocrx_word' id='word_1_307' title='bbox 1165 4341 1269 4400; x_wconf 89' lang='lat' dir='ltr'>acad.</span> <span class='ocrx_word' id='word_1_308' title='bbox 1294 4340 1335 4400; x_wconf 92' lang='lat' dir='ltr'>B:</span> <span class='ocrx_word' id='word_1_309' title='bbox 1364 4339 1541 4418; x_wconf 74' lang='lat' dir='ltr'>,condemp</span> 
     </span>
     <span class='ocr_line' id='line_1_37' title="bbox 298 4423 1118 4502; baseline 0 -16"><span class='ocrx_word' id='word_1_310' title='bbox 298 4425 400 4487; x_wconf 86' lang='lat' dir='ltr'>uare“.</span> <span class='ocrx_word' id='word_1_311' title='bbox 464 4423 492 4461; x_wconf 80' lang='lat'>²³</span> <span class='ocrx_word' id='word_1_312' title='bbox 510 4445 580 4502; x_wconf 84' lang='lat' dir='ltr'>„seu</span> <span class='ocrx_word' id='word_1_313' title='bbox 596 4459 638 4471; x_wconf 90' lang='lat'>-</span> <span class='ocrx_word' id='word_1_314' title='bbox 661 4427 806 4486; x_wconf 84' lang='lat' dir='ltr'>ciuitatls“</span> <span class='ocrx_word' id='word_1_315' title='bbox 833 4427 917 4486; x_wconf 85' lang='lat' dir='ltr'>deest</span> <span class='ocrx_word' id='word_1_316' title='bbox 936 4445 985 4502; x_wconf 89' lang='lat' dir='ltr'>ap.</span> <span class='ocrx_word' id='word_1_317' title='bbox 1008 4427 1033 4485; x_wconf 87' lang='lat' dir='ltr'>L</span> <span class='ocrx_word' id='word_1_318' title='bbox 1039 4425 1118 4502; x_wconf 89' lang='lat' dir='ltr'>jub.</span> 
     </span>
    </p>
   </div>
   <div class='ocr_carea' id='block_1_10' title="bbox 0 0 1706 5348">
    <p class='ocr_par' dir='ltr' id='par_1_11' title="bbox 0 0 1706 5348">
     <span class='ocr_line' id='line_1_38' title="bbox 0 0 1706 5348; baseline 0 0"><span class='ocrx_word' id='word_1_319' title='bbox 0 0 1706 5348; x_wconf 95' lang='lat' dir='ltr'> </span> 
     </span>
    </p>
   </div>
  </div>
 </body>
</html>
