3396 5402
1306 465 1366 526 121

136 677 225 740 tates
247 674 460 750 estimatoree,
484 689 577 752 quem
596 690 654 753 per
668 671 828 752 posticios
852 689 907 738 seu
934 671 1094 752 pudarios,
1117 671 1202 753 quod
1228 672 1369 754 regimen

138 783 217 842 mne
240 782 387 842 teneatur
420 777 574 858 deputare
596 782 630 841 et
651 777 869 842 transmittere
892 793 1003 854 vnum,
1037 777 1089 842 vel
1112 776 1219 858 plures
1240 777 1371 843 idoneos

134 889 170 948 et
192 881 256 947 fide
279 882 390 964 dignos
413 881 565 960 homines,
588 881 666 946 nulli
687 882 824 964 partium
846 887 1020 966 suspectos,
1056 883 1109 964 qui
1131 881 1254 948 maculo
1278 901 1369 962 prae·

132 987 205 1052 stiti
220 987 390 1053 iuramenti
405 992 573 1052 teneantur
589 987 696 1052 statim
711 986 922 1068 personaliter
937 986 1089 1054 adeuntes
1105 987 1253 1052 damnum
1265 987 1373 1054 videre

132 1097 167 1157 et
194 1093 347 1158 estimare
361 1092 491 1158 juridice
507 1091 677 1158 seeundum
692 1110 803 1173 puram
820 1110 928 1158 eorum
944 1093 1177 1158 conscientiam.
1200 1092 1245 1157 Et
1261 1091 1372 1158 exinde

133 1195 177 1262 ad
201 1197 387 1278 petitionem
408 1199 546 1279 petentia
568 1198 671 1278 ipsam
693 1197 953 1264 existimationem
978 1197 1082 1262 notan
1103 1195 1223 1262 facient
1242 1199 1274 1262 in
1300 1215 1371 1262 can·

133 1300 267 1368 cellario
288 1298 478 1386 communis,
502 1301 615 1368 notitia
635 1301 737 1382 primo
760 1299 844 1366 facta
872 1299 955 1366 dieto
982 1300 1135 1382 regimini,
1167 1301 1208 1368 de
1239 1319 1369 1383 quorum

136 1405 359 1471 estimatorum
374 1405 483 1472 labore
501 1411 534 1472 et
549 1395 694 1472 mercede
709 1406 848 1487 regimen
875 1405 1034 1487 prouideri
1049 1404 1146 1472 iaciat
1160 1405 1200 1471 ad
1216 1425 1371 1489 expensas

133 1507 285 1574 damnum
321 1509 426 1576 danim
459 1510 631 1576 seeundum
664 1529 777 1592 parere
805 1511 904 1593 ipsius
937 1510 1105 1594 regiminis.
1139 1511 1182 1576 Et
1212 1511 1370 1578 estimatio

132 1612 225 1679 iacta
248 1613 274 1678 si
298 1631 377 1696 opus
392 1613 483 1682 fuerit
511 1615 552 1680 ad
574 1615 757 1699 petitionem
778 1615 999 1698 cuiuscumque
1013 1616 1114 1698 partis
1129 1617 1371 1698 conquaerentis

136 1719 278 1784 renideri
300 1721 403 1802 possit
423 1739 481 1803 per
504 1721 583 1786 elios
608 1721 805 1802 deputandos
829 1721 927 1788 semel
949 1727 1082 1786 tanturn.
1116 1721 1160 1786 Et
1174 1721 1374 1786 estimatoree

135 1824 192 1905 qui
214 1825 331 1908 cogniti
354 1823 472 1891 fuerim
494 1825 576 1891 male
599 1827 774 1905 estimasse,
799 1825 917 1892 nullam
939 1826 1079 1894 habeant
1093 1843 1150 1915 pro
1166 1842 1275 1892 eorum
1291 1844 1372 1892 mer-

139 1928 221 1996 cede
243 1928 439 1996 solutionem.

223 2144 290 2186 ΟΔΡ.
314 2144 441 2188 cumi.
473 2145 514 2186 DE
536 2143 654 2187 onum
676 2143 906 2188 rosulcmoauu
928 2145 967 2186 m
990 2145 1112 2188 ormcro
1135 2146 1283 2189 lIaIrORUM.

178 2251 270 2332 item,
301 2252 385 2333 quod
415 2252 456 2318 de
486 2251 608 2317 damnis
638 2251 721 2318 datis
753 2253 785 2316 in
808 2253 911 2318 bladis
941 2254 1075 2335 repertis
1104 2271 1162 2336 per
1190 2253 1372 2336 posticbioe‚

134 2356 189 2437 qui
214 2355 255 2422 de
276 2355 339 2420 illis
361 2355 594 2422 estimationem
616 2355 741 2441 facient,
765 2357 890 2424 soluere
909 2363 1076 2426 teneantur
1092 2358 1240 2423 damnum
1257 2360 1369 2424 dantes

135 2460 197 2526 hoc
221 2460 313 2528 modo
337 2465 371 2526 et
392 2461 502 2526 ordine
524 2459 616 2526 dictis
646 2459 827 2543 posticbijs‚
862 2461 1020 2546 videlicet,
1055 2481 1113 2545 pro
1136 2464 1220 2528 omni
1243 2461 1369 2528 animali

136 2583 254 2648 magno
278 2583 423 2648 grossum
447 2583 558 2644 vuum3
593 2571 626 2630 et
648 2583 705 2647 pro
727 2567 811 2632 omni
835 2567 956 2632 decima
978 2569 1156 2632 animalium
1180 2569 1369 2632 minutorum

135 2687 284 2751 grossum
305 2689 409 2750 vnum,
433 2687 526 2751 quam
548 2688 689 2752 poenam,
713 2689 769 2736 seu
790 2689 935 2736 accusem
958 2671 1100 2738 diuidere
1122 2678 1291 2739 teneantur
1315 2689 1369 2754 po-

135 2774 241 2854 stiehij
265 2775 326 2856 ipsi
348 2792 418 2838 oum
448 2778 581 2856 patrono
618 2775 763 2839 damnum
797 2793 891 2856 passo
914 2794 973 2857 pro
996 2777 1125 2842 dimidie
1157 2777 1292 2857 aequali.
1327 2777 1370 2840 Et

136 2880 327 2961 quicumque
361 2885 506 2960 repertus
521 2872 631 2945 ”fuerit
652 2897 711 2962 ρετ
733 2879 834 2946 dictos
865 2881 1034 2962 posticbios
1069 2881 1215 2946 damnum
1239 2882 1315 2946 dere
1337 2881 1369 2945 in

135 2983 251 3070 bortis,
286 2983 458 3068 clausuris,
492 2983 599 3049 herbis
622 2983 804 3064 custoditis,
839 2985 888 3051 vel
911 2986 1050 3068 pergulis
1080 3005 1148 3051 cum
1172 2985 1370 3069 animalibus

134 3089 263 3156 soluere
295 3095 460 3166 teneatur,
496 3087 578 3154 vltra
599 3087 829 3154 estimationem
860 3089 976 3156 iactam
999 3109 1057 3172 per
1080 3091 1179 3156 dictos
1208 3087 1370 3168 officiales,

133 3211 195 3275 pro
218 3193 361 3274 quolibet
382 3192 510 3258 animali
532 3211 645 3275 magno
664 3213 794 3276 grossos
814 3197 854 3277 vj.
872 3215 930 3277 pro
946 3197 1133 3262 animalibus
1152 3215 1227 3261 vero
1243 3195 1371 3260 minutis

134 3316 268 3364 numero
291 3298 399 3364 decem
422 3303 454 3364 et
477 3317 573 3380 supra
606 3317 779 3381 yperperos
803 3299 897 3378 ‹luos3
929 3300 1044 3365 abinde
1065 3300 1146 3366 inira
1169 3301 1274 3366 soluat
1295 3301 1370 3365 esti-

134 3403 307 3468 mationem
329 3407 468 3480 tantum;
503 3421 584 3484 quae
607 3421 718 3484 poena,
750 3411 783 3468 vt
807 3423 911 3484 supra,
936 3404 1097 3469 diuidatur
1119 3424 1177 3486 pro
1200 3405 1371 3472 medietate

133 3509 220 3572 inter
242 3505 395 3574 officiales
419 3511 453 3572 et
474 3513 625 3588 patronos
648 3507 795 3574 damnum
818 3527 940 3591 passos.
965 3509 1006 3573 Et
1029 3509 1190 3590 quaelibet
1211 3510 1368 3575 estimatio

134 3627 403 3692 quorumcumque
432 3611 616 3677 damnorum
638 3610 708 3677 fieri
730 3614 848 3694 possit,
880 3617 944 3678 tam
968 3631 1024 3695 per
1054 3613 1241 3695 postiebios,
1276 3631 1370 3695 quam

134 3735 193 3797 per
215 3713 357 3780 homines
380 3717 580 3782 estimatores
604 3717 780 3799 deputatae,
805 3719 1010 3802 numerando,
1034 3719 1083 3783 vel
1100 3737 1162 3784 non
1177 3717 1370 3784 numerando

134 3819 244 3902 capita
265 3819 383 3898 vitium,
420 3821 488 3886 siue
510 3821 637 3902 stipites
660 3822 795 3887 caulium
819 3827 851 3888 et
873 3822 1006 3888 aliorum
1029 3823 1237 3888 consimilium
1259 3841 1369 3888 secun·

135 3923 211 3988 dum
233 3941 342 3988 eorum
364 3943 475 4006 puram
498 3927 719 3992 conscientiam
743 3927 801 3992 eub
825 3925 950 3993 mutulo
972 3928 1117 4010 praestiti
1140 3928 1315 3994 iuramenti.

134 4138 204 4182 ode.
228 4137 367 4180 cmxxxn.
398 4137 440 4180 bn
462 4139 580 4181 ORDINE
607 4139 788 4184 sonuulome
811 4141 975 4185 samanar
998 4141 1168 4186 FAO'MBUM
1191 4143 1232 4184 DE
1254 4143 1370 4186 BLADO.

177 4246 269 4331 Item,
292 4245 376 4328 quod
400 4246 426 4312 si
450 4247 533 4328 quod
556 4246 703 4312 damnum
726 4249 920 4331 reperiretur
941 4249 1009 4316 iore
1026 4249 1132 4316 datum
1148 4269 1205 4332 per
1221 4250 1368 4315 animalia

133 4350 361 4432 cuiuscumque
382 4351 415 4416 in
438 4350 540 4417 bladis
561 4357 595 4418 et
609 4358 762 4434 patronus
778 4353 863 4420 bladi
878 4354 976 4420 vellet
992 4373 1050 4422 suo
1065 4355 1241 4421 iuramento
1257 4346 1381 4439 appro?

136 4455 213 4522 bare
236 4455 277 4520 de
300 4473 430 4522 numero
452 4455 634 4522 animalium
665 4457 813 4524 damnum
838 4459 996 4540 dantium,
1032 4477 1113 4541 quae
1136 4459 1282 4526 animalia
1304 4463 1372 4543 ipse

133 4567 288 4643 patronus
311 4578 374 4626 non
403 4561 592 4644 reperiuem't
613 4562 733 4645 inipso
754 4563 886 4643 damno,
920 4583 978 4630 nec
999 4564 1042 4632 ibi
1065 4563 1121 4630 illa
1142 4565 1368 4651 numerabant,

135 4671 192 4731 aut
214 4664 299 4747 quod
322 4667 503 4749 peripsum
526 4685 691 4734 numerare
714 4670 837 4736 nescire
860 4670 1028 4751 probatum
1051 4669 1162 4748 fuerit,
1197 4670 1265 4736 eius
1288 4671 1371 4736 iura·

132 4775 241 4838 mento
264 4788 328 4837 non
350 4769 505 4838 credatur.
530 4771 594 4840 Sed
615 4773 657 4840 ad
679 4773 746 4840 eius
768 4775 1003 4856 requisitionem
1028 4780 1159 4858 cogetur
1174 4779 1285 4857 pastor
1301 4776 1366 4841 ani·-
1478 4767 1688 4879 Ὶμ
