3422 5364
1328 498 1391 562 279

52 781 53 784 Ἴ
150 697 294 784 comites,
319 717 383 782 quq
406 699 449 766 sit
469 699 647 767 modiorum
664 701 872 770 ducentorum
887 701 975 786 milii,
999 702 1141 770 sanetur
1156 720 1214 784 per
1228 719 1393 770 commune

149 801 283 887 Spalati.
306 805 435 870 Etcum
453 805 615 872 uidebitur
629 825 788 873 renouare
803 807 943 890 aliquam
958 811 1093 890 partem,
1117 807 1219 889 possit
1235 824 1392 874 renouare

145 908 193 974 ita
215 914 331 989 tamen
357 909 441 992 quod
466 910 552 977 nullo
575 915 721 994 tempore
744 909 873 978 deficiat
894 911 926 976 in
950 929 1125 990 commune,
1149 929 1208 978 nec
1230 911 1273 978 sit
1289 911 1392 979 minor

146 1017 311 1096 quantitas
333 1014 510 1081 modiorum
534 1024 634 1081 00⁰³*
661 1034 719 1098 pro
748 1015 924 1082 munitione
946 1015 1050 1082 tocius
1074 1015 1223 1099 ciuitatis,
1254 1016 1392 1098 quodsi

38 1184 39 1187 ,
145 1135 240 1184 casus
264 1119 409 1186 euencrit
431 1118 532 1202 (quod
555 1119 664 1203 absit),
695 1119 781 1202 quod
814 1119 915 1187 tames
946 1138 1005 1187 seu
1027 1119 1157 1186 mristia
1179 1119 1266 1186 bladi
1289 1138 1391 1186 emer·

148 1227 244 1304 gutur
265 1221 299 1287 in
321 1239 497 1302 commune,
521 1243 684 1291 recursum
707 1223 825 1292 babeat
847 1223 889 1289 ad
911 1225 1031 1290 milium
1047 1223 1275 1307 supradictum.
1300 1223 1392 1304 Quod

144 1325 280 1392 comites
302 1327 437 1409 prqdicti
452 1333 622 1396 teneantur
644 1329 770 1396 uinculo
793 1329 985 1397 sacramenti
1007 1329 1124 1396 ducena
1139 1329 1180 1395 ad
1196 1327 1342 1396 effectum
1358 1333 1393 1398 at

143 1427 278 1512 indices,
295 1431 349 1513 qui
364 1449 422 1514 pra
437 1437 582 1516 temporo
604 1431 732 1512 fuerint,
756 1438 925 1500 teneantur
947 1433 1115 1502 recordare
1136 1432 1255 1500 domini
1276 1432 1391 1502 comiti
1526 1447 1528 1450 ’
1654 1385 1691 1538 ³]

469 1645 536 1690 ΟΔΡ.
559 1647 627 1690 Iam.
650 1648 693 1690 nn
715 1647 827 1691 mals
849 1647 1065 1692 mmmm.

190 1761 361 1828 blillesimo
385 1762 524 1846 ccclxiiij.
541 1763 593 1830 die
613 1763 666 1844 xij.
697 1763 794 1846 madij
818 1763 850 1830 in
872 1763 1152 1831 reformationibus
1167 1763 1329 1830 Francisci
1351 1763 1393 1830 ds

143 1865 291 1933 Bononia
320 1869 352 1933 in
375 1874 530 1950 quaterno
560 1869 685 1952 signato
717 1866 805 1934 ·A·F·
836 1874 964 1950 captum
995 1867 1064 1948 fuit,
1101 1867 1186 1951 quod
1217 1868 1272 1950 qui
1301 1885 1391 1935 acoe-

24 2035 26 2040 ,
148 1973 237 2053 perit
259 1977 378 2038 terram
401 1972 442 2038 ad
465 1973 703 2056 pastinandam,
735 1991 831 2038 unum
854 1971 907 2039 uel
930 1973 1010 2038 duos
1032 1971 1085 2038 uel
1109 1972 1217 2054 plures
1239 1979 1390 2040 uretenoa

150 2075 315 2142 annuatim
338 2077 500 2158 pastinare
523 2076 641 2142 debeat
662 2076 751 2142 iuxta
765 2075 1018 2159 promissionem,
1043 2076 1101 2142 snb
1126 2093 1210 2157 pqna
1232 2076 1393 2144 soldorum

145 2180 177 2245 xl
202 2197 375 2262 pannorum
399 2200 458 2265 pro
480 2187 614 2248 uretenu
645 2199 708 2247 nun
731 2181 900 2264 pastinato,
928 2199 1063 2263 qnorum
1092 2181 1250 2249 medietas
1281 2180 1392 2248 ueniat

149 2285 319 2367 commoni,
343 2286 467 2368 reliqna
489 2285 616 2353 domino
639 2291 727 2367 terra
751 2291 785 2352 et
806 2285 945 2352 addatur
966 2285 998 2350 in
1021 2285 1161 2352 statutis.

475 2499 542 2545 aar.
566 2500 632 2543 nav.
654 2499 736 2544 uano
758 2499 858 2543 sum
879 2475 1068 2543 »meent

189 2615 360 2682 Millesimo
383 2615 566 2698 melundis
590 2615 642 2682 die
665 2614 833 2682 undecima
857 2614 1005 2692 octobris,
1039 2615 1072 2680 in
1094 2611 1393 2680 reformationibus¹

145 2721 210 2786 mei
234 2720 414 2803 cancellarii
446 2726 574 2802 captum
603 2719 673 2805 fuit,
705 2719 790 2802 quud
820 2718 1011 2802 eligeretur⁸
1032 2734 1115 2784 unus
1146 2715 1300 2797 officialis,
1335 2718 1391 2800 qui

146 2825 247 2892 salem
271 2824 427 2891 uenderet
448 2825 551 2891 modis
574 2823 795 2906 infrascriptis.

189 2929 236 2994 Et
257 2928 370 3011 primo,
394 2929 449 3012 qui
471 2929 629 3012 receperit
651 2927 752 2995 salem
774 2931 808 2994 et
829 2927 927 2994 blada
949 2925 1123 2994 communis
1152 2931 1186 2993 et
1214 2925 1318 3008 ipsum
1342 2927 1392 2993 sal

145 3033 303 3100 uenderet
327 3032 449 3099 ciuibus
472 3037 506 3100 et
528 3033 782 3099 districtualibus
806 3029 930 3114 Spalati
953 3049 1011 3115 pro
1034 3030 1132 3097 soldis
1148 3029 1250 3096 tribus
1265 3049 1393 3097 mensu·

144 3155 217 3202 ram
239 3136 416 3218 quamlibet
438 3144 472 3203 at
494 3135 578 3218 quod
601 3137 721 3203 habeat
744 3155 802 3218 pro
825 3153 883 3202 suo
908 3133 1024 3200 salario
1047 3133 1079 3198 in
1095 3153 1178 3200 anno
1195 3134 1292 3200 librae
1307 3135 1392 3220 xxiiij

145 3257 320 3324 pomonam
341 3247 376 3308 et
397 3241 483 3324 quod
506 3245 669 3306 mensuret
691 3245 725 3307 at
746 3257 934 3306 mensurare
955 3243 1104 3304 teneatur
1119 3243 1153 3305 et
1168 3239 1286 3305 debeat
1299 3237 1392 3306 iusta.

145 3345 191 3412 Et
214 3346 298 3426 quod
320 3347 463 3428 regimen
486 3344 611 3428 Spalati
634 3363 712 3428 sepe
734 3343 843 3410 uideat
865 3348 900 3409 et
917 3341 1028 3409 uidere
1043 3347 1191 3410 teneatur
1213 3348 1246 3408 et
1261 3341 1389 3426 debeat,

145 3450 173 3516 si
197 3449 329 3517 habebit
350 3451 451 3518 iustas
474 3467 639 3518 mensuras
662 3455 695 3514 et
714 3448 741 3515 si
756 3453 905 3531 repertus
923 3445 1021 3513 fuerit
1035 3445 1156 3512 babere
1172 3445 1285 3512 falsam
1306 3464 1393 3514 men·

146 3572 266 3633 auram,
296 3555 368 3638 ipso
397 3553 482 3622 facto
514 3555 557 3620 sit
584 3555 729 3636 priuatus
760 3557 794 3618 et
826 3551 972 3634 priuatus
1001 3568 1074 3616 esse
1105 3550 1303 3632 intelligatur
1333 3567 1392 3632 pro

147 3659 292 3742 quinque
314 3659 407 3725 aunis
430 3657 576 3726 omnibus
598 3655 710 3739 officijs
734 3661 767 3723 et
789 3653 953 3738 benafioija
975 3655 1149 3722 communis
1174 3652 1317 3736 Spalati3
1346 3653 1394 3719 ita

148 3763 239 3845 quod
261 3762 338 3830 dare
360 3763 478 3830 debeat
499 3761 669 3845 unicuique
692 3759 754 3826 ciui
776 3765 810 3826 at
825 3759 1013 3826 districtuali
1029 3755 1152 3840 Spalati
1167 3763 1289 3824 tantum
1305 3757 1392 3840 salis,

150 3872 307 3949 quantum
339 3866 381 3932 sit
410 3865 585 3934 uerisimile
614 3865 718 3948 ipsum
747 3863 913 3947 possenti
936 3881 993 3945 pro
1015 3881 1076 3929 usu
1097 3881 1155 3930 suo
1178 3865 1213 3929 et
1234 3878 1298 3929 uon
1320 3861 1393 3944 plus

145 3973 207 4040 sub
230 3989 315 4054 pqna
337 3971 499 4038 soldorum
521 3969 579 4036 raral
607 3988 666 4052 pro
689 3969 833 4051 quolibet
854 3968 970 4035 modio.

189 4076 283 4151 Item,
300 4075 387 4158 qnod
402 4093 466 4142 non
480 4075 585 4158 possit
600 4091 703 4156 neque
715 4073 832 4140 debeat
842 4072 883 4139 de
895 4071 979 4138 dioto
991 4071 1058 4138 sale
1069 4070 1162 4137 abcui
1177 4067 1297 4137 lorensi
1312 4085 1389 4136 uen-

146 4181 226 4248 dere
235 4181 295 4246 sub
309 4197 395 4263 pena
406 4179 558 4247 librarum
571 4197 631 4244 aar
640 4196 812 4262 paruarum
824 4194 883 4260 pro
896 4174 1038 4259 qualibet
1049 4175 1126 4241 uice.
1139 4173 1184 4239 Et
1194 4170 1393 4255 quodnullus

145 4284 228 4353 ciuis
251 4285 311 4352 sub
334 4284 447 4351 eadem
470 4301 554 4366 pqna
575 4283 703 4361 audeat,
726 4281 838 4364 possit,
860 4280 914 4347 nel
936 4283 1102 4362 presumat
1123 4295 1230 4343 emere
1249 4275 1391 4343 dedicta

146 4390 217 4458 sale
239 4407 297 4472 pro
321 4388 427 4470 aliquo
449 4387 577 4455 forense
600 4393 636 4453 et
657 4386 791 4468 quilibet
812 4385 845 4450 in
867 4384 1019 4468 predictis
1035 4383 1161 4454 casibus
1176 4381 1278 4464 possit
1295 4397 1391 4446 accu-

147 4512 222 4560 sare
244 4499 281 4560 et
301 4491 420 4560 babeat
442 4491 647 4560 medietatem
671 4487 950 4557 condemnationis.

146 4627 354 4635 -ψ---..-ι-.

196 4685 207 4723 ¹
230 4688 318 4752 θοὰ.
335 4687 490 4751 dhiode
508 4685 605 4770 „Salis
620 4683 693 4745 ordo
710 4699 799 4760 super
813 4673 1040 4758 infrascriptis‘.
1101 4675 1114 4713 ²
1129 4677 1218 4740 Cod.
1234 4675 1341 4742 acad.
1356 4675 1382 4737 B

150 4774 407 4854 „reformationo“.
483 4771 494 4810 ⁸
515 4773 626 4836 ibid:
650 4771 827 4855 „eligatur“.
