3434 5368
1532 29 1685 239 Ἴ

766 685 833 730 ΟΔΡ.
856 687 945 728 ΧΧΙΧ.
969 688 1010 728 DE
1032 687 1215 731 nnuocnms.

417 801 499 866 Item
523 801 699 880 statuimus,
725 802 809 883 quod
832 803 919 868 curia
941 803 982 867 ad
1004 803 1133 885 plenum
1155 805 1253 886 eligat
1268 809 1404 885 quatuor
1425 805 1612 888 aduocatos,

375 906 428 986 qui
452 905 590 971 debeant
611 911 644 971 et
666 909 836 972 teneantur
858 906 1032 990 aduncare,
1061 926 1117 988 per
1140 927 1248 973 eorum
1271 913 1516 992 sacramentum,
1541 909 1615 972 iura

374 1009 485 1089 omnia,
509 1015 574 1074 tam
597 1011 768 1092 communis
790 1009 935 1093 Curqule,
960 1029 1054 1091 quarn
1070 1012 1201 1077 aliorum
1221 1013 1390 1092 hominurn,
1414 1019 1480 1077 tam
1494 1011 1612 1091 insule,

372 1131 467 1194 quarn
488 1113 685 1192 forensium,¹
711 1120 743 1180 et
766 1114 937 1182 defendere
960 1133 1064 1180 coram
1087 1117 1248 1197 regimine,
1272 1116 1324 1182 nel
1345 1117 1471 1182 arbitris
1494 1115 1610 1181 iudici·

372 1219 431 1285 bns
453 1220 588 1286 iustitias
612 1224 645 1285 et
666 1219 808 1286 raciones
831 1219 999 1285 demedio
1022 1219 1054 1284 in
1077 1220 1214 1285 inedium
1248 1239 1377 1300 annum,
1411 1226 1445 1286 et
1474 1219 1614 1302 quilibet

371 1325 543 1390 aduncatus
565 1324 684 1390 habere
699 1324 816 1390 debeat
838 1341 895 1406 pro
918 1323 1059 1406 qualibet
1074 1324 1130 1390 Ilte
1153 1343 1299 1406 grossum
1322 1343 1416 1390 vnum
1439 1331 1472 1391 et
1493 1331 1607 1391 tenea·

368 1434 421 1494 tur
443 1428 597 1495 aduncare
620 1447 717 1511 vsque
740 1429 781 1494 ad
804 1426 923 1493 linitam
946 1431 1142 1509 questionem
1165 1447 1223 1510 per
1243 1439 1482 1494 sacramentnm.

800 1643 867 1688 cu.
891 1643 967 1686 XXX·
990 1644 1032 1685 DE
1054 1643 1169 1686 EODEM.

412 1760 493 1826 Item
516 1760 693 1839 statuimus,
717 1759 801 1841 quod
825 1761 857 1824 in
881 1759 1017 1826 secundo
1040 1759 1141 1842 gradu
1153 1759 1433 1841 consanguinitatis
1457 1765 1491 1825 et
1512 1759 1608 1838 inira,

368 1865 541 1932 aduncatus
556 1866 688 1946 iuratus,
706 1865 733 1929 si
747 1864 938 1948 pertinuerit
955 1864 1063 1948 alinui,
1081 1863 1239 1930 aduncare
1254 1882 1317 1930 non
1333 1866 1480 1930 teneatur
1495 1871 1610 1930 contra

370 1969 468 2052 illum,
492 1971 518 2036 si
540 1971 686 2037 noluerIt

795 2132 862 2176 ΟΔΡ.
886 2133 974 2174 XXXI.
999 2133 1039 2174 DE
1062 2133 1178 2175 EODEM.

415 2251 496 2317 Item
519 2250 695 2328 statuimus,
728 2249 812 2330 quod
835 2268 894 2332 per
917 2249 1034 2315 curiam
1059 2249 1249 2332 adplenum
1273 2249 1412 2314 debeant
1433 2248 1506 2332 eligi
1531 2267 1607 2330 qua·
1684 2315 1685 2326 ,

370 2363 443 2423 tuor
465 2353 611 2422 aduocati
634 2354 799 2420 demedio
822 2354 853 2418 in
876 2353 1013 2419 medium
1036 2373 1160 2432 annum,
1196 2353 1249 2436 qui
1272 2353 1411 2418 debeant
1432 2351 1606 2418 defendere
1684 2337 1685 2368 ³

370 2479 429 2544 per
461 2479 571 2527 eorum
605 2465 832 2525 sacramentum
867 2459 1005 2524 iustitias
1029 2464 1063 2522 et
1085 2459 1224 2524 raciones
1259 2464 1323 2523 tarn
1358 2457 1601 2535 communitatis,

371 2584 466 2648 quarn
488 2565 620 2630 aliarum
644 2581 776 2644 quarum
800 2581 922 2645 cunque
946 2581 1153 2646 personarum
1176 2571 1209 2629 et
1229 2561 1382 2644 placitare
1398 2580 1501 2628 coram
1521 2562 1605 2626 curia

371 2677 481 2736 contra
504 2689 612 2736 omnes
634 2667 851 2735 malefactores
874 2674 907 2734 et
929 2669 1160 2748 maledictores,
1184 2673 1385 2750 preterquam
1408 2671 1519 2732 contra
1535 2684 1602 2730 con·
1683 2703 1684 2744 3

370 2775 576 2858 sanguineum
600 2775 630 2838 in
653 2775 791 2840 secundo
815 2773 916 2856 gradu
939 2779 972 2838 et
995 2792 1092 2855 supra
1115 2778 1148 2839 et
1171 2779 1280 2838 contra
1302 2777 1479 2856 cognatum.

766 2987 833 3030 GAP·
857 2989 959 3030 xxxn.
990 2989 1031 3030 DE
1053 2988 1206 3030 sumnus.

414 3107 496 3173 ltem
519 3107 694 3186 statuimus,
719 3106 803 3188 quod
826 3105 851 3171 si
875 3105 987 3187 aliquis
1011 3109 1142 3170 uocatus
1165 3103 1260 3169 inerit
1283 3104 1323 3170 ad
1345 3104 1504 3187 placitum,
1537 3121 1604 3186 pre·

370 3218 515 3294 terquam
538 3211 577 3277 de
599 3211 777 3290 maledicto,
801 3209 854 3275 uel
877 3208 1053 3288 malefacto,
1077 3214 1110 3276 et
1132 3209 1266 3274 noluerit
1282 3209 1474 3290 respondere
1490 3215 1524 3275 et
1540 3208 1604 3290 pla-

371 3317 469 3382 citare
492 3333 597 3382 coram
621 3317 724 3396 curia,
756 3321 888 3398 utraque
911 3334 986 3396 pars
1018 3315 1115 3396 eligat
1136 3315 1285 3392 arbiiroS,
1318 3332 1476 3395 unapars
1499 3331 1602 3390 vnum,

372 3421 423 3486 uel
446 3420 525 3486 duos
549 3420 705 3486 etaltera
727 3440 800 3502 pars
823 3419 963 3494 totidem,
987 3425 1020 3484 et
1041 3437 1136 3484 vnum
1159 3418 1336 3484 detcomes
1353 3418 1512 3485 demedio
1529 3416 1602 3484 nulli

370 3527 512 3609 parcium
535 3532 724 3607 suspectum,
759 3544 816 3591 nec
840 3526 1027 3590 attinentem
1050 3524 1102 3588 vni
1124 3523 1196 3606 plus
1220 3541 1313 3604 quam
1337 3523 1439 3606 alteri,
1474 3525 1529 3606 qui
1552 3542 1600 3588 ar·

371 3631 447 3696 bitri
469 3629 551 3696 infra
572 3631 749 3710 terminum,
774 3633 873 3711 quem'
890 3630 935 3696 eis
952 3630 1038 3695 cuna
1053 3628 1216 3710 prefixerit
1231 3627 1388 3694 diffiniant
1406 3630 1600 3709 questionem

371 3753 430 3818 per
444 3735 635 3801 sentenciam
649 3735 701 3800 uel
724 3735 933 3801 condemnent
948 3735 1006 3800 snb
1022 3753 1105 3816 pena
1119 3753 1139 3799 a
1154 3734 1239 3799 curia
1255 3734 1314 3800 sibi
1331 3733 1421 3812 data3
1445 3738 1479 3799 et
1493 3730 1601 3798 arbitri

373 3841 412 3906 ab
429 3859 490 3906 vno
513 3859 669 3924 yperpero
686 3859 784 3922 snpra
806 3840 882 3906 dare
905 3839 1042 3906 debeant
1057 3840 1248 3904 sentenciam
1270 3839 1303 3903 in
1325 3837 1487 3920 presencia
1509 3837 1600 3902 curie.

584 4054 650 4096 one.
674 4055 790 4096 xxxm.
814 4055 855 4096 nn
877 4055 1007 4098 1un1or1s
1029 4053 1179 4096 sommum
1202 4055 1237 4094 ru
1258 4029 1400 4096 1rrsunn.²

415 4172 494 4238 Item
519 4172 695 4248 statuimus,
721 4171 804 4253 quod
828 4171 855 4236 si
878 4171 991 4253 aliquis
1013 4169 1108 4237 luerit
1128 4177 1260 4236 uocatus
1281 4171 1321 4236 ad
1336 4171 1485 4252 placitum
1509 4183 1601 4250 super

372 4277 479 4360 aliqua
501 4277 635 4357 racione,
659 4281 861 4358 preterquam
885 4276 925 4341 de
947 4276 1124 4353 maledicto,
1148 4281 1181 4341 et
1203 4275 1356 4357 quesierit
1378 4273 1547 4341 terminum
1563 4268 1599 4334 ad

371 4381 636 4465 respondendum,
660 4381 685 4447 si
709 4381 831 4462 questio
854 4381 916 4446 erit
938 4381 978 4446 de
1000 4381 1136 4462 quinque
1158 4382 1323 4462 yperperIs
1347 4387 1381 4446 et
1404 4383 1518 4460 supra:
1535 4377 1599 4442 uiro

419 4577 602 4638 ²Adrooatos
624 4595 673 4651 pro
696 4575 854 4635 forensibus
877 4576 1012 4634 cunulae
1035 4576 1228 4634 tantummodo
1250 4575 1446 4649 praesentibus
1468 4575 1598 4632 advocare

372 4683 461 4742 possa,
478 4683 511 4724 ex
527 4665 698 4739 capitulo
714 4662 843 4723 CXXIII.
859 4664 889 4724 h.
906 4663 932 4724 S.
949 4662 1068 4721 inferius
1083 4664 1220 4741 sequenti,
1238 4665 1364 4737 apparet.

417 4751 497 4814 ⁹Ed.
514 4752 582 4813 Van.
600 4752 734 4814 additur:
753 4751 817 4830 ,st
833 4751 873 4809 de
889 4743 1182 4810 dilationibus“.

171 5031 192 5042 r.

226 5143 230 5158 Α

243 5203 247 5216 l

126 4992 254 5342 Χ

263 5333 269 5343 ¹
292 5336 485 5352 Qun-„U
