3422 5364
356 455 418 516 302

350 779 463 843 regere
486 766 520 826 ct
541 761 682 828 iudicare
713 759 851 828 debeant
873 767 906 828 et
929 779 999 826 cum
1022 777 1133 826 sorum
1162 758 1234 843 filijs
1264 761 1415 843 legitimis
1446 781 1517 828 esse
1538 763 1601 829 de·

352 869 449 935 beant
471 867 504 932 in
527 867 666 949 consilijs
688 872 722 932 et
745 867 786 931 de
809 884 940 932 numero
963 865 1214 933 consiliariorum
1236 865 1377 932 ciuitatis
1393 871 1426 932 et
1441 864 1546 933 facere
1560 871 1601 932 et

351 991 464 1057 regere
492 971 585 1038 simul
617 989 688 1036 curn
716 971 844 1038 domiuo
876 972 992 1036 comite
1022 977 1117 1053 prout
1146 969 1267 1035 luerunt
1301 970 1342 1036 de
1363 971 1514 1051 presenti,
1544 969 1599 1036 cui

355 1076 463 1144 comiti
487 1076 693 1142 communitas
716 1074 841 1141 soluere
865 1075 982 1140 debeat
996 1076 1138 1142 annatim
1153 1093 1212 1158 pro
1228 1075 1345 1141 salario
1362 1075 1411 1140 sui
1427 1075 1599 1141 comitatus

354 1181 486 1246 ducatos
516 1185 684 1246 sexcentos
717 1180 804 1243 auri:
832 1178 1158 1260 respondemus
1191 1179 1275 1260 quod
1307 1197 1416 1244 sumus
1448 1179 1600 1256 contenti,

356 1285 441 1366 quod
464 1303 521 1366 per
543 1289 657 1350 uestra.
675 1281 807 1348 consilia
830 1280 909 1348 liant
929 1281 1080 1348 ollicialos
1096 1284 1198 1348 uestri
1214 1284 1378 1365 uestrique
1394 1282 1450 1365 filij
1467 1281 1602 1362 legitimi

355 1389 418 1455 siut
448 1388 488 1454 de
518 1388 635 1454 uestris
667 1385 808 1470 consilijs
843 1393 877 1452 et
907 1405 1040 1453 nurnero
1063 1387 1190 1452 illorum
1213 1387 1253 1454 de
1276 1387 1419 1470 consilio,
1454 1386 1602 1454 habendo

358 1500 484 1574 tempus
515 1491 689 1558 secundum
719 1491 847 1558 ordines
878 1497 1014 1558 uestros.
1051 1491 1095 1556 Et
1117 1493 1163 1557 sic
1185 1509 1292 1557 comes
1322 1491 1441 1558 habeat
1470 1492 1603 1558 ducatos

355 1605 521 1664 sexcentos
544 1598 584 1664 de
607 1596 734 1662 salario.

398 1701 479 1768 Item
509 1719 606 1782 super
628 1703 722 1783 parte
743 1700 807 1785 illa,
838 1701 893 1766 ubi
922 1700 1026 1766 dicitis
1057 1699 1097 1764 ad
1129 1700 1303 1782 regendum
1335 1706 1368 1766 et
1390 1699 1599 1766 iudicandum

356 1806 471 1873 comite
494 1811 611 1884 nostro,
636 1804 832 1886 dicimus,
856 1805 941 1886 quod
965 1803 1129 1872 criminale
1151 1804 1350 1872 solummodo
1373 1805 1465 1871 sitin
1481 1803 1599 1869 iudicio

355 1911 480 1977 comitis
503 1909 615 1989 nostri,
639 1909 784 1976 faciendo
803 1909 852 1974 ius
870 1917 903 1974 et
918 1909 1078 1975 iusticIam
1094 1909 1267 1975 secundum
1283 1915 1406 1976 statuta
1420 1913 1456 1974 et
1470 1907 1601 1975 ordines

357 2019 494 2096 uestros,
519 2014 656 2081 essendo
679 2014 852 2081 secundum
874 2013 977 2080 Deum
1000 2021 1034 2081 st
1055 2014 1208 2081 honorem
1230 2014 1457 2081 dominationis
1478 2017 1601 2092 nostre.
1707 2031 1709 2076 ἢ

1630 7 1700 546 l

354 656 470 724 comite
485 655 623 724 ciuitatis
640 673 699 738 per
714 656 826 722 ducale
840 656 1012 722 dominium
1027 657 1060 722 iu
1076 657 1223 724 comitem
1239 656 1378 724 ciuitatis
1396 657 1599 738 destinando,
1699 610 1702 673 *¹

356 2117 400 2184 Et
421 2117 561 2185 iudicare
585 2119 701 2186 debeat
723 2118 869 2185 ciuilibus
892 2119 995 2186 dictus
1018 2137 1124 2185 comes
1145 2119 1317 2186 secundum
1339 2117 1475 2185 formam
1500 2122 1602 2184 statu·
1707 2159 1709 2188 r

355 2228 461 2289 torum
484 2229 519 2290 et
540 2223 802 2291 consuetudinem
825 2223 963 2290 ciuitatis
987 2223 1119 2307 Spalati.
1141 2225 1185 2290 Et
1204 2224 1265 2292 hoc
1279 2223 1320 2290 ad
1336 2222 1602 2306 complacentiam

355 2327 508 2395 nobilium
530 2328 615 2409 dicte
638 2328 786 2396 unimus.

398 2435 427 2496 2.
450 2431 532 2496 item
555 2450 652 2514 super
674 2432 838 2514 particula,
863 2450 925 2514 que
949 2433 1074 2514 incipit:
1104 2432 1131 2498 si
1155 2433 1226 2514 quis
1256 2431 1371 2498 nobilis
1396 2429 1601 2513 delinqueril,

354 2535 408 2602 uel
431 2536 608 2620 excederet,
633 2555 697 2602 non
720 2537 905 2620 repudietur
928 2557 947 2603 a
969 2537 1099 2604 ciuitate
1121 2537 1178 2604 sed
1200 2537 1352 2618 puniatur
1382 2554 1442 2618 pro
1462 2551 1600 2602 excussu

356 2639 529 2708 secundum
564 2638 699 2706 formam
733 2647 925 2708 statutorum
961 2641 1119 2708 ciuitatis:
1160 2640 1483 2724 respondemus,
1519 2637 1609 2720 quod

355 2751 585 2828 contentamur,
609 2746 694 2828 quod
717 2747 762 2812 sic
777 2744 844 2827 fiat,
869 2747 1038 2812 dummodo
1060 2747 1146 2812 dicta
1161 2751 1282 2812 statuta
1298 2745 1363 2812 siut
1379 2751 1412 2810 st
1428 2743 1607 2810 secundum

355 2848 459 2916 Deum
481 2854 516 2916 et
537 2849 691 2916 honorem
714 2849 937 2916 domiuationis
960 2855 1080 2931 nostre.

399 2958 429 3018 3.
452 2951 535 3018 Item
557 2971 653 3035 super
675 2954 823 3036 capitulo,
848 2955 933 3036 quod
955 2955 1075 3037 incipit,
1100 2953 1185 3036 quod
1209 2953 1316 3022 nullus
1335 2953 1376 3020 de
1392 2952 1609 3036 popularibus

354 3056 493 3124 ciuitatis
524 3054 581 3123 fiat
604 3058 801 3125 consiliarius
824 3063 858 3124 et
881 3059 997 3126 nobilis
1020 3058 1161 3125 ciuitatis
1184 3063 1244 3126 etc.
1277 3058 1608 3142 respondemus,

355 3160 442 3242 quod
464 3165 686 3228 conteutarnur
709 3163 748 3230 de
773 3163 857 3230 dicto
880 3163 1028 3246 capitulo.

397 3269 427 3330 4.
452 3263 533 3330 Item
557 3285 654 3347 super
676 3267 814 3349 capitulo
831 3268 949 3334 domini
964 3268 1194 3350 archiepiscopi
1210 3273 1269 3334 etc
1286 3269 1609 3352 respondemus,

355 3368 440 3449 quod
464 3385 533 3434 curn
550 3369 590 3435 ad
606 3389 664 3436 nos
687 3389 750 3438 non
771 3379 894 3455 spectet
910 3373 951 3438 ad
967 3373 1203 3454 impediendum
1225 3372 1266 3439 de
1288 3371 1420 3454 clericis,
1445 3373 1519 3439 ideo
1541 3371 1611 3440 hoc
1706 3385 1707 3446 ἶ

354 3471 561 3554 relinquimus
585 3475 784 3542 sanctissimo
807 3477 934 3546 dourino
958 3495 1051 3560 pape.

399 3580 429 3641 5.
452 3577 535 3644 Item
557 3596 655 3660 super
677 3579 827 3665 capitulo,
850 3582 936 3662 quod
959 3587 1099 3648 castrum
1121 3599 1185 3648 non
1206 3580 1272 3666 liat,
1297 3580 1446 3648 nolumus
1462 3585 1611 3648 castrum
1704 3537 1706 3618 i

356 3677 426 3744 fieri
460 3679 525 3746 ullo
555 3683 669 3750 modo:
704 3685 1028 3766 respondemus,
1064 3686 1150 3768 quod
1183 3705 1293 3753 sumus
1327 3685 1482 3768 contenti,
1517 3684 1612 3766 quod

357 3783 475 3849 dictum
507 3793 646 3852 castrum
676 3787 805 3854 minime
828 3787 893 3870 liat,
925 3807 996 3855 cum
1026 3795 1165 3857 castrum
1194 3795 1338 3856 uestrum
1370 3789 1432 3856 erit
1461 3787 1611 3856 fidelitas

353 3887 446 3968 bona,
470 3907 565 3970 quam
587 3889 714 3957 habetis
738 3897 848 3974 nostre
872 3893 1088 3960 dominationi.

397 3997 425 4057 6.
449 3993 531 4058 Item
555 4013 653 4076 super
676 3996 825 4078 capitulo,
849 3997 935 4078 quod
958 3999 1077 4080 incipit,
1103 3997 1205 4079 quod1
1222 3997 1308 4064 dicta
1324 3995 1462 4063 confinia
1477 4002 1512 4064 et
1527 4015 1610 4079 pos-

354 4097 514 4163 sessiones
537 4101 711 4165 communis
734 4107 768 4167 et
790 4101 974 4183 specialium
997 4105 1070 4185 etc,
1104 4103 1189 4183 quod
1219 4102 1331 4167 ducale
1364 4101 1541 4168 dominium
1567 4101 1615 4167 ad
1704 4175 1705 4180 ,

356 4217 512 4281 expensas
534 4205 708 4269 communis
724 4212 893 4288 recuperet
908 4225 948 4272 ea
963 4211 997 4273 et
1012 4225 1074 4288 qus
1091 4211 1167 4273 sunt
1182 4206 1367 4292 communis,
1392 4207 1616 4273 restituantur

354 4303 513 4369 communi
536 4311 656 4388 etque
680 4314 755 4374 suut
777 4309 959 4392 specialium
984 4329 1203 4395 personarum,
1226 4311 1440 4378 restituantur
1464 4311 1614 4378 eisdem:

353 4408 675 4490 respondemus,
709 4413 794 4494 quod
825 4431 934 4480 sumus
964 4416 1106 4481 contenti
1136 4415 1177 4482 de
1207 4415 1293 4481 dicto
1325 4415 1466 4497 capitulo
1495 4415 1545 4482 ita
1578 4423 1616 4483 et

354 4509 472 4590 taliter,
495 4513 580 4592 quod
604 4533 769 4584 commuue
793 4517 917 4599 Spalati
939 4518 1038 4585 faciat
1060 4519 1162 4584 dictas
1185 4537 1352 4600 expensas.

355 4649 563 4663 ——2-

402 4717 413 4753 ¹
436 4723 470 4780 lu
492 4725 571 4784 cod.
595 4726 701 4787 acad.
725 4728 751 4787 Β
773 4727 879 4788 desunt
901 4731 1011 4792 uerba:
1034 4730 1114 4806 quod
1136 4728 1246 4808 incipit,
1269 4729 1358 4805 quod.
