3422 5364
1283 485 1343 548 251

103 688 235 768 nostris,
259 688 292 753 in
315 706 378 772 quo
400 688 433 754 id
456 689 665 768 contineatur,
689 689 853 756 uidelicet¹
877 688 933 754 illa
957 707 1011 755 res
1037 687 1197 755 inmobilis
1223 706 1350 771 semper

105 809 180 857 esse
213 791 357 858 subiecta
386 798 420 859 et
449 793 613 860 subiacere
647 793 764 860 debeat
798 793 942 859 omnibus
977 793 1093 860 nostris
1128 790 1348 859 affectionibus

71 899 135 961 -et
156 895 276 961 nostris
299 896 428 962 statutis
450 902 547 978 atque
579 902 691 963 nostro
721 897 836 962 iudicio
866 897 1020 980 seculari3
1051 895 1249 964 decernendo
1281 915 1340 978 per

103 998 165 1063 boc
187 1017 322 1080 presens
345 1005 500 1067 statutum
520 1020 558 1067 ex
580 1018 672 1082 nunc,
696 1002 722 1066 si
746 1001 821 1082 quid
845 1017 937 1068 secus
960 999 1078 1067 iactum
1101 999 1249 1068 fueritin
1271 1017 1346 1082 pre·

104 1102 209 1182 dictis,
234 1104 286 1169 uel
309 1104 414 1187 aliquo
437 1105 664 1189 predictorum,
687 1110 849 1188 tamquam
865 1123 923 1188 pro
938 1104 1065 1190 iniecto,
1088 1105 1180 1172 irrito
1197 1110 1231 1172 et
1246 1106 1349 1186 inane,

103 1207 163 1272 nisi
189 1208 276 1290 quod
291 1209 323 1273 in
339 1214 531 1275 testamento
546 1210 598 1277 uel
616 1209 759 1292 qualibet
773 1209 836 1276 alia
851 1209 964 1275 ultima
981 1209 1159 1289 uoluntate,
1183 1208 1216 1274 in
1232 1210 1350 1292 quibus

103 1329 156 1377 res
171 1312 342 1378 immobilis
366 1317 476 1379 contra
492 1314 647 1398 predicta,
666 1314 718 1381 uel
733 1314 862 1395 aliquod
880 1313 1096 1396 predictorum
1111 1312 1208 1380 fuerit
1223 1313 1345 1394 relicta,

106 1420 214 1480 cetera
237 1414 329 1481 firma
350 1424 558 1499 permaneant
573 1424 605 1484 et
627 1437 666 1483 ea
687 1435 749 1500 que
769 1419 915 1484 ordinata
937 1417 1056 1484 inerint
1078 1422 1189 1484 contra
1210 1434 1345 1500 presens

106 1525 251 1585 nostrum
275 1525 441 1602 statutum,
466 1521 660 1587 reducantur
679 1522 720 1587 ad
736 1526 879 1588 nostrum
895 1521 1127 1604 supradictum3
1149 1521 1348 1603 prohibendo

103 1623 241 1705 insuper
263 1624 393 1690 cuilibet
415 1644 454 1691 ex
477 1625 609 1707 notarijs
631 1626 758 1703 nostris,
782 1643 823 1692 ne
844 1623 964 1690 iaciant
983 1625 1075 1691 alicui
1092 1643 1227 1708 persone
1251 1631 1349 1692 testa·

103 1732 256 1805 mentum,
273 1728 463 1808 codicillum,
479 1730 726 1795 instrumentum
743 1728 946 1809 uenditionis,
964 1728 1237 1812 permutationis&
1253 1729 1351 1796 dona-

103 1831 198 1897 tionis
221 1833 308 1898 inter
330 1833 430 1917 uiuos,
454 1832 507 1899 uel
530 1850 629 1899 cansa
644 1834 766 1912 mortio,
789 1833 842 1900 uel
857 1834 985 1916 aliquod
1003 1834 1090 1900 aliud
1107 1834 1352 1901 instrumentum

104 1940 214 2001 contra
237 1935 391 2018 predicta,
414 1936 467 2002 uel
490 1936 610 2018 aliquid
632 1937 849 2018 predictorum
872 1937 932 2004 sub
947 1954 1032 2020 pena
1051 1937 1203 2003 librarum
1219 1954 1238 2002 c
1253 1937 1350 2003 dena·

103 2039 222 2105 riorum
256 2058 430 2122 paruarum
460 2046 495 2107 et
524 2041 693 2107 amissione
722 2038 827 2123 officij,
864 2041 949 2123 quod
979 2041 1113 2108 baberet
1144 2059 1351 2108 acommune

104 2143 236 2225 Spalati.
272 2145 310 2209 ln
340 2158 436 2225 qnam
465 2163 582 2227 penam
612 2144 774 2210 incurrere
805 2145 923 2212 debeat
944 2145 1049 2223 toties,
1082 2146 1206 2228 quoties
1236 2144 1349 2212 fecerit

103 2254 213 2314 contra
229 2247 376 2329 predicta
397 2248 450 2314 uel
467 2248 596 2330 aliquod
610 2248 827 2330 predictorum
844 2249 913 2330 ipso
929 2247 1024 2325 iacto,
1048 2251 1115 2316 sine
1131 2250 1238 2331 aliqua
1257 2267 1350 2317 ercu-

104 2352 246 2430 satione3
278 2353 392 2418 necin
415 2353 627 2432 testamentis,
660 2352 775 2434 quibus
805 2369 858 2418 res
887 2353 1081 2419 immobiles³
1102 2361 1139 2419 ut
1164 2354 1349 2436 predicitur,

104 2455 155 2522 uel
176 2455 210 2521 in
233 2455 386 2522 codicillis
409 2456 656 2538 relinquantur⁴,
680 2456 800 2538 possit⁶
815 2456 940 2522 institui
955 2456 996 2522 ad
1013 2456 1176 2538 implenda
1190 2457 1345 2540 predicta,

104 2560 154 2627 uel
180 2559 311 2642 aliquod
340 2560 557 2641 predictorum
588 2577 723 2642 persona
752 2557 815 2626 fide
846 2560 1070 2638 commissuris,
1104 2561 1156 2628 uel
1179 2561 1350 2640 executrix,

105 2681 166 2745 que
189 2682 254 2730 non
285 2664 327 2728 sit
357 2663 486 2729 subdita
515 2670 625 2732 nostro
647 2662 792 2747 regimini
824 2664 1001 2746 temporali.
1037 2664 1082 2731 Et
1104 2664 1131 2730 si
1153 2665 1351 2742 instituatur,

105 2785 161 2849 pro
184 2786 251 2834 non
272 2767 392 2849 scripta
414 2767 572 2833 habeatur
594 2772 629 2833 et
658 2772 735 2832 tuuc
765 2785 823 2849 per
854 2766 1015 2833 dominum
1045 2769 1192 2836 comitem
1220 2774 1255 2836 et
1283 2769 1351 2835 eius

107 2872 236 2956 cuniam
267 2872 390 2938 scilicet
419 2870 616 2938 consiliarios
646 2871 785 2938 ciuitatis
808 2869 940 2953 Spalati,
975 2872 1028 2939 uel
1051 2874 1201 2941 maiorem
1224 2879 1349 2955 partem

104 2977 246 3057 ipsorum
269 2976 506 3043 committantur
527 2973 824 3042 fidecommissarios
846 2974 888 3041 ad
915 2975 1079 3058 implenda
1110 2976 1265 3059 predicta,
1295 2975 1350 3042 nel

106 3079 234 3163 aliquod
262 3079 489 3163 predictorum,
523 3081 606 3145 sicut
636 3079 696 3145 sibi
727 3079 890 3145 uidebitur
917 3079 1106 3158 conuenire3
1140 3079 1351 3163 iniungendo‘

109 3185 267 3250 iudicibus
289 3189 324 3250 et
345 3183 543 3264 consiliarijs,
573 3183 627 3263 qui
650 3189 724 3249 sunt
747 3184 857 3265 etqui
879 3201 936 3266 pro
960 3189 1104 3266 tempore
1127 3189 1231 3263 erunt,
1263 3183 1348 3266 quod

109 3287 235 3353 uinculo
258 3286 466 3353 sanctissimil
495 3286 685 3353 sacramenti
716 3287 854 3354 debeant
885 3289 1052 3355 consulere
1083 3289 1211 3354 domino
1234 3288 1351 3370 comiti,

109 3396 171 3455 tam
195 3391 251 3473 qui
275 3397 334 3468 est,
359 3408 453 3472 quam
477 3390 532 3472 qui
553 3407 612 3472 pro
636 3395 782 3471 tempore
804 3390 911 3472 fuerit,
942 3392 1028 3473 quod
1050 3392 1169 3459 babeat
1190 3392 1297 3459 omnis
1318 3397 1352 3458 et

110 3493 232 3576 singula
254 3494 440 3576 supradicta
462 3492 570 3560 iacere
591 3494 820 3561 inuiolabiliter
842 3496 1014 3562 obseruari.

148 3597 193 3664 Et
223 3598 285 3679 hec
315 3599 421 3664 omnia
443 3604 476 3664 at
497 3598 633 3684 singula,
664 3598 783 3680 quein
814 3598 959 3680 presenti
991 3604 1114 3666 statuto
1137 3599 1350 3678 continentur,

110 3701 247 3768 debeant
270 3702 345 3784 poni
367 3707 401 3766 et
422 3701 519 3767 scribi
542 3702 574 3766 in
597 3707 708 3768 nostro
731 3701 893 3768 uolumine
916 3707 1117 3769 statutorum.

150 3803 262 3872 Actum
285 3812 319 3872 et
340 3803 501 3871 firmatum
521 3804 583 3872 fuit
604 3805 783 3888 predictum
806 3810 963 3872 statutum
984 3805 1017 3871 in
1040 3806 1135 3888 pleno
1157 3811 1191 3870 et
1207 3805 1350 3887 generali

111 3910 241 3975 oonsilio
258 3909 396 3975 ciuitatis
408 3906 541 3991 Spalati,
558 3916 654 3992 prout
669 3914 759 4004 patet
773 3909 1001 3976 reformatione
1017 3911 1138 3993 scripta
1152 3927 1209 3991 per
1222 3909 1351 3976 Petrum

112 4012 151 4079 de
172 4013 337 4079 Gratiauis
360 4014 400 4080 da
422 4013 571 4079 Vicentia
593 4013 759 4091 notarium,
784 4019 932 4079 currente
954 4032 1038 4079 anno
1064 4013 1242 4079 natiuitatis
1263 4013 1353 4078 Mccc

116 4117 358 4199 quadragesimo
374 4118 518 4199 septimo,
534 4117 692 4183 iudicione
706 4116 950 4200 quintadecima,
970 4117 1023 4183 die
1038 4118 1113 4199 lune
1129 4123 1219 4184 sexto
1235 4116 1352 4182 mensis

116 4221 248 4304 augusti.

151 4323 220 4406 Ego
244 4325 393 4405 Paganus
415 4324 549 4392 condam
564 4322 679 4408 Angeli
702 4325 742 4392 de
764 4325 871 4391 Lucca
892 4325 1037 4407 publicus
1059 4322 1215 4406 imperiali
1239 4328 1349 4390 aucto·

112 4426 204 4495 ritate
226 4429 379 4508 notarius,
404 4428 577 4495 communis
600 4426 723 4512 Spalati
752 4428 876 4495 iuratus
905 4428 1010 4494 scnba
1037 4444 1172 4510 presens
1194 4431 1351 4493 statutum

160 4566 284 4630 1Deest
306 4588 354 4646 ap.
378 4570 488 4647 Ljub.
570 4566 812 4630 'Daentibid
893 4566 1012 4630 ⁸God.
1036 4567 1142 4630 acad.
1165 4569 1206 4629 B:
1231 4568 1351 4647 „immo-

114 4655 246 4718 bilibue“.
362 4653 374 4690 ⁴
404 4657 515 4717 ibid:
548 4652 781 4735 „relinquatnr“.
896 4652 908 4689 ⁶
935 4654 993 4732 Ap.
1025 4654 1154 4732 sijau:
1187 4652 1351 4731 „possint‘.

119 4738 129 4774 ⁸
150 4741 260 4804 ibid:
287 4744 336 4819 ,in
357 4738 568 4820 injungendo‘.
639 4740 652 4778 ¹
673 4743 766 4804 Deest
786 4741 879 4803 ibid
