3416 5350
368 437 431 504 nlo

361 745 395 810 in
416 745 483 810 xuti
506 746 624 824 soldia;
656 745 701 812 ita
723 751 842 824 minen,
876 745 961 827 quod
983 745 1127 827 inoeptor
1145 745 1300 812 malorum
1323 743 1498 810 uerborum
1520 744 1609 824 puni-

364 855 439 914 atur
460 849 494 913 in
517 848 667 931 duplum3
691 854 724 914 et
745 855 948 932 presumatur
970 848 1104 915 uerbum
1124 848 1322 926 iniuriosum,
1344 847 1611 930 quotiescumque

363 951 482 1018 dicitur
497 952 792 1036 aliquod¹.uorbum
807 953 912 1034 alicui,
935 953 1021 1035 quod
1037 970 1076 1017 ax
1090 951 1139 1018 sui
1154 945 1271 1018 natura
1285 952 1438 1033 importat
1452 949 1608 1015 iniuriam

408 1053 443 1120 Si
466 1073 545 1121 uero
568 1055 682 1138 aliquis
706 1056 820 1122 dixerit
842 1061 953 1122 eontra
975 1057 1112 1138 aliquem
1137 1057 1244 1138 aliqua
1271 1055 1372 1121 uerba
1400 1053 1557 1119 iniuriosa
1578 1059 1611 1118 et

363 1158 491 1224 maioris
513 1157 639 1239 iniuria,
664 1163 699 1224 ut
721 1165 814 1242 puta:
839 1159 1014 1226 rauoliosus
1034 1165 1069 1226 et
1083 1159 1237 1242 proditor,
1260 1157 1404 1236 falsator,
1428 1156 1489 1236 fur,
1515 1155 1606 1241 latro,

364 1262 418 1329 nel
440 1262 565 1341 similia,
590 1262 740 1345 puniatur
762 1263 795 1328 in
817 1263 856 1328 xl
876 1263 983 1329 auidis.
1135 1318 1139 1325 .
1698 1327 1700 1346 ἑ

408 1363 442 1432 Si
464 1384 542 1432 uero
565 1365 648 1432 diota
671 1368 771 1433 uerba
792 1367 946 1434 iniuriosa
969 1367 1054 1433 dieta
1070 1365 1189 1433 inerint
1203 1382 1310 1431 eoram
1326 1367 1451 1431 rectore
1469 1363 1526 1430 uel
1541 1360 1612 1429 offi-
1699 1353 1701 1420 Ὗ

362 1469 492 1536 tialibus
511 1469 595 1552 dicte
612 1469 760 1551 ciuitatis,
783 1471 835 1538 uel
854 1472 887 1538 in
905 1471 1025 1555 palatio
1041 1469 1117 1536 dicti
1132 1469 1318 1548 eommunis,
1341 1467 1496 1552 puniatur
1511 1466 1610 1533 delin-
1700 1491 1701 1544 ς

367 1591 467 1656 quens
489 1573 522 1638 in
542 1574 682 1656 duplum.
1700 1573 1701 1658 s

410 1676 455 1742 Et
477 1677 521 1742 si²
543 1678 651 1758 aliqua
672 1677 787 1744 mulier
808 1677 966 1761 ignobilis,
989 1677 1043 1744 uel
1065 1678 1149 1758 malq
1172 1676 1257 1758 fame
1278 1675 1393 1742 dixerit
1408 1674 1512 1741 uerba
1530 1673 1610 1740 iniu-
1700 1715 1701 1720 κ

369 1781 456 1846 riusa
478 1779 571 1847 aliani
595 1781 692 1846 nobili
713 1781 848 1858 mulieri,
872 1781 978 1848 soluat
1000 1800 1058 1864 pro
1080 1781 1186 1848 bando
1210 1781 1319 1846 decem
1341 1779 1451 1845 libras.

411 1883 456 1950 Et
478 1885 505 1950 si
524 1884 638 1966 aliquis
661 1883 807 1966 ignobilis
830 1885 945 1952 dixerit
967 1886 1060 1952 alicui
1083 1885 1182 1951 nobili
1202 1885 1302 1952 uerba
1319 1884 1479 1963 iniuriosa,
1505 1883 1612 1949 soluat

366 2005 425 2070 pro
444 1987 549 2054 bando
566 1993 692 2055 uentum
708 1989 823 2055 soldos.
848 1989 934 2054 Etsi
950 1989 1064 2070 aliquis
1079 1988 1230 2071 ignobilia
1250 1987 1500 2055 aondemnatus⁸
1514 1986 1610 2054 fuerit
1701 2051 1702 2054 ,

367 2109 426 2176 pro
448 2092 554 2174 aliquo
578 2092 677 2158 uerbo
700 2092 851 2158 iniurioso
874 2092 958 2158 dioto
981 2093 1074 2158 aliaui
1097 2092 1195 2159 nobili
1218 2097 1253 2158 et
1274 2092 1376 2175 ipsam
1391 2091 1608 2158 condemnati·
1700 2093 1702 2146 ἶ

367 2195 476 2262 onem⁴
498 2197 680 2276 nequiuerit
712 2195 846 2280 soluere,
878 2193 930 2260 uel
954 2214 1017 2262 non
1040 2197 1181 2278 potuerit
1202 2195 1337 2277 soluere,
1369 2196 1421 2262 uei
1444 2195 1609 2262 distulerit

365 2299 491 2366 soluere
521 2298 604 2364 inira
630 2317 727 2366 uuum
755 2317 896 2366 mensam
929 2318 948 2365 a
980 2299 1031 2366 die
1061 2299 1126 2380 late
1158 2300 1317 2380 sententie
1349 2299 1607 2382 computandum,

365 2401 452 2484 quod
467 2407 542 2483 post
559 2402 677 2468 dictum
694 2421 834 2468 mensem
850 2401 1022 2485 fustigetur
1036 2421 1095 2487 per
1110 2407 1211 2470 totam
1226 2403 1389 2468 ciuitatem
1406 2408 1441 2469 et
1454 2403 1607 2487 burgum:

365 2505 537 2572 dummodo
558 2505 591 2570 in
614 2505 687 2587 ipsa
708 2507 868 2572 sententia
890 2511 1002 2573 eontra
1024 2507 1114 2573 eum⁶
1136 2507 1210 2584 lata,
1233 2507 1303 2588 ipsa
1319 2505 1483 2590 instigatio
1506 2505 1607 2571 nulla·

364 2613 458 2676 tenus
480 2609 649 2687 inseratur,
672 2609 730 2675 sed
753 2626 811 2692 pro
834 2611 995 2676 sententia
1016 2610 1082 2676 iata
1104 2614 1139 2678 et
1159 2612 1279 2677 inserta
1303 2609 1335 2674 in
1357 2609 1428 2693 ipsa
1447 2610 1609 2675 sententia

364 2713 521 2781 habeatur
553 2718 587 2778 at
615 2713 813 2796 intelligatur
845 2718 879 2780 et
907 2714 1051 2782 executio
1081 2713 1151 2782 fieri
1182 2715 1285 2797 possit
1308 2717 1548 2796 perrecturam
1570 2731 1607 2778 ex

365 2818 476 2902 uigore
499 2821 533 2883 et
554 2817 746 2883 auctoritate
768 2817 928 2900 presentis
951 2818 1072 2894 statuti,
1096 2819 1339 2902 nonobstante,
1371 2817 1456 2900 quod
1478 2817 1514 2882 in
1540 2817 1609 2899 ipsa

367 2920 529 2988 sententia
550 2919 716 3003 instigatio
740 2939 802 2987 non
824 2920 921 2987 fuerit
943 2921 1087 2988 similiter
1108 2923 1279 2989 declarata.

411 3025 504 3091 Etsi
528 3025 644 3106 aliquis
667 3024 783 3092 nobilis
806 3024 909 3104 homo,
933 3025 986 3092 uel
1009 3025 1116 3108 aliqua
1138 3025 1254 3092 nobilis
1276 3025 1390 3091 mulier
1411 3025 1530 3091 dixerit
1552 3023 1608 3089 ali·
1702 3113 1703 3118 Ἰ

368 3127 421 3194 cui
443 3127 541 3196 nobili
564 3127 664 3195 uerba
685 3127 849 3213 iniuriosa,
872 3129 978 3195 soluat
998 3147 1055 3212 pro
1078 3129 1183 3195 bando
1206 3129 1418 3211 quadraginta
1439 3129 1560 3196 soldos

787 3358 856 3404 ou.
880 3359 950 3402 xm.
976 3361 1017 3402 DE
1038 3360 1182 3404 Iunonum.

408 3473 490 3541 Item
518 3477 672 3540 statutum
702 3479 737 3540 et
758 3475 939 3542 ordinatum
968 3482 1027 3556 ost,
1057 3477 1142 3559 quoi
1173 3476 1200 3542 si
1222 3475 1293 3557 quis
1316 3474 1429 3544 iecerit
1449 3476 1607 3542 insultum

367 3583 479 3644 eontra
501 3577 638 3660 aliquam
662 3577 731 3645 sine
753 3579 849 3648 annis
871 3581 942 3647 uel⁶
963 3582 1032 3648 siue
1055 3581 1190 3647 oolleata
1210 3581 1381 3665 hominum,
1404 3579 1557 3662 puniatur
1577 3579 1609 3643 in

366 3681 405 3746 xl
428 3681 536 3748 soliis.
568 3680 603 3748 Si
632 3699 710 3749 uero
733 3701 805 3750 cum
828 3683 961 3751 collecta
984 3683 1120 3750 duorum
1142 3683 1313 3762 hominum,
1339 3683 1392 3749 uel
1415 3682 1555 3765 plurium
1577 3687 1610 3749 et

366 3785 435 3852 sine
458 3785 564 3864 armis,
586 3785 738 3867 puniatur
759 3787 791 3852 in
815 3793 942 3853 eentum
965 3787 1072 3855 soliis.
1097 3786 1131 3853 Si
1147 3804 1225 3854 uero
1241 3789 1312 3869 quia
1327 3786 1441 3854 fauent
1456 3787 1607 3852 insultum

367 3893 479 3956 eontra
508 3889 645 3966 aliquem
676 3906 746 3956 oum
777 3891 874 3956 armis
896 3896 930 3958 et
952 3891 1021 3958 sine
1043 3891 1176 3958 oulleeta
1196 3891 1369 3970 homiuum,
1400 3891 1552 3974 puniatur
1573 3891 1607 3956 in

365 3993 474 4059 dacem
496 3991 586 4059 libris
608 4011 666 4074 pro
690 3993 758 4060 solo
780 3994 912 4060 insultu.
944 3993 978 4060 Si
1001 4013 1079 4062 uero
1103 4014 1173 4061 cum
1197 3995 1292 4061 armis
1314 3998 1347 4062 et
1369 4011 1443 4060 oum
1472 3993 1605 4061 collaata

366 4095 501 4161 duorum
530 4095 584 4160 uel
613 4096 775 4178 plurium',
806 4103 938 4180 propter
967 4117 1136 4180 personam
1166 4099 1349 4166 insultantis
1370 4100 1404 4164 in
1426 4096 1492 4164 xati
1518 4099 1606 4165 libris

354 4197 525 4280 puniatur.
549 4195 584 4262 si
605 4217 684 4267 uero
708 4200 741 4264 in
764 4201 849 4268 dioto
872 4201 993 4268 insultu
1016 4201 1155 4285 aliquem
1170 4199 1339 4268 offenderit
1354 4221 1426 4268 oum
1441 4205 1539 4270 armis
1554 4201 1606 4268 uel

414 4423 426 4461 ¹
448 4427 535 4488 Ood.
559 4429 665 4489 aoad.
689 4428 733 4489 A:
761 4427 890 4507 „aliud“.
960 4427 973 4465 ²
995 4431 1086 4490 Deest
1107 4430 1136 4490 in
1159 4429 1240 4490 uod.
1264 4428 1373 4490 aoad.
1396 4427 1434 4490 A.
1497 4425 1609 4489 'Coti

366 4514 474 4576 atad.
497 4514 539 4576 B:
565 4515 846 4592 „condempnatua“.
910 4513 1055 4578 ‘ibinz
1082 4511 1424 4594 „condempnationem‘.
1482 4511 1496 4549 ⁵
1518 4516 1608 4574 Deest

367 4600 553 4680 ap.Lan.
624 4600 1295 4682 ⁶Ood.aoadBetap.hjub:„et“·
1366 4599 1607 4679 'Ap.Ljub.:

370 4685 569 4766 „hominum“.
694 4758 696 4765 ,
