3416 5350
383 626 450 671 OAP.
473 627 510 667 11.
532 625 630 668 ssim
650 621 739 677 'qum
761 625 930 668 summunt
951 624 1124 670 seuuemo
1146 625 1250 668 num
1272 625 1369 668 mm.

292 742 375 808 ltem
399 746 554 807 statutum
570 747 603 806 et
617 740 798 806 ordinatum
814 746 873 823 est,
897 740 982 821 quod
1001 741 1088 805 nulla
1110 743 1281 821 accusatio,
1305 741 1357 805 uel
1374 741 1498 805 denun-

249 846 341 912 tiatio
364 844 537 926 recipiatur
553 845 594 909 ab
610 843 734 926 aliquo¹
751 843 791 910 de
815 844 921 926 aliquo
951 841 1114 922 maleficio,
1139 844 1227 924 quod
1249 843 1412 910 diceretur
1426 862 1500 910 esse

253 949 455 1036 commissum
477 952 552 1013 ante
574 965 621 1011 xv
644 947 713 1014 dies
736 965 755 1012 a
777 953 921 1029 tempore
942 947 1026 1027 facte
1051 948 1274 1022 accusationis,
1296 947 1350 1014 uel
1374 947 1495 1013 denun-

255 1052 406 1132 tiationis,
429 1051 505 1132 quia
527 1041 695 1132 postquam
718 1051 832 1132 aliquis
854 1050 969 1133 recipit
988 1051 1150 1133 abaliquo
1172 1051 1322 1117 iniuriam
1346 1050 1497 1136 aliquam,

253 1156 306 1221 uel
329 1153 491 1233 offensam,
526 1153 603 1220 satis
625 1153 724 1220 habet
745 1153 911 1236 magnum²
932 1154 1102 1220 terminum
1124 1173 1172 1219 xv
1194 1154 1318 1220 dierum
1341 1153 1383 1219 ad
1405 1171 1500 1220 accu-

251 1259 396 1337 sandum,
420 1259 472 1323 uel
495 1257 752 1324 denuntiandum.

297 1362 343 1428 Et
364 1362 392 1428 si
413 1359 497 1427 inira
519 1361 638 1426 dictum
661 1363 830 1428 terminum
851 1379 916 1426 non
937 1361 1008 1427 uult
1030 1379 1190 1438 accusare,
1220 1361 1273 1426 uel
1296 1361 1499 1441 denuntiare,

253 1465 314 1531 sibi
338 1465 456 1531 debeat
476 1463 636 1546 imputari.
660 1463 768 1547 Saluo,
792 1463 879 1546 quod
894 1464 926 1528 in
941 1463 1119 1546 homicidio,
1143 1464 1335 1530 tradimento
1359 1463 1501 1530 ciuitatis

255 1575 289 1636 et
310 1567 528 1637 combustione
551 1568 718 1635 domorum
739 1569 792 1634 uel
812 1573 955 1649 segetum
979 1569 1081 1650 possit
1104 1569 1174 1650 quis
1197 1567 1373 1649 procedere
1397 1586 1501 1649 nsque

253 1673 295 1739 ad
311 1691 427 1738 aunum
443 1691 463 1737 a
478 1677 622 1752 tempore
645 1672 802 1737 commissi
824 1669 980 1753 maleficij,
1004 1671 1174 1738 dummodo
1197 1677 1355 1754 appareat
1378 1671 1499 1736 denun-

255 1776 346 1842 tiatio
369 1774 455 1841 facta
476 1773 561 1840 iufra
581 1794 628 1841 xv
650 1775 728 1858 dies,
752 1775 828 1840 licet
842 1776 875 1840 in
891 1775 1131 1841 denuntiatione
1146 1793 1211 1840 non
1226 1774 1324 1840 fuerit
1346 1792 1501 1855 expressa

254 1895 402 1962 persona,
427 1879 501 1960 quia
524 1877 608 1944 forte
628 1882 704 1943 tunc
726 1877 949 1959 ignorabatur³
970 1896 1115 1958 persons,
1139 1895 1203 1959 quq
1226 1877 1312 1943 dicta
1334 1875 1500 1956 maleficia,

254 1983 306 2049 uel
329 1981 458 2063 aliquod
480 2000 590 2049 eorum
613 1979 753 2058 fecisset,
776 1982 827 2048 uel
850 1981 1070 2047 commisisset.

298 2087 343 2152 Et
365 2085 443 2151 hoc⁴
465 2084 638 2167 capitulum
666 2083 863 2166 intelligatur
893 2084 934 2151 de
956 2085 1078 2150 ciuibus
1109 2083 1248 2150 ciuitatis
1271 2081 1412 2165 Spalati;
1443 2084 1502 2151 sed

257 2191 298 2256 de
313 2189 494 2255 forensibus
518 2187 787 2254 committentibus
806 2185 959 2252 maleficis
975 2193 1086 2253 contra
1100 2188 1186 2254 ciues
1203 2185 1386 2270 Spalatinos
1404 2188 1501 2253 etiam

255 2297 328 2376 poet
349 2311 398 2358 xv
421 2291 499 2371 dies,
516 2310 588 2374 ymo
603 2291 855 2373 quandocunque
877 2292 981 2373 possit
997 2292 1155 2358 accusatio
1171 2289 1251 2369 fieri,
1276 2291 1362 2356 dicto
1379 2297 1503 2358 statuta

255 2397 456 2479 aliquatenus
479 2413 543 2461 non
566 2395 724 2460 obstante.

300 2500 344 2566 Et
358 2499 420 2566 boc
435 2499 610 2581 capitulum
626 2499 667 2564 de
683 2499 895 2578 accusatione,
919 2499 971 2565 uel
987 2497 1227 2564 denuntiatione
1250 2496 1398 2564 facienda
1419 2495 1505 2564 infru

256 2604 358 2670 dictos
380 2621 429 2669 xv
452 2602 520 2670 dies
549 2602 747 2686 intelligatur
776 2602 817 2669 de
846 2601 970 2684 iniurijs
999 2607 1033 2667 et
1062 2599 1226 2684 maleficijs
1250 2607 1284 2667 et
1306 2602 1429 2668 accusis
1452 2619 1506 2666 ca·

256 2705 402 2788 lumniq⁶,
426 2707 523 2788 quas⁶
545 2710 663 2788 etque
687 2705 794 2788 abqua
821 2723 959 2787 persona
989 2705 1203 2772 committeret
1231 2711 1344 2771 contra
1367 2705 1505 2786 aliquem

258 2811 326 2876 nel⁷
349 2811 488 2892 aliquam
506 2810 675 2891 specialem
698 2827 869 2891 personam
884 2813 1011 2891 etpost
1033 2807 1170 2876 offensas
1192 2809 1378 2876 commissas
1395 2815 1506 2874 contra

259 2913 397 2994 aliquam
420 2913 589 2998 specialem
609 2931 788 2995 personam.

355 3158 422 3203 ΟΔΡ.
445 3159 493 3202 m.
519 3159 602 3211 QUOD
626 3158 816 3204 demutatus
840 3159 939 3205 OAUSE
960 3161 1136 3204 ΠΠΔΜΠΒ
1157 3161 1254 3204 maa
1276 3161 1418 3204 nasu.

303 3275 385 3343 Item
419 3279 575 3342 statutum
607 3282 640 3342 et
670 3275 850 3342 ordinatum
881 3280 941 3356 eet,
977 3275 1063 3357 quod
1096 3281 1239 3357 potestas
1273 3281 1307 3342 et
1339 3274 1508 3342 olfitiales⁸

262 3377 385 3462 Spelati
416 3383 586 3445 teneantur
615 3397 724 3445 omnes
754 3397 923 3460 processus
953 3379 1133 3444 criminales
1162 3377 1253 3445 finire
1276 3384 1310 3444 et
1332 3381 1508 3446 terminare

261 3500 319 3564 per
341 3483 532 3549 sententiam
555 3482 639 3549 inira
653 3501 751 3548 unum
773 3501 925 3563 mensem,
949 3483 1195 3565 computandum
1210 3502 1230 3547 a
1245 3482 1297 3548 die
1313 3483 1401 3563 dicte
1416 3501 1507 3549 accu-

261 3585 394 3652 sationis
418 3587 471 3650 uel
494 3586 753 3664 denuntiationis,
777 3585 847 3653 uel⁹
861 3584 945 3666 lacte
962 3592 1018 3651 aut
1039 3585 1176 3666 formate
1199 3585 1414 3667 inquisitionis
1431 3604 1506 3652 con·

259 3688 480 3766 demnando¹⁰,
504 3689 556 3755 uel
579 3688 783 3755 absoluendo.

304 3791 348 3856 ut
371 3791 398 3857 si
421 3791 506 3857 ultra
528 3791 648 3857 dictum
678 3791 847 3858 terminum
870 3791 1087 3859 latafuerit1¹
1110 3793 1216 3874 aliqua
1246 3794 1409 3859 sententia
1431 3811 1506 3860 con·

263 3893 507 3973 demnatoriaffl,
545 3895 598 3960 uel
628 3895 824 3962 absolutoria
853 3895 886 3959 in
916 3897 1021 3962 causis
1051 3896 1274 3976 criminalibus,
1304 3914 1368 3962 nou
1399 3897 1509 3964 ualeat

260 3997 332 4080 ipso
355 3997 434 4082 iure,
467 3998 564 4065 aalma
587 3997 649 4063 illis
672 3999 807 4078 casibus,
840 3998 873 4064 in
896 3999 1011 4080 quibus
1033 4005 1165 4082 propter
1187 3999 1365 4066 absentiam
1390 3999 1508 4082 princi·

306 4203 614 4284 ¹Deestap.Ljub.
676 4203 1009 4285 ‘ibid.:„longum“.
1072 4201 1320 4291 'ibid.:,de‘.
1387 4206 1510 4269 ‘Deest

258 4293 391 4353 incod.
415 4293 517 4355 acad.
541 4293 577 4353 A.
637 4290 957 4355 ⁶Cod.acad.B:
1003 4292 1199 4374 calumpniq“.
1261 4293 1508 4370 ⁸Ap.Ljub.:

264 4381 514 4456 „quascumque“.
607 4377 618 4413 ⁷
642 4381 788 4457 „aliquem
811 4379 877 4438 uel“
904 4341 1104 4442 deest⁸ibid
1128 4385 1158 4440 et
1179 4381 1209 4438 iu
1232 4381 1313 4440 cod.
1338 4381 1447 4440 acad.
1470 4381 1507 4440 B.

264 4461 708 4542 ⁸Ap.11jub.:„eiuitatis“.
816 4462 1056 4528 ⁹Deestibid.
1166 4463 1507 4528 ¹⁰Ood.acad‚B:

263 4545 554 4629 „condempnando“.
633 4549 660 4584 ¹¹
682 4553 774 4611 Deest
796 4570 844 4627 ap.
868 4552 979 4629 Ljub.
1058 4549 1085 4586 ¹²
1109 4553 1195 4614 uod.
1220 4552 1325 4612 acad.
1349 4553 1392 4614 B:
1418 4570 1506 4634 „eon-

264 4629 497 4714 dampnatoria⁴‘.
