3436 5362
444 635 593 723 ,Proficit
615 637 735 718 absque
755 636 826 702 Deo
849 635 955 702 nullus
978 635 1010 700 in
1034 636 1112 702 orbe
1133 635 1257 716 labor“,

443 740 576 822 ,Omnia
598 745 785 821 pretereuut
806 745 916 820 prater
940 757 1048 804 amare
1073 739 1215 818 Deum“;

441 843 534 922 „Non
557 843 617 908 uisi
640 843 736 908 dante
759 843 828 908 Deo
851 843 1012 924 sapiencia
1035 843 1166 908 discitur
1189 843 1273 907 ulla“

444 947 506 1028 ,Et
528 946 596 1012 sina
619 963 682 1027 quo
705 946 811 1012 nullus
836 946 897 1011 rite
921 946 1042 1028 peritus
1066 947 1158 1012 erit“.
1183 983 1225 992 -

446 1049 630 1129 „Perfectus
654 1069 742 1116 amor
765 1051 880 1116 ciuium
904 1055 1034 1116 cunctos
1056 1051 1143 1117 mille
1165 1050 1301 1116 cibauit“

444 1153 565 1234 ,Valde
588 1154 673 1220 mitis
695 1155 791 1222 ualde
814 1173 892 1220 uera
914 1173 1041 1236 semper
1064 1157 1215 1246 amauit‘f.
1239 1189 1282 1202 -

331 1273 390 1356 Isti
412 1276 475 1342 duo
497 1293 611 1342 uersus
634 1276 803 1359 designant
824 1276 1117 1358 interpretationem
1140 1277 1234 1342 buius
1256 1276 1410 1360 nominis,
1445 1275 1531 1355 quod

288 1383 341 1444 est
362 1379 564 1446 Pareeualus.

335 1480 480 1548 Gaueant
501 1481 598 1565 igitur
619 1483 720 1548 inuidi
751 1484 968 1564 detractores,
999 1490 1036 1548 ut
1057 1485 1090 1549 in
1112 1484 1371 1562 renouationtbus
1393 1487 1530 1550 statuto·

289 1605 359 1651 rum
390 1587 477 1652 nullo
513 1595 656 1669 tempore
691 1588 808 1653 dictum
841 1588 1039 1670 prohemium
1074 1588 1211 1654 debeant
1242 1588 1439 1667 immutare¹,
1473 1587 1530 1653 sed

291 1707 417 1772 semper
435 1709 493 1772 pro
517 1691 646 1756 exordio
662 1696 697 1756 et
711 1691 874 1772 prohemio
899 1695 1091 1758 statutorum
1114 1691 1253 1758 ciuitatis
1270 1690 1393 1774 Spoleti
1416 1691 1531 1758 debeat

289 1793 518 1860 inuiolabiliter
539 1812 726 1876 permanere
750 1796 791 1861 ad
813 1795 998 1862 memoriam
1022 1795 1257 1877 sempiternam.

348 2041 415 2086 ΟΔΡ.
431 2043 452 2084 Ι.
474 2043 516 2086 Du
530 2043 724 2087 ambuans
739 2045 779 2085 ET
793 2044 1047 2087 murmanus
1062 2043 1209 2089 noctuam
1224 2043 1335 2087 BANO'H
1349 2043 1478 2086 boumn.

337 2157 511 2224 Statuimus
535 2163 568 2226 et
590 2159 772 2225 ordinamus
795 2165 829 2226 et
851 2166 1005 2242 perpetuo
1037 2161 1140 2226 edicto
1171 2177 1336 2226 censemus
1365 2159 1531 2225 inuiolabi-

293 2263 368 2327 liter
398 2264 579 2342 obseruari,
612 2264 696 2345 quod
727 2271 929 2330 sacrosancta
959 2264 1093 2330 ecclesia
1124 2264 1320 2346 Spalatensis
1343 2265 1385 2329 sit
1408 2269 1441 2329 et
1462 2281 1531 2329 essa

294 2367 411 2433 debeat
434 2368 474 2432 ab
498 2367 644 2432 omnibus
668 2369 806 2450 angarijs
829 2375 863 2432 et
885 2369 1082 2452 perangariis
1105 2375 1138 2436 et
1160 2369 1231 2451 aujs
1255 2367 1450 2451 quibuslibet
1468 2387 1532 2433 ser·

293 2471 380 2552 uitiis
404 2470 598 2537 secularibus
621 2477 776 2553 perpetuo
800 2472 902 2539 libera
924 2477 958 2538 et
984 2477 1126 2554 excepta.

338 2573 436 2657 Item,
468 2574 553 2655 quod
584 2574 653 2639 dias
682 2573 855 2641 festuitatis
885 2575 985 2641 sancti
1015 2574 1160 2658 Domnij²
1191 2576 1306 2642 debeat
1334 2594 1395 2657 per
1423 2593 1533 2640 unum·

295 2695 452 2761 quemque
473 2678 701 2744 uenerabiliter
724 2678 887 2745 obseruari
910 2679 959 2744 et³
981 2679 1146 2746 custodiri.

337 2782 428 2862 Item,
453 2781 538 2863 quod
560 2781 681 2846 licitum
705 2783 747 2848 sit
768 2783 939 2864 unicuique
962 2784 1084 2848 uolenti
1102 2785 1212 2850 uenire
1227 2783 1269 2849 ad
1284 2783 1403 2849 dictum
1419 2782 1535 2850 festrun

296 2887 337 2953 ad
360 2886 521 2953 ciuitatem
545 2885 667 2968 Spalati
689 2906 747 2968 per
768 2893 834 2954 tres
858 2887 925 2953 dies
948 2893 1022 2953 ante
1045 2892 1077 2953 et
1098 2888 1147 2952 in*
1168 2889 1238 2968 ipso
1262 2887 1313 2954 die
1335 2886 1409 2955 festi
1431 2892 1465 2954 et
1479 2907 1537 2970 per

294 2997 362 3058 tres
393 2991 461 3056 dies
491 2995 565 3071 post
587 2991 703 3056 dictum
726 2991 860 3056 festum⁵
882 2991 1035 3056 accedere
1064 2991 1164 3057 libere
1188 2996 1222 3056 et
1244 2991 1373 3057 secure⁶
1395 2997 1429 3057 et
1451 2997 1537 3058 stare

297 3101 331 3160 et
363 3094 480 3160 morari
514 3094 547 3158 in
580 3093 651 3176 ipsa
685 3095 814 3161 ciuitate
845 3095 913 3160 sine
943 3113 1028 3178 pena
1057 3095 1164 3176 aliqua
1197 3113 1254 3160 seu
1287 3095 1427 3174 bauuo⁷3
1462 3095 1538 3160 dum

297 3206 404 3265 tamen
427 3215 490 3263 non
513 3197 555 3264 sit
577 3198 783 3288 exbanuitus⁸
798 3199 851 3264 uel
873 3198 1119 3266 condemnatus⁹
1138 3199 1277 3265 ciuitatis
1300 3197 1425 3280 Spalati
1448 3217 1538 3265 occa-

298 3305 388 3370 sione
419 3289 599 3384 sanguiuis,
630 3301 724 3380 furti,
756 3303 925 3382 roboriam,
950 3303 1117 3384 adulterij,
1147 3303 1200 3369 uel
1222 3303 1388 3387 falsitatis,
1423 3303 1540 3383 quibus

297 3405 554 3473 malefactoribus
577 3406 737 3472 licentiam
759 3407 909 3472 ueniendi
932 3407 972 3472 ad
995 3407 1111 3472 dietam
1134 3407 1295 3474 ciuitatem
1318 3407 1461 3473 totaliter
1483 3409 1538 3474 de-

298 3529 469 3594 negamus,
492 3528 589 3592 quum
612 3518 742 3593 propter
765 3529 875 3577 eorum
904 3509 1059 3577 maleficia
1086 3511 1242 3578 scelerata
1270 3529 1333 3576 non
1355 3517 1431 3577 sunt
1453 3512 1539 3595 digni

299 3613 511 3697 spiritualiter
533 3613 586 3679 uel
608 3615 828 3696 temporaliter
850 3615 984 3698 gratiam
1008 3615 1169 3694 obtinere;
1200 3615 1284 3696 quod
1307 3615 1335 3680 si
1358 3616 1399 3680 ad
1422 3616 1537 3682 dictam

299 3720 461 3784 ciuitatem
484 3719 595 3783 uenire
619 3717 879 3801 presumpserint,
906 3725 1048 3801 potestas
1071 3725 1104 3785 et
1128 3723 1233 3784 rector
1255 3719 1394 3784 ciuitatis
1418 3718 1538 3802 Spalati

298 3822 402 3904 possit
424 3821 597 3903 procedere
619 3823 750 3888 realiter
773 3828 806 3888 et
828 3824 1037 3904 personaliter
1060 3829 1171 3888 contra
1193 3841 1265 3902 eos,
1289 3829 1385 3904 prout
1407 3824 1539 3906 exigerit

300 3926 437 4009 qualitas
461 3927 657 4000 delictorum,
682 3927 909 3992 consuetudine
933 3927 986 3992 uel
1010 3927 1148 4008 capitulo
1171 3926 1277 4009 aliquo
1299 3945 1364 3992 non
1383 3927 1536 3993 obstante.

347 4118 459 4180 1Οοᾱ.
479 4121 583 4180 abad.
601 4120 641 4178 B:
662 4119 824 4201 ²,mutare“.
895 4115 1030 4178 2ibid:
1051 4120 1241 4200 „Dompuij“.
1310 4116 1397 4194 Ἀρ.
1415 4119 1536 4196 Ljub.:

304 4207 473 4282 ,observari
489 4205 536 4264 et“
556 4206 647 4264 deest.
719 4203 730 4238 ⁴
746 4207 838 4264 Deest
859 4207 953 4265 ibid.
1023 4202 1163 4266 ⁵ibiu.:
1191 4209 1276 4282 ,post
1291 4205 1397 4265 festum
1413 4207 1536 4281 ipsuml.

207 4316 210 4322 ·
302 4289 536 4352 ‘Deestibid
607 4289 1080 4366 ⁷Cod.acad.B:,bando“.
1149 4287 1535 4366 ⁸ibid.:,exbanditus“.

303 4375 430 4438 libid:
457 4378 736 4457 „eondempnatus“.
808 4375 942 4438 1⁰ibid.
967 4383 997 4436 et
1017 4377 1143 4453 Ljub.:
1170 4379 1387 4462 ntradimenti“.
