3436 5362
1343 473 1382 532 75

116 669 267 756 debito,
290 673 345 742 661
367 678 536 762 contractu
559 673 754 758 666166161611
777 692 839 740 666
863 673 987 756 possint
1008 675 1140 755 reperiri
1155 675 1247 758 plura
1262 674 1388 756 publica

11 791 12 796 ’
118 775 362 846 instrumenta.

174 1007 246 1051 ou
279 1009 346 1050 m-
379 1009 413 1052 nt
437 1008 549 1061 enisus
573 1007 700 1052 olemus
722 1007 834 1052 ΠΒΠΒ
856 1007 991 1108 pessum·
1013 1008 1117 1052 REOM
1138 1008 1222 1052 ΑΜΕ
1244 1009 1341 1051 Hm

639 1094 865 1138 consessum
884 1121 891 1136 .

177 1209 271 1276 Item
295 1215 449 1276 statutum
473 1215 507 1277 et
529 1209 709 1276 ordinatum
731 1215 790 1288 est,
814 1208 899 1291 quod
920 1209 954 1274 in
975 1226 1072 1276 eausa
1091 1209 1186 1291 ciuili,
1210 1211 1237 1277 si
1252 1209 1383 1277 timetur

2 1306 3 1311 ’
124 1311 174 1376 (16
216 1319 320 1380 morte
348 1314 479 1380 testium
509 1319 640 1396 propter
668 1310 904 1394 infirmitatem,
935 1314 988 1381 uel
1018 1319 1214 1381 senectutem
1243 1315 1296 1380 uel
1319 1314 1382 1382 6116

126 1416 250 1502 modo,
275 1418 328 1483 uel
351 1418 391 1483 de
413 1417 507 1500 longa
530 1417 675 1484 absentia
696 1417 837 1496 testium,
860 1418 946 1500 quod
968 1417 1050 1508 tales
1071 1423 1171 1484 testes
1194 1417 1292 1484 etism
1308 1423 1383 1486 ante

124 1519 231 1586 litem
260 1525 470 1587 contestatam
501 1521 599 1602 recipi
631 1526 665 1586 et
694 1521 866 1586 examinari
899 1521 1023 1602 possint
1044 1525 1078 1586 et
1101 1521 1238 1589 debeant
1259 1523 1292 1587 in
1314 1523 1385 1605 ipsa

1 1617 2 1622 ’
126 1642 250 1708 eausa,
275 1625 349 1690 dum
372 1629 479 1691 tamen
502 1624 543 1690 ed
565 1623 737 1691 uidendum
759 1624 937 1690 iuramento
958 1625 1070 1690 talium
1089 1625 1218 1692 testium
1234 1627 1384 1692 aduersa-

1 1801 2 1804 ,
126 1727 209 1794 rius
232 1728 375 1810 legitime
398 1730 440 1795 sit
462 1731 609 1794 citandus
632 1735 666 1796 et
688 1727 812 1794 saluum
835 1729 879 1794 sit
899 1727 960 1794 sibi
989 1727 1039 1794 ius
1069 1731 1249 1811 opponendi
1273 1737 1385 1798 eontra

126 1849 295 1913 personas
319 1839 352 1899 et
375 1832 459 1899 dieta
481 1832 623 1917 testium,
647 1839 684 1898 ut
706 1832 784 1898 ordo
807 1831 949 1914 postulat
971 1831 1115 1898 rationis.

130 2061 209 2106 nnn.
233 2062 312 2104 666.
328 2062 371 2104 66
386 2062 633 2106 morrromus
650 2063 690 2104 nn
706 2062 793 2106 66666
809 2061 1053 2121 uonnauonrans,
1069 2062 1227 2115 ouanmnn
1242 2039 1383 2106 666666ἱ

115 2139 124 2152 “
592 2149 679 2192 urnas
700 2147 932 2192 mensunusum.

184 2265 268 2330 Item
290 2269 445 2331 statutum
458 2269 492 2330 et
507 2266 686 2331 ordmatnm
701 2269 759 2344 est,
784 2265 869 2346 qnod
892 2264 932 2328 de
948 2264 1093 2331 omnibus
1109 2265 1383 2346 conuentionibus,

135 2369 398 2444 uenditionibus,
429 2369 545 2436 debitis
575 2375 609 2437 et
643 2368 683 2434 de
706 2367 851 2434 omnibus
874 2367 945 2449 alijs
968 2367 1184 2434 contractibus
1208 2372 1242 2434 et
1263 2369 1384 2434 aliene-

140 2473 294 2552 tionibus,
319 2478 451 2554 exeepto
475 2473 516 2539 de
538 2471 795 2556 possessionibus
817 2476 851 2536 et
871 2469 1104 2538 hereditatibus
1126 2471 1272 2538 indiuisis
1295 2492 1314 2538 6
1336 2492 1383 2538 xx

136 2577 293 2643 librarum
317 2576 511 2642 Venetorum
534 2595 706 2658 paruarum
728 2593 826 2656 supra
847 2573 904 2641 fiat
926 2580 959 2641 et
981 2573 1051 2641 fieri
1081 2575 1198 2642 debeat
1221 2576 1381 2658 publicum

138 2681 397 2758 instrumentum,
421 2680 500 2746 61166
519 2679 660 2747 66661616
684 2684 718 2745 66
739 2678 889 2745 alienatio
912 2683 947 2745 et
969 2684 1150 2745 contractus
1179 2699 1242 2745 uon
1272 2679 1380 2745 ualeat

136 2801 210 2865 rpso
232 2803 311 2850 rure.

265 3014 333 3057 666.
356 3013 448 3055 xum.
472 3014 515 3055 nn
537 3013 751 3057 nasammonas
772 3012 812 3055 66
834 3011 963 3057 666666
986 2991 1251 3056 normannum.

181 3129 264 3195 Item
287 3133 442 3194 statutum
466 3133 500 3194 et
521 3128 701 3194 ordinatum
724 3133 783 3210 est,
806 3126 893 3210 quod
915 3127 942 3193 si
963 3132 1118 3209 appareat
1132 3127 1260 3210 aliquod
1283 3134 1382 3196 teste·

138 3240 291 3307 mentum,
315 3233 367 3298 uel
384 3231 555 3310 codicillus,
577 3231 629 3296 uel
652 3230 795 3313 quelibet
816 3229 1005 3297 6116616166
1020 3230 1180 3314 uoluntas,
1205 3249 1268 3314 que
1283 3251 1382 3314 6666·

139 3341 211 3403 reat
224 3354 284 3417 per
294 3335 454 3417 publicum
466 3335 719 3415 instrumentum,
736 3334 889 3417 scripturn
904 3351 1002 3400 66666
1017 3333 1149 3402 61166166
1165 3333 1240 3402 boni
1255 3336 1381 3418 notarij,

141 3439 213 3505 6166
236 3440 282 3506 161
304 3437 504 3506 contineatur
518 3436 646 3504 heredis
661 3437 829 3517 institutio,
852 3438 921 3504 sius
938 3455 1002 3504 non
1019 3439 1242 3516 continuatum,
1267 3439 1381 3506 nihilo·

137 3543 245 3608 minus
267 3543 375 3609 ualeat
396 3547 430 3609 et
451 3546 560 3609 tenent
582 3545 616 3607 66
637 3541 725 3608 66116
748 3541 843 3608 modo
864 3539 1065 3625 infringatur,
1088 3541 1148 3608 nisi
1170 3546 1256 3610 esset
1271 3547 1382 3609 eontra

136 3651 293 3712 statutum
316 3644 448 3728 Spalati.

180 3749 272 3816 Idem
295 3752 391 3816 etiem
414 3748 627 3828 obseruatum,
660 3749 686 3815 si
716 3745 773 3814 fiat
794 3747 924 3815 donatio
947 3766 1045 3815 66666
1066 3747 1178 3815 mortis
1201 3766 1259 3831 per
1281 3745 1381 3814 filium

133 3852 287 3933 16611166,
319 3854 373 3935 qui
405 3857 455 3920 est
477 3854 509 3919 16
537 3856 701 3934 potestate
731 3852 831 3934 patris
866 3852 942 3933 sui‘,
966 3851 1136 3918 dummodo
1158 3851 1229 3934 1666
1251 3851 1380 3919 donatio

136 3975 233 4023 eausa
258 3957 370 4022 mortis
392 3955 450 4022 fiat
472 3960 564 4038 patre
587 3955 818 4023 consentiente.

182 4059 220 4124 ln
244 4059 434 4142 quibusdum
456 4057 583 4125 casibus
606 4055 892 4142 666666666616667
915 4062 949 4124 et
972 4056 1255 4126 116166666611116
1289 4057 1380 4125 fami·

134 4161 195 4228 lias
219 4162 366 4227 existenti
398 4161 430 4226 in
453 4166 614 4244 potestate
636 4161 737 4244 patris
759 4161 817 4242 sui,
842 4159 949 4226 faeere
972 4165 1207 4241 testamentum,
1229 4162 1283 4228 uel
1305 4161 1379 4228 ulti·

138 4281 223 4330 mam
247 4264 455 4344 uoluntatem,
479 4265 709 4346 consentiente,
730 4265 784 4332 661
807 4283 870 4331 666
893 4263 1112 4331 consentiente
1134 4269 1226 4346 patre
1250 4283 1325 4345 suo,
1349 4272 1384 4331 et

180 4471 272 4550 ¹Ap.
297 4475 412 4552 Ljnb:
439 4477 730 4553 „contestationem“.
811 4471 956 4536 ‘ibide
982 4474 1159 4558 „dehent
1246 4472 1367 4536 ³Ood.

131 4561 238 4620 acad.
262 4561 287 4620 B
303 4561 410 4622 menda
431 4561 614 4623 hauddubie
630 4563 782 4642 scripture,
806 4579 922 4637 semper
938 4562 1055 4623 soribit:
1073 4562 1194 4644 „ultima
1208 4559 1365 4638 uoluptas‘¹

131 4648 150 4707 1.
174 4648 321 4709 uoluntas.
404 4645 730 4726 41166666616161).
815 4645 942 4710 ὗ(1661.
973 4649 1145 4710 66611Βι
1182 4641 1366 4725 „seruetur‘.

137 4731 262 4795 ‘Deest
283 4752 333 4812 ap.
356 4733 467 4811 Ljub.
538 4732 550 4770 ⁷
572 4735 688 4798 ibim:
714 4727 959 4814 „permittimus“.
