3396 5402
292 641 358 686 w.
382 639 466 684 mv.
490 639 657 686 mnaodnoa
679 641 782 685 rosan*
804 639 989 686 consummem
1011 639 1081 685 ΒΜ
1101 639 1280 684 ammon.

217 775 298 844 Item
321 783 447 860 captum
471 775 539 857 fuit,
564 777 649 859 quod
671 777 860 859 quicumque
883 776 1025 860 emendo,
1048 775 1222 856 vendendo,
1246 777 1299 843 uel
1322 793 1406 842 mer-

173 881 276 948 cando
299 881 360 948 erit
389 881 515 949 debitor
549 881 658 962 alicui,
693 881 794 964 possit
826 881 929 964 ipsum
963 879 1068 949 lacere
1098 883 1314 965 constringere
1346 898 1405 963 per

175 986 294 1052 cunam
317 985 358 1053 ad
380 986 566 1053 soluendum
591 987 659 1052 sine
682 987 788 1068 aliquo
810 988 944 1052 termino
968 996 1001 1052 et
1023 985 1182 1054 dilatione.

219 1217 288 1263 oal’.
310 1219 382 1261 XLV.
407 1219 560 1263 OUSTODBS
582 1219 644 1262 NON
668 1219 833 1262 ammon
855 1219 898 1262 An
921 1219 1066 1262 anamma
1089 1217 1362 1262 conomamom.

217 1353 299 1422 Item
321 1353 426 1419 Mccoc
448 1353 521 1418 xliv.
545 1353 596 1418 die
619 1352 683 1435 viiij
706 1353 793 1436 Julij.
818 1353 1006 1436 Spectabilis
1029 1358 1063 1420 ct
1085 1371 1258 1438 generosus
1281 1352 1329 1419 uir
1343 1353 1409 1420 Do·

174 1457 278 1524 minus
310 1457 438 1524 Marcus
471 1457 668 1524 Gradenicus
701 1457 810 1523 honor.
845 1475 949 1524 cornea
984 1456 1156 1540 Ourzulae,
1190 1457 1410 1540 praesentibus

175 1561 258 1630 dom.
283 1559 419 1629 Antonio
451 1561 614 1628 Jurieuich
636 1567 669 1628 et
691 1581 751 1628 aer.
775 1561 952 1642 Franosoo,
976 1581 1005 1645 q.
1030 1561 1166 1644 Obradi‚
1190 1563 1258 1629 visa
1280 1561 1409 1629 inhone-

176 1670 262 1734 state
283 1665 387 1732 dictae
409 1666 511 1748 partis
534 1665 574 1733 de
596 1665 778 1733 custodibus
798 1667 1010 1734 seruientibus
1037 1667 1223 1751 consiliarija
1246 1672 1280 1733 et
1300 1665 1410 1733 uolens

176 1769 265 1836 iuxta
298 1770 481 1836 mandatum
504 1769 736 1837 Dominationis
759 1789 869 1838 ornnes
889 1771 921 1836 in
943 1772 992 1838 ius
1014 1790 1087 1838 esse
1111 1773 1277 1854 aequalem
1308 1770 1410 1854 ipsam

177 1879 301 1958 partem
331 1875 448 1942 cassari
471 1881 504 1942 et
526 1875 679 1941 annullari
710 1893 767 1957 per
789 1893 840 1943 me
862 1875 1017 1942 loannem
1047 1875 1222 1942 Millionum
1257 1873 1410 1943 cancella·

176 1979 259 2045 riom
280 1980 374 2046 iussit
395 1986 429 2046 et
450 1980 621 2046 mandauit.

331 2211 398 2256 UAP.
422 2213 507 2254 uva
529 2213 571 2254 DE
592 2211 737 2256 TEMPORE
758 2213 1039 2256 mxummmaunl
1061 2211 1258 2257 AUGUSARUH·

224 2342 306 2413 Item
328 2352 455 2428 captum
477 2345 551 2426 luit,
586 2347 671 2428 quod
694 2365 900 2429 unaquaeque
934 2365 1065 2427 accusa,
1101 2353 1175 2426 tam·
1202 2347 1408 2429 polanorum

179 2467 273 2532 quam
295 2451 503 2517 criminalium
526 2451 658 2518 aliorum
682 2451 866 2518 extrahatur
888 2470 986 2535 usque
1002 2453 1042 2518 ad
1058 2452 1127 2518 dies
1144 2451 1320 2534 quindecim
1339 2471 1411 2535 pro·

178 2555 333 2622 admoram
355 2561 429 2639 post
450 2575 595 2623 accusem
616 2575 675 2639 per
698 2557 838 2640 regimen
860 2575 918 2639 per
940 2576 1031 2624 suum
1055 2563 1297 2624 sacramentum.

178 2786 247 2833 OAP·
270 2789 368 2832 xnvn.
398 2787 638 2834 accommodum
669 2789 926 2842 nequamneuam
949 2791 1005 2834 SUB
1028 2790 1216 2858 VNOQU¹OQUE
1244 2789 1408 2832 anamma.

222 2923 305 2990 Item
327 2931 454 3007 captum
477 2923 546 3004 fuit,
571 2924 656 3006 quod
674 2924 917 3006 unumquodque
932 2923 1072 3008 regimen
1090 2930 1238 2990 teneatur
1263 2923 1412 2991 mandare

178 3029 356 3096 executioni
389 3047 498 3095 omnes
525 3033 559 3094 et
589 3028 730 3112 singulas
764 3029 981 3095 accusationes
1015 3027 1136 3095 fiendas
1170 3047 1227 3096 suo
1261 3035 1412 3112 tempore,

178 3133 233 3200 vel
256 3132 503 3212 condemnando,
538 3133 590 3198 uel
613 3133 824 3214 absoluendo,
857 3139 951 3214 prout
973 3139 1092 3200 statuta
1115 3139 1148 3199 et
1170 3133 1413 3200 consuetudines

178 3237 346 3321 requirent
368 3254 472 3319 poena
493 3255 719 3320 yperperorum
754 3237 892 3320 quinque
914 3257 972 3320 pro
995 3255 1182 3320 unoquoque
1212 3237 1332 3318 iudice,
1361 3237 1415 3319 qui

178 3341 402 3409 conmafeoerit
423 3341 587 3408 Communi
611 3341 877 3426 applicandorum.

380 3574 447 3618 ode.
470 3575 580 3617 xnvm.
605 3573 840 3619 OUS'I'ODIHDAE
862 3573 996 3618 INSUME
1019 3573 1082 3618 GUH
1105 3573 1217 3618 annot.

226 3708 307 3776 Item
329 3713 455 3791 captum
477 3709 538 3775 iuit
556 3709 589 3774 in
610 3708 721 3776 ecdem
754 3709 903 3794 oonsilio,
938 3708 1022 3790 quod
1052 3705 1297 3789 unumquodque
1331 3705 1414 3788 regi·

182 3831 266 3894 men‚
290 3813 374 3896 quod
396 3833 480 3881 nunc
501 3819 559 3894 eat
583 3814 635 3881 uel
658 3814 743 3900 quod
764 3831 823 3896 pro
848 3819 991 3896 tempore
1014 3814 1082 3898 erit,
1105 3812 1210 3878 mittot
1230 3829 1323 3877 unam
1345 3811 1416 3877 bar-

181 3937 255 3987 cam
277 3923 430 3985 minatam
453 3917 493 3984 ad
516 3917 752 3985 custodiendam
774 3919 926 3997 insulam,
961 3935 1023 3983 una
1044 3916 1111 3983 vice
1134 3915 1166 3982 in
1189 3933 1306 3997 mense,
1338 3933 1416 3997 quo·

182 4041 308 4108 cunque
330 4022 487 4091 ridebitur
509 4021 663 4106 regimini.

219 4256 285 4301 OAP.
308 4257 395 4299 xm·
419 4255 561 4300 namnum
583 4255 646 4298 NON
669 4253 884 4299 EUMNDOBUM
906 4255 941 4297 Ill
963 4252 1109 4298 01dess
1130 4251 1153 4294 Δ
1176 4250 1380 4295 quamnam,

229 4393 310 4458 Item
334 4398 461 4474 captum
483 4391 559 4470 fuit,
596 4391 679 4473 quod
710 4391 817 4473 aliqua
850 4407 985 4473 persona
1017 4407 1079 4454 non
1102 4387 1144 4454 sit
1166 4406 1244 4453 ausa
1276 4386 1419 4469 accipere

185 4495 323 4579 aliquem
357 4495 512 4579 lapidem,
547 4493 598 4562 vel
621 4495 749 4578 plancus
772 4494 812 4561 de
834 4494 940 4577 aliquo
970 4497 1150 4560 casamento
1181 4493 1213 4557 in
1236 4492 1364 4558 diritate
1386 4495 1419 4558 ct

183 4599 289 4668 insula
310 4597 467 4667 Ourzulae
489 4599 549 4666 sub
572 4617 674 4680 poena
695 4616 920 4681 yperperorum
944 4597 1082 4680 quinquo
1103 4600 1137 4664 et
1151 4595 1296 4664 soluendi
1315 4598 1417 4663 totum

186 4703 346 4774 damnum

1246 4801 1266 4838 ἱ
