3436 5362
300 485 302 494 ¹
327 465 356 536 X

335 681 533 762 obseruandi,
559 688 595 748 ut
617 684 642 748 si
675 683 805 751 consilio
833 683 1001 764 uidebitur,
1026 683 1183 750 addantur
1200 685 1231 749 in
1252 691 1372 752 statuto
1396 687 1571 752 communis

325 784 467 870 Spalati“
493 789 580 874 (pag.
609 793 681 854 260.
705 789 735 854 b.
760 790 837 873 eu).

370 891 440 971 Quo
464 899 569 960 autem
594 912 676 960 auno
692 893 743 959 bic
758 893 842 959 liber
865 892 1125 961 reformatiouurn
1149 895 1312 960 coniectus
1335 895 1387 975 sit,
1411 913 1514 976 neque
1528 914 1570 961 ex

325 998 486 1079 prooemio
508 998 582 1079 illo,
607 1017 713 1082 oeque
735 1017 754 1064 e
776 998 857 1065 libro
888 999 958 1080 ipso
991 997 1070 1064 satis
1098 998 1234 1064 dilucide
1257 1005 1410 1082 apparet3
1442 1000 1571 1066 uomina

325 1119 402 1168 vero
425 1102 590 1189 nobilium,
615 1104 668 1185 qni
695 1103 736 1169 ad
758 1102 1002 1170 reformationes
1034 1102 1263 1185 compillandas
1285 1103 1431 1186 deputati
1461 1103 1564 1187 luere,

329 1206 520 1272 adminicula
542 1207 634 1274 nobie
652 1205 799 1288 afferunt,
821 1207 935 1288 quibus
951 1205 1034 1288 fulti,
1051 1225 1168 1272 anuum
1184 1207 1268 1274 bunc
1283 1208 1477 1274 constituere
1492 1227 1570 1289 pos-

330 1329 446 1376 sumus.
472 1309 619 1377 Inferiori
641 1311 724 1377 enim
746 1311 816 1378 luco
846 1309 1109 1379 reformationum
1131 1312 1251 1378 mentio
1275 1310 1320 1391 fit,
1345 1312 1424 1378 duos
1447 1329 1485 1378 ex
1508 1331 1567 1378 no·

329 1415 454 1496 bilibus,
478 1415 642 1499 prooemio
667 1415 722 1482 illo
743 1416 922 1496 nominatis,
944 1414 1093 1483 Bileciam
1118 1435 1231 1499 nempe
1256 1416 1406 1498 Cypriani
1429 1422 1462 1482 et
1482 1415 1571 1482 Tbe-

328 1539 411 1588 mam
434 1521 569 1588 Dobroli
592 1520 712 1588 clectos
735 1539 807 1588 cese
838 1521 870 1584 in
895 1521 1028 1588 consilio
1051 1521 1191 1604 generali
1224 1521 1359 1586 civitatis
1386 1520 1507 1602 Spalati
1533 1528 1571 1586 nt

331 1625 491 1706 ,babeant
514 1626 681 1693 arbitrium
704 1625 844 1692 intrandi
867 1643 1024 1693 cameram
1050 1625 1232 1710 communis,
1257 1625 1311 1692 ubi
1335 1631 1410 1690 sunt
1433 1625 1571 1706 scriptu·

327 1748 384 1795 rae
408 1737 442 1797 et
463 1731 606 1798 invenire
630 1749 739 1798 omues
763 1730 1019 1816 reformationes,
1046 1751 1128 1814 quae
1144 1736 1279 1814 tangunt
1301 1729 1460 1812 publicam
1482 1729 1570 1794 utili·

331 1841 429 1901 tatem
453 1835 486 1901 in
509 1823 656 1903 omnibus
681 1837 919 1904 occurrentibus
942 1837 1088 1920 negotijs,
1121 1854 1227 1917 quae
1249 1835 1506 1901 reducantur
1528 1834 1570 1899 in

328 1944 410 2004 acri
420 1941 506 2023 ptis
530 1959 602 2024 per
613 1941 794 2032 ‘eosdem
811 1941 926 2008 deinde
940 1941 980 2007 ad
994 1939 1157 2006 consilium
1170 1939 1336 2023 generale“
1352 1939 1435 2021 (cop.
1453 1937 1570 2003 XCVI.

327 2044 513 2131 reform).
539 2046 725 2113 Mandatum
748 2047 844 2114 bucce
877 2047 917 2112 ad
941 2045 1200 2112 reformationem
1230 2044 1449 2111 collectionem
1471 2041 1571 2107 confi-

329 2149 473 2217 ciendam
495 2156 629 2233 spectat,
654 2151 717 2218 imo
741 2171 810 2218 earn
834 2152 945 2234 ipsam,
964 2157 999 2216 ut
1022 2151 1145 2233 opinor,
1169 2169 1189 2214 a
1213 2148 1372 2215 nobilibus
1395 2147 1487 2212 modo
1511 2165 1572 2210 uo·

326 2253 463 2335 minutia,
488 2256 601 2336 quibus
624 2255 740 2322 tertius
764 2255 877 2322 nobilis
902 2255 1043 2338 quidam,
1081 2255 1200 2320 Jancus
1223 2253 1338 2336 Duymi
1369 2251 1487 2317 socium
1515 2268 1571 2316 co·

327 2359 500 2440 mitemque
525 2378 561 2424 se
584 2359 737 2443 adjunxit,
763 2359 935 2427 contectam
960 2360 1153 2443 provocavit.
1180 2419 1184 2423 .

369 2461 555 2529 Mandatum
588 2463 849 2530 reformationum
880 2465 1164 2546 recolligendamm
1200 2467 1392 2543 acceperunt
1424 2459 1572 2542 deputati

325 2565 371 2631 illi
399 2565 458 2647 „ad
481 2567 725 2634 reformationes
748 2566 995 2649 compillandas“
1021 2588 1104 2636 anno
1132 2573 1223 2635 1382.
1250 2567 1448 2648 (lucrumque
1469 2583 1572 2632 anuo·

327 2691 397 2736 rum
421 2670 589 2738 intervallo
613 2673 798 2740 mandatum
821 2673 883 2738 hoc
906 2674 945 2739 ab
968 2675 1006 2739 iis
1030 2681 1173 2740 exactum
1197 2691 1269 2738 esse
1293 2671 1353 2738 hoc
1378 2669 1568 2750 pracsertim

331 2881 413 2965 (cap.
437 2879 554 2964 XXX.)
577 2881 627 2947 ad·
642 2882 726 2948 diem
751 2887 801 2948 27.
824 2883 1015 2949 Nouembris
1039 2903 1057 2947 a
1105 2886 1197 2946 1384.
1222 2880 1371 2962 pertinet.
1404 2869 1507 2955 Quam
1529 2875 1572 2939 ob

330 3005 397 3053 rem
421 3003 503 3052 anno
538 2991 630 3054 1385.
661 2988 791 3054 ineunte
823 2987 1043 3054 collectionem
1075 2985 1249 3068 perlectam
1273 2989 1306 3050 et
1329 2981 1470 3064 generali
1493 2997 1572 3047 con·

327 3090 398 3156 silio
421 3091 560 3156 civitatis
584 3091 823 3174 approbationis
847 3109 944 3158 causa
968 3092 1163 3173 propositam
1186 3109 1258 3155 csso
1285 3105 1411 3154 censeo.

372 3193 605 3276 Compilatores
629 3196 700 3262 libri
731 3195 993 3263 reformatiuuum
1018 3213 1120 3276 neque
1148 3193 1300 3276 temporis
1324 3191 1477 3270 ordinem,
1501 3205 1567 3270 quo

328 3298 453 3379 singula
476 3299 604 3368 decreta
621 3300 707 3366 edita
725 3305 808 3380 sunt,
833 3300 1054 3381 observarunt,
1071 3319 1175 3382 neque
1190 3301 1313 3365 ratione
1330 3295 1467 3379 quadam
1483 3293 1568 3360 bene

327 3403 474 3470 institute
497 3424 536 3472 ea
558 3405 804 3487 disposuerunt,
828 3406 890 3470 imo
916 3424 989 3471 vero
1013 3405 1141 3472 decreta
1164 3422 1202 3470 ex
1225 3400 1436 3468 veterioribus
1466 3415 1562 3479 gene-

328 3509 406 3574 ralis
430 3509 553 3576 consilii
575 3508 712 3575 civitatis
729 3508 904 3575 edictorum
921 3509 1169 3588 collectionibus,
1193 3515 1229 3573 ut
1244 3507 1304 3574 eibi
1323 3521 1469 3586 quaeque
1492 3519 1567 3584 gra-

328 3612 423 3678 vioris
446 3613 640 3696 majorisque
670 3613 821 3679 momenti
854 3619 1086 3696 apparuerunt,
1110 3615 1142 3678 in
1165 3631 1279 3679 novum
1311 3607 1572 3676 reformationum

327 3735 443 3798 corpus
468 3717 616 3784 retulisse
638 3717 795 3784 videntur.

372 3822 462 3888 luter
478 3827 610 3900 ceterae,
629 3823 758 3903 quaein
776 3840 858 3888 nova
873 3821 1058 3888 collectione
1074 3822 1195 3887 relatae
1211 3825 1294 3904 sunt,
1313 3816 1571 3896 reformationes,

328 3925 482 4008 singulari
505 3926 642 4008 quodam
665 3925 759 3992 modo
783 3944 847 3991 una
869 3925 1053 3990 reformatio
1085 3925 1230 4006 occurrit,
1256 3941 1339 3990 anuo
1367 3927 1471 4000 1300,
1494 3925 1573 3986 ente

327 4037 455 4112 tempus
477 4031 584 4113 igitur,
617 4048 680 4111 quo
704 4035 859 4096 statutum
883 4035 975 4096 vetus
997 4029 1029 4094 iu
1054 4049 1149 4094 unum
1180 4047 1295 4111 corpus
1319 4026 1485 4093 redactum
1508 4029 1571 4110 est,

327 4134 416 4200 edita
441 4133 524 4216 (cap.
548 4133 707 4218 XXVII.).
731 4133 803 4199 Nisi
826 4133 907 4198 forte
925 4134 1000 4198 anni
1023 4134 1105 4198 hanc
1126 4133 1366 4216 inscriptionem
1390 4129 1505 4195 mendo
1531 4127 1572 4194 li-

327 4237 425 4304 brarii
448 4237 627 4318 appositam
643 4239 765 4317 credas,
783 4237 866 4319 quod
883 4236 978 4302 facile
1001 4239 1143 4318 cogitare
1169 4236 1298 4319 poteris,
1322 4234 1349 4300 si
1372 4235 1411 4300 in·
1428 4239 1572 4300 montem

328 4341 386 4406 tibi
409 4343 608 4408 revocaveris
627 4363 675 4426 ea,
700 4361 782 4423 quae
806 4361 903 4424 supra
920 4343 959 4408 de
976 4342 1059 4408 salsa
1083 4359 1234 4406 annorum
1260 4341 1462 4422 appositione
1485 4343 1572 4404 attu-

326 4445 437 4510 limus:
461 4465 528 4512 rcm
551 4463 620 4512 eam
643 4463 701 4526 pro
731 4463 813 4512 novo
837 4453 1025 4529 argumento
1057 4445 1214 4528 opinionis
1238 4449 1376 4524 nostrae,
1400 4445 1467 4526 jam
1491 4449 1573 4508 ante

327 4555 453 4631 tempus
477 4548 638 4615 Pereevali
669 4549 819 4631 scriptam
849 4550 955 4631 legum
986 4549 1203 4616 collectionem
1237 4547 1360 4632 Spalati
1394 4547 1569 4625 exstitisse,

328 4651 438 4740 procul
463 4652 558 4718 dubio
575 4651 694 4720 babere
709 4669 886 4734 possumus.
908 4652 1073 4722 Sententia
1087 4651 1168 4721 baec
1185 4652 1288 4720 adbuc
1305 4651 1406 4738 magis
1423 4649 1576 4718 firmatur
