3388 5356
1299 465 1360 526 249

126 689 162 736 se
185 675 241 736 ant
269 689 327 754 per
356 671 438 737 altra
466 690 604 755 persona
632 669 661 740 el
690 671 797 738 debito
827 671 880 737 del
911 689 1055 738 commun
1086 670 1209 736 cumei
1242 671 1361 736 credito

2 841 3 854 ,
128 776 183 841 del
207 793 362 858 commun,
386 783 471 843 sotte
501 797 585 859 peno
607 778 646 843 de
669 776 753 842 relar
775 777 826 843 del
856 795 914 844 sno
937 777 1064 858 proprio
1093 776 1177 842 illiob
1200 783 1232 842 et
1253 777 1285 841 in
1308 795 1363 840 mr-

125 887 252 946 memta
275 881 409 962 peronio
430 887 464 946 et
486 881 570 947 ultro
598 881 680 947 soldi
703 882 764 948 due
786 901 843 962 ρετ
865 881 924 947 lira
948 882 989 947 da
1010 900 1099 948 esser
1123 881 1290 964 applioodo
1319 883 1364 946 irr-

125 985 294 1066 tegraliter
317 985 347 1050 al
371 1004 514 1052 commun
537 986 576 1052 de
600 985 743 1064 Cumulo,
779 986 868 1052 seluo
892 1005 926 1053 se
957 1004 1018 1052 noo
1043 1006 1155 1053 obesse
1184 985 1264 1052 fatto
1288 985 1367 1052 ditto

125 1095 346 1156 soontamento
368 1109 439 1155 oum
462 1089 589 1156 lieentia
621 1096 743 1155 nostra:
768 1097 801 1155 et
832 1095 919 1156 siano
943 1089 983 1156 de
1011 1097 1116 1156 cetero
1144 1091 1245 1156 tenuti
1268 1097 1302 1156 et
1324 1091 1365 1154 si-

125 1213 219 1261 oome
241 1195 318 1262 nelli
347 1195 463 1260 iocanti
493 1195 593 1260 nostri
624 1194 646 1258 li
670 1193 805 1260 debitori
835 1195 886 1260 del
920 1213 1063 1260 commun
1092 1215 1191 1278 pogor
1222 1195 1242 1260 li
1267 1194 1364 1262 debiti

126 1301 177 1366 sui
201 1299 255 1366 alli
286 1299 385 1382 tempi
415 1299 514 1365 debiti
537 1307 621 1366 sotto
648 1318 731 1382 peno
760 1299 799 1364 de
829 1300 909 1365 soldi
932 1299 993 1366 due
1023 1319 1081 1382 per
1112 1301 1180 1378 lire,
1205 1301 1246 1365 da
1279 1319 1366 1365 esser

127 1405 290 1487 applieedi
321 1404 351 1470 al
374 1404 581 1486 canrorlengo,
614 1405 636 1469 il
658 1405 751 1486 quale
774 1404 844 1470 ditti
869 1402 967 1470 debiti
991 1403 1198 1470 effectualiter·
1221 1405 1365 1486 esigfrert

129 1515 166 1574 et
189 1509 237 1575 sel
260 1513 356 1574 uorrt
384 1515 536 1575 remetter
566 1509 597 1574 la
619 1527 701 1591 pena
725 1527 795 1573 oum
825 1511 1030 1589 giummento,
1055 1529 1160 1591 unguo
1182 1527 1254 1574 essa
1285 1527 1367 1590 peon

126 1615 161 1678 in
188 1630 352 1692 commum
375 1633 484 1680 verum
515 1613 546 1678 lo
567 1631 663 1696 eopse
685 1613 738 1678 del
760 1633 903 1680 commun
925 1631 983 1694 pro
1005 1633 1088 1680 nune
1110 1620 1144 1678 et
1166 1611 1209 1678 fin
1233 1615 1280 1680 sin
1302 1622 1367 1678 tro·

126 1725 207 1784 uoto
239 1719 330 1786 loom
361 1719 414 1802 pin
443 1719 555 1785 idoneo
578 1725 612 1783 et
641 1737 751 1784 seouro
775 1725 842 1784 star
864 1719 979 1784 debbio
1002 1725 1034 1784 et
1064 1725 1129 1784 oosl
1152 1719 1199 1784 sio
1222 1725 1314 1800 posto
1335 1719 1366 1784 in

126 1841 258 1890 comem
283 1824 333 1889 del
363 1829 472 1890 nostro
502 1823 630 1905 palazzo
658 1829 742 1890 sotto
770 1825 818 1888 tre
841 1823 951 1888 ebione
980 1829 1016 1888 ut
1045 1843 1156 1906 supro,
1181 1823 1264 1888 nella
1293 1823 1366 1905 qual

128 1947 230 2012 oopso
259 1949 294 1995 se
324 1929 478 1994 debbiano
501 1948 611 1995 semor
640 1929 661 1992 li
679 1927 847 2010 qnsderni‚
879 1947 975 1994 roxon
1006 1933 1039 1993 ot
1061 1928 1169 1996 denari
1193 1928 1233 1994 de
1255 1935 1367 2010 questo

128 2051 278 2098 commun
301 2033 440 2115 segondo
464 2033 521 2098 ohe
546 2033 584 2100 de
607 2051 693 2099 mese
715 2033 745 2098 in
769 2051 854 2098 mese
875 2050 933 2114 per
955 2033 984 2097 el
1001 2031 1198 2116 camerlengo
1221 2051 1255 2099 se
1278 2051 1367 2099 sono·

130 2139 284 2214 dernnno,
316 2156 405 2204 come
428 2141 446 2203 e
469 2138 548 2204 ditto
580 2139 619 2202 de
650 2155 744 2219 sopra
773 2141 807 2201 et
834 2143 946 2218 questo
979 2157 1036 2219 ρετ
1066 2139 1139 2218 ogni
1170 2139 1230 2216 uio„
1262 2138 1366 2218 modo,

128 2261 232 2308 roxon
254 2247 287 2308 et
309 2241 419 2322 forma,
450 2243 538 2324 peri
562 2243 635 2324 qual
666 2241 831 2324 megliosi
855 2241 928 2323 qnol
960 2239 1008 2307 lor
1031 2242 1161 2326 dioemo,
1185 2242 1367 2308 diohiarimo

2 2341 3 2376 ³
128 2357 164 2413 et
188 2348 376 2412 terminemo
400 2355 433 2413 et
455 2347 521 2411 ousi
543 2347 767 2412 inuiolabiliter
791 2365 879 2412 esser
901 2347 1075 2412 obseruodo
1093 2347 1286 2413 deliberemo
1310 2367 1369 2430 ρετ

2 2461 3 2502 l
128 2453 272 2518 antoritt
295 2452 346 2518 del
370 2451 565 2536 reggimento
588 2459 706 2516 nostro.

2 2551 3 2580 ¹
172 2558 266 2636 Loto,
291 2557 374 2622 lecto
396 2565 429 2622 et
452 2557 612 2638 publicato
642 2575 700 2637 ρετ
721 2574 771 2622 me
794 2557 1014 2622 oonoellerium
1036 2557 1067 2620 in
1091 2557 1159 2622 sola
1188 2557 1295 2640 polatij
1319 2577 1369 2624 re—

2 2667 4 2728 i
128 2661 268 2742 giminis‚
292 2680 362 2726 enm
392 2670 479 2728 esset
500 2667 725 2744 congregatum
749 2662 911 2728 eonsilium
941 2662 1092 2727 nobilium
1117 2661 1282 2740 (lunulae,
1313 2662 1370 2726 im·

129 2765 272 2832 mediate
294 2773 464 2848 antequam
487 2767 578 2832 lieret
601 2767 714 2832 electio
730 2767 904 2848 camerorij,
929 2765 980 2833 die
1002 2767 1084 2849 xxiij.
1101 2766 1229 2850 Aprilis.
1254 2765 1367 2831 MDxx.

173 2870 212 2934 In
234 2869 316 2936 libro
339 2869 671 2936 Extroordinariornm
693 2870 735 2936 od
758 2889 803 2936 oa.
827 2871 913 2954 lxvij.

505 3049 557 3096 xo.
581 3049 868 3094 monstruosus
892 3037 995 3110 xxrx⁸,

129 3127 188 3180 quo
206 3112 234 3165 in
253 3111 392 3165 armandis
416 3111 572 3167 triremibus
595 3113 725 3167 statuitur
744 3114 804 3180 quis
823 3121 850 3166 ot
870 3119 999 3181 qrmntnm
1017 3113 1119 3167 habore
1137 3111 1235 3168 debent
1258 3127 1307 3182 pro
1327 3127 1369 3168 so·

580 3181 648 3238 lario
667 3189 694 3236 ot
712 3183 846 3252 stipendio
865 3199 923 3237 suo.

176 3285 365 3352 Leonardue
387 3285 599 3352 Lauredoous
624 3287 685 3353 Dei
710 3288 826 3354 Gratia
848 3289 925 3354 Dum
953 3289 1152 3356 Venellorum
1174 3299 1225 3356 ete.

178 3391 287 3459 Nobili
309 3396 343 3458 et
365 3391 501 3474 sepienti
522 3393 590 3460 viro
619 3392 783 3460 Melolriori
813 3394 920 3461 Natali
945 3395 984 3462 de
1014 3415 1071 3462 suo
1093 3396 1242 3488 mandato
1266 3396 1371 3462 comiti

135 3495 305 3578 (lunulae,
330 3496 416 3565 fideli
439 3497 554 3564 dileoto
577 3499 711 3565 salutem
735 3505 768 3566 et
791 3500 968 3566 dilectionis
991 3500 1148 3568 affectum.

177 3602 300 3670 Auerno
324 3603 497 3670 deliberato
521 3623 591 3670 oum
614 3604 644 3670 el
672 3612 781 3671 senato
814 3611 930 3686 nostro,
955 3607 1074 3672 obedo
1105 3609 1128 3672 11
1159 3608 1185 3672 si
1208 3607 1286 3672 ormi
1309 3625 1373 3672 uno

132 3707 220 3791 galia
242 3725 313 3773 oum
335 3707 366 3772 le
388 3709 547 3774 condition
563 3715 597 3776 et
618 3710 704 3776 modi
720 3710 804 3776 dello
826 3717 917 3793 porte
933 3712 1151 3778 ultimemente
1173 3731 1266 3795 presa
1289 3711 1369 3776 oiroo

131 3813 153 3877 l’
178 3830 292 3892 armar,
317 3811 349 3878 lo
371 3814 460 3895 mpla
483 3813 567 3879 dello
589 3815 662 3896 qual
685 3815 717 3880 ni
741 3834 853 3882 onemo
882 3817 1031 3882 mandato
1062 3817 1182 3881 inclusa
1203 3818 1236 3881 in
1259 3821 1371 3898 queste

130 3917 260 3982 lettere.
299 3917 450 3983 Perteoto
479 3938 519 3984 ue
542 3925 770 4000 commettemo‚
794 3921 852 3988 obe
880 3921 1059 3988 immediate
1089 3920 1204 3987 sociate
1234 3921 1282 3986 ior
1313 3941 1371 4003 ρετ

131 4021 163 4087 ε1
194 4019 357 4102 oonseglio
388 4021 427 4086 de
456 4029 570 4104 questa
598 4025 674 4089 eittt
704 4031 813 4092 nostro
843 4025 875 4091 lo
904 4027 1066 4093 ellettione
1097 4026 1137 4092 de
1167 4043 1229 4091 uno
1260 4044 1371 4107 supro·

131 4127 260 4206 cornito,
292 4125 439 4208 alquale
470 4127 681 4211 imponerem,
714 4130 772 4194 che
800 4131 906 4196 subito
936 4151 971 4197 se
1002 4131 1176 4197 eonferiseo
1204 4131 1236 4195 in
1259 4139 1373 4212 questo

132 4231 222 4310 eittb,
246 4231 361 4312 perebo
384 4231 407 4296 li
429 4231 548 4300 faremo
572 4251 747 4318 oonsegnor
777 4235 809 4302 lo
831 4235 915 4320 golia
938 4241 971 4301 et
992 4236 1015 4301 li
1039 4236 1149 4302 denari
1172 4253 1244 4300 oum
1268 4235 1371 4302 eelere

131 4337 331 4419 espeditione
353 4337 465 4404 elohe
488 4339 596 4403 annoti
619 4340 648 4404 el
678 4341 779 4422 partio
809 4361 866 4406 suo
889 4340 919 4407 el
950 4341 1025 4406 lassi
1048 4342 1168 4407 ordene
1191 4341 1230 4406 de
1260 4341 1291 4419 ll,
1315 4339 1373 4404 ohe

132 4443 164 4508 le
187 4461 296 4508 zurme
319 4442 409 4508 siano
432 4449 599 4526 preparate
627 4461 697 4510 oum
721 4445 892 4528 diligentia,
916 4446 1002 4512 siche
1033 4443 1140 4529 gionto
1164 4445 1203 4511 de
1233 4445 1253 4510 ll
1278 4463 1372 4510 senza

133 4547 286 4614 dilatione
308 4548 338 4613 el
362 4547 390 4614 si
412 4566 507 4631 possa
529 4549 685 4631 espedire,
709 4551 738 4615 ol
760 4551 818 4616 ohe
841 4551 894 4616 uui
918 4569 1034 4617 orooro
1056 4557 1185 4617 auerete
1208 4569 1282 4616 eura
1302 4567 1372 4614 oum

5 4697 7 4708 ,
132 4651 166 4716 lo
189 4651 353 4736 diligentia
375 4657 485 4718 nostro
507 4659 675 4734 eonsueta3
698 4661 732 4720 et
754 4655 838 4722 dello
861 4657 1025 4722 eseoution
1056 4675 1095 4722 ne
1118 4656 1227 4721 darete
1250 4655 1370 4720 anniso.

177 4755 293 4822 Dolum
306 4758 339 4822 in
352 4761 462 4822 nostro
475 4757 576 4826 ducali
588 4758 705 4841 polotio
723 4760 886 4844 diexxviij.
899 4759 984 4844 Αρτ,
997 4761 1168 4827 indictione
1179 4761 1244 4842 viiJ.
1256 4759 1369 4826 MDxx.
