3396 5402
1325 499 1385 564 115

155 703 317 790 deputati,
350 706 404 790 qui
427 703 481 774 illa
510 711 639 790 recepta
669 703 827 775 sententia
849 725 886 773 ex
909 724 945 774 se
966 705 1037 791 ipso
1066 705 1192 774 nomine
1222 705 1389 773 creditoris

156 813 321 896 requirere
343 812 459 881 debeat
481 813 671 897 debitorem,
705 813 733 878 si
755 813 823 878 vult
846 812 951 879 statim
975 813 1098 880 soluere
1120 812 1284 894 pecuniam
1306 813 1394 878 iuxta

156 923 302 984 tenorem
324 920 511 992 sententiae,
542 937 636 1000 quarn
658 918 686 984 si
708 936 770 985 non
794 918 902 984 statim
931 918 1079 996 soluerit,
1110 917 1296 983 iustitiarius
1318 921 1393 983 tunc

157 1022 350 1090 intromittat
373 1024 457 1090 bona
488 1023 640 1090 debitoris
663 1041 733 1090 cum
756 1023 865 1090 ordine
887 1021 1096 1105 infrascripto.
1130 1021 1237 1090 Primo
1267 1021 1395 1089 mobilia

159 1124 273 1195 domus
295 1133 329 1194 et
350 1129 377 1193 si
398 1127 526 1195 mobilia
548 1127 730 1212 deficerent,
752 1133 828 1194 tunc
850 1127 957 1193 vinum
972 1127 1012 1195 de
1027 1145 1155 1210 canepa,
1187 1132 1220 1196 et
1241 1126 1395 1194 sisinum
1447 1135 1452 1148 '

96 1287 98 1292 ,
160 1230 322 1313 deiiceret,
345 1238 420 1298 tunc
441 1233 654 1316 possesiones,
690 1237 724 1298 et
753 1234 779 1300 si
802 1234 1001 1316 possesiones
1024 1231 1204 1314 deficerent,
1227 1237 1302 1298 tunc
1325 1231 1394 1296 riti·

67 1365 76 1376 ·
158 1343 280 1404 matum
304 1337 430 1405 domum
452 1337 650 1404 intromittat.
673 1337 717 1403 Et
739 1338 789 1402 cui
812 1338 916 1404 omnia
938 1338 1100 1422 praedicta
1115 1335 1295 1422 deficerent,
1318 1343 1394 1404 tunc

159 1442 201 1508 ad
223 1443 406 1510 instantiam
429 1441 597 1509 creditoris
620 1443 745 1509 debitor
760 1443 938 1510 carceribus
953 1441 1146 1524 recludatur,
1169 1461 1234 1508 non
1248 1442 1393 1509 relaxan-

159 1547 228 1628 dus,
253 1547 354 1614 donec
376 1547 527 1615 creditori
560 1547 755 1614 satisfactum
786 1547 882 1614 luerit
904 1549 1036 1634 integre.
1067 1549 1111 1614 Et
1133 1549 1159 1614 si
1181 1549 1273 1615 aliter
1295 1549 1393 1613 intro-

158 1652 267 1719 missio
289 1651 375 1718 iacta
389 1652 493 1734 merit,
510 1655 551 1720 sit
565 1653 682 1720 nullius
705 1652 828 1720 valoris.
853 1653 924 1733 Qua
944 1654 1176 1721 intromissione
1198 1653 1283 1720 iacta
1304 1653 1393 1718 iusti·

158 1757 273 1822 tiarius
299 1762 410 1824 notare
432 1757 529 1824 faciat
550 1759 635 1824 illam
662 1758 831 1842 diligenter
852 1764 885 1826 et
906 1777 965 1840 per
987 1759 1130 1826 ordinem
1152 1759 1184 1824 in
1207 1756 1395 1824 cancellaria

159 1859 342 1928 Communis
356 1880 453 1927 manu
467 1861 643 1942 cancellarii
660 1867 693 1930 et
707 1863 802 1930 iurati
824 1864 939 1946 noterij
960 1861 1113 1947 deputati,
1129 1863 1231 1931 eidem
1247 1863 1392 1928 relaxans

158 1965 275 2033 dictam
298 1967 488 2034 sententiam
509 1967 730 2048 intromissam,
754 1967 956 2036 recidendam
979 1974 1014 2035 et
1034 1969 1267 2036 annullandam.
1290 1967 1334 2033 Et
1355 1983 1394 2032 err

157 2071 234 2140 inde
256 2073 296 2139 de
325 2071 417 2139 bonis
446 2071 642 2154 intromissis,
673 2073 859 2156 peripsum
889 2074 1110 2144 cancellarium
1141 2073 1323 2142 Communis
1352 2072 1393 2138 ad

158 2179 344 2262 petitionem
367 2178 541 2260 creditoris
565 2177 750 2245 extrahatur
772 2179 886 2246 cedula
907 2180 1052 2246 incantus
1073 2179 1214 2246 breuiter
1229 2178 1393 2244 continens

157 2289 304 2351 tenorem
327 2283 513 2362 sententiae,
536 2283 634 2350 debiti
658 2288 691 2350 et
711 2285 865 2351 bonorum
887 2284 1146 2352 intromissorum.
1171 2283 1260 2362 Quae
1282 2282 1395 2352 cedula

157 2387 372 2456 demandato
394 2387 555 2471 regiminis
585 2388 679 2454 detur
707 2389 739 2454 in
769 2389 913 2454 manibus
944 2389 1091 2473 plazzarij
1121 2389 1311 2469 Communis,
1341 2387 1395 2470 qui

157 2493 286 2576 publice
307 2492 530 2576 proclamando
553 2493 694 2560 incantet
716 2499 749 2560 et
771 2493 913 2561 declaret
934 2495 1077 2562 breuiter
1098 2499 1240 2560 tenorem
1264 2491 1396 2560 cedulae

156 2599 306 2665 incantus
328 2597 436 2681 ipsius.
461 2597 550 2676 Quae
572 2598 657 2666 bona
678 2599 872 2678 intromissa,
897 2604 931 2664 vt
946 2619 1044 2682 supra
1059 2599 1227 2666 deliberari
1244 2616 1306 2664 non
1321 2615 1393 2679 pos-

158 2703 227 2770 sint
248 2703 310 2770 nisi
333 2703 475 2770 decursis
497 2705 640 2771 terminis
661 2703 888 2788 infrascriptis;
919 2704 1066 2774 videlicet
1087 2705 1216 2772 mobilia
1236 2703 1353 2770 valoris
1377 2723 1395 2768 a

160 2809 308 2892 perperis
329 2808 371 2891 xij
395 2809 487 2890 inira,
509 2809 663 2876 inclusiue
681 2810 816 2876 termino
840 2809 962 2876 dierum
986 2815 1091 2876 octoa
1113 2810 1165 2876 die
1180 2809 1284 2876 iactae
1299 2809 1395 2874 intro-

159 2913 320 2980 missionis
336 2914 626 2982 continuandurum.
653 2913 681 2981 A
696 2913 861 2982 duodecim
876 2934 953 2982 vero
969 2935 1066 2998 supra
1080 2915 1208 2982 mobilia
1222 2920 1256 2981 et
1271 2912 1397 2982 stabilia

159 3020 408 3102 quanticumque
429 3019 544 3086 valoris
574 3020 709 3086 termino
738 3020 830 3086 vnius
859 3019 976 3086 mensis
1000 3022 1147 3086 etunius
1171 3020 1250 3100 diei;
1280 3018 1396 3101 quibus

161 3123 306 3190 terminis
328 3123 446 3208 elapsis
468 3125 510 3190 ad
529 3124 710 3190 instantiam
733 3125 906 3205 creditoris,
931 3125 1082 3207 requisito
1104 3125 1205 3206 primo
1226 3127 1295 3207 ipso
1308 3125 1396 3192 debi-

160 3235 234 3295 tore
255 3235 289 3296 et
311 3229 369 3296 sibi
391 3231 534 3296 nuntiato
558 3231 598 3296 de
632 3229 859 3298 deliberatione
889 3231 1044 3296 bonorum
1064 3229 1097 3294 in
1118 3229 1245 3296 incentu
1268 3235 1396 3298 conten·

160 3337 277 3414 torum,
292 3334 344 3401 die
359 3334 474 3401 festiuo
486 3334 518 3400 in
530 3335 599 3402 loco
610 3335 736 3419 publico
750 3353 856 3401 coram
870 3334 1055 3416 astantibus,
1083 3339 1230 3402 teneatur
1245 3337 1395 3421 regimen,

161 3439 312 3506 videlicet
333 3439 478 3506 dominus
501 3439 613 3507 Comes
635 3459 706 3506 cum
727 3441 908 3523 praesentia
923 3446 957 3506 et
971 3457 1125 3508 consensu
1147 3441 1290 3508 adminus
1305 3441 1396 3507 vnius

156 3543 272 3610 iudicis
294 3544 459 3628 praemisis
480 3544 582 3611 tribus
604 3545 688 3612 nutis
715 3547 927 3628 peremptorie
949 3543 1061 3612 fiendis
1083 3565 1142 3628 per
1163 3547 1266 3628 ipsum
1290 3546 1396 3628 plaza-

160 3649 245 3716 rium
259 3655 292 3716 et
305 3667 494 3732 praeconem
510 3648 703 3729 communis,
719 3651 803 3717 dicto
816 3651 973 3732 creditori,
990 3656 1047 3716 aut
1057 3651 1150 3718 alteri
1164 3649 1236 3733 plus
1251 3649 1397 3717 offerenti

160 3760 196 3822 et
218 3753 305 3820 danti
327 3759 361 3821 et
383 3753 423 3821 de
444 3755 606 3838 praesenti
629 3754 775 3833 soluenti,
799 3756 903 3822 eidem
925 3760 1070 3838 porrecto
1092 3755 1204 3822 baculo
1226 3755 1397 3837 insignum

161 3858 295 3942 plenarij
318 3859 396 3926 iuris
426 3859 580 3942 acquisiti,
610 3861 695 3926 bona
717 3859 795 3947 ipsa,
829 3865 982 3944 utsupra
1011 3860 1192 3926 intromissa
1221 3859 1398 3926 deliberare

159 3964 231 4029 iure
252 3964 381 4046 proprio
404 3964 437 4029 in
459 3970 657 4048 perpetuum.
682 3965 771 4044 Quae
794 3965 979 4032 deliberatio
995 3970 1028 4032 et
1042 3965 1182 4032 venditio
1202 3965 1288 4030 nullo
1303 3964 1397 4030 modo

161 4067 268 4153 rumpi
282 4070 391 4152 possit.
414 4069 500 4137 Etsi
515 4069 608 4137 aliter
628 4069 731 4152 fieret,
756 4070 943 4139 deliberatio
958 4071 1028 4153 ipsa
1043 4075 1076 4138 et
1090 4071 1229 4137 venditio
1245 4071 1286 4136 sit
1301 4068 1398 4135 nulla.

162 4277 230 4322 cn.
254 4279 358 4322 (ΜΠ.
388 4279 430 4320 ΒΕ
452 4279 569 4322 ORDINE
591 4279 757 4323 assumo
779 4280 814 4322 IN
836 4279 1028 4322 VENDI'I'IONE
1050 4279 1211 4322 PIGNOBUH
1233 4279 1398 4324 troarnum.

203 4387 296 4467 Item,
320 4387 405 4468 quod
425 4387 559 4470 pignora
589 4405 804 4470 quaecumque
833 4387 961 4454 mobilis
982 4386 1099 4452 valoris
1130 4391 1399 4469 quantaecumque

160 4492 357 4576 quantitatis,
387 4509 469 4575 quae
503 4492 543 4558 de
576 4510 730 4559 consensu
758 4491 920 4575 regiminis
951 4511 1008 4574 per
1036 4509 1147 4558 manus
1176 4493 1399 4574 cuiuscumque

161 4597 330 4664 creditoris
352 4599 614 4682 consignarentur
636 4595 677 4663 ad
699 4597 920 4663 incantantium
944 4602 977 4662 et
997 4597 1239 4664 rendendumin
1254 4597 1398 4664 manibus

159 4702 293 4786 planarij
320 4702 438 4786 publici
466 4700 665 4782 Communis,
696 4701 849 4768 incantari
871 4707 905 4768 et
931 4703 1024 4769 vendi
1051 4703 1188 4769 debeant
1213 4701 1272 4768 hoc
1293 4702 1398 4784 modo,

158 4807 316 4891 uidelicet,
340 4808 424 4892 quod
447 4805 606 4891 plenarius
629 4805 785 4889 recipiens
807 4807 877 4891 ipsa
898 4807 1041 4892 pignora,
1068 4807 1124 4876 illa
1138 4813 1266 4892 portare
1282 4807 1398 4876 debeat

1225 4910 1245 4947 ‘k
