3422 5364
1328 423 1391 488 235

148 629 426 705 ingomberare
447 628 501 705 (=
518 627 717 707 ingombrare)
740 663 782 672 —
805 647 960 710 occupare,
981 629 1060 692 nam
1083 629 1237 690 occludere
1260 629 1395 710 („platea

236 734 294 776 nou
316 711 542 797 inpombereter
565 715 654 775 timo“
680 750 719 760 -
743 734 772 792 p.
801 716 885 799 196).

148 801 383 863 lronarlicia
405 837 449 846 -
470 804 636 862 vestimenti
658 803 812 862 mulierum
835 803 957 878 species.

147 890 301 970 lembus
323 923 364 933 —-
389 891 474 950 navis
496 889 618 965 majoris
641 889 763 966 speeies.

147 975 273 1052 logya
296 973 341 1057 (it.
366 974 479 1054 leggia)
503 1010 542 1019 -
566 976 656 1036 aedes
678 981 790 1054 aperta,
814 979 928 1056 xystus,
951 975 1091 1052 porticus.

149 1063 331 1122 londrum
347 1083 387 1120 =
404 1062 508 1123 londra
530 1097 574 1106 -
596 1063 750 1124 naviculae
772 1063 894 1143 species,
918 1063 1015 1123 linter.

149 1151 353 1210 malsonus
376 1182 419 1193 -
441 1150 485 1229 (rt,
507 1147 653 1228 malsono)
678 1183 719 1194 -·
743 1150 819 1208 mele
842 1165 949 1227 sanus;
980 1148 1132 1225 speciatim
1163 1149 1290 1210 scabiosi
1312 1149 1393 1210 haud

236 1237 325 1297 dubio
340 1237 383 1296 ita
397 1237 624 1297 nominabantur
644 1232 815 1316 (mabam
830 1237 938 1296 morari
954 1236 1080 1296 debeant
1096 1236 1133 1296 de
1148 1235 1220 1296 ioris
1235 1241 1265 1295 et
1280 1237 1394 1297 duobus

237 1339 274 1382 ex
297 1323 339 1383 eis
363 1324 450 1383 liceat
472 1323 573 1384 uenire
595 1323 634 1382 ad
656 1323 806 1384 ciuitatem
828 1323 906 1382 omni
928 1322 975 1382 die
998 1316 1162 1382 dominica“
1185 1356 1227 1365 -—
1249 1340 1279 1398 p.
1305 1318 1392 1404 260).

150 1410 403 1468 malvendula
425 1444 467 1453 —
482 1411 521 1470 Ni
544 1411 631 1470 fallor
652 1411 766 1489 mulier,
790 1427 866 1484 quae
889 1410 917 1467 in
934 1409 1149 1470 venditionibus
1171 1409 1210 1468 ad
1232 1408 1393 1469 fallendum

236 1499 384 1571 emptores
407 1503 452 1556 est
474 1503 588 1573 perata.

149 1599 307 1642 mansus
331 1616 371 1626 -
395 1601 510 1644 manzo
533 1619 574 1626 —
597 1584 706 1642 vitulus
727 1583 889 1644 anniculus.

150 1669 370 1730 massarius
386 1703 427 1714 —
443 1669 505 1730 fisci
528 1671 690 1731 communis
705 1674 821 1748 custos3
845 1669 989 1748 officialis,
1013 1670 1063 1744 qni
1080 1669 1254 1745 erigebatur
1269 1670 1394 1731 mulctas

237 1756 390 1832 impositas
413 1757 454 1836 (p.
481 1760 553 1835 247,
578 1759 650 1839 249,
675 1755 762 1837 295).

149 1843 349 1902 marinare
372 1877 412 1888 --
437 1844 482 1923 (it.
505 1842 665 1921 macinare)
680 1875 724 1886 -
738 1845 849 1904 molere
871 1843 1014 1923 (‚‚debeet
1035 1843 1169 1919 accipere
1191 1841 1394 1904 amaricare

238 1931 403 1991 uolentibus
425 1948 550 2007 granum
572 1931 603 1989 in
625 1927 818 1990 molendinis“
842 1949 871 2006 p.
897 1925 985 2012 288).

151 2016 273 2076 molus
295 2050 338 2060 -
362 2017 406 2096 (it.
422 2016 513 2095 molo)
535 2034 635 2076 murus
657 2017 688 2076 in
710 2018 795 2077 litore
817 2021 920 2076 contra
942 2017 1080 2092 impetum
1104 2017 1194 2076 maris
1216 2019 1391 2075 exstructus.

149 2107 278 2163 monto
302 2137 344 2148 -
367 2099 412 2187 (it.
435 2102 586 2184 montone)
608 2137 651 2147 —-
672 2121 783 2164 vervex
802 2104 844 2183 (p.
868 2101 956 2184 222).

150 2190 279 2250 mucia
301 2223 343 2234 --
366 2191 578 2266 operimentum
602 2191 716 2266 capitis,
740 2191 842 2267 fascia,
866 2207 943 2264 quae
966 2193 1055 2266 caput
1077 2189 1245 2250 involvitur.
1356 2196 1364 2214 ⁸

149 2277 358 2339 nauliaare
374 2297 414 2334 =
430 2277 584 2354 nauligare
605 2310 649 2320 -
671 2295 776 2337 navem
798 2278 836 2337 ad
859 2282 1009 2336 vecturam
1031 2277 1202 2336 conducere.

150 2365 311 2424 naulum
327 2398 367 2408 -—
384 2355 506 2452 rectior)
523 2397 566 2407 —
580 2381 701 2444 merces,
725 2381 801 2440 quae
824 2381 842 2424 a
865 2368 983 2424 vectore
1005 2363 1130 2424 solvitur
1152 2363 1189 2442 ei,
1213 2363 1264 2438 qui
1286 2379 1393 2421 navem

238 2455 364 2512 exercet
387 2451 432 2512 of.
456 2455 494 2510 et.
519 2453 611 2527 gloss.
628 2453 684 2514 vol.
708 2452 732 2511 1.
756 2467 781 2512 s.
804 2451 833 2512 h.
851 2469 879 2512 v.

151 2539 342 2614 panceria
364 2571 407 2582 —-
429 2539 473 2617 (it.
497 2533 649 2619 pauciora)
671 2571 716 2581 -
737 2539 838 2599 lorica.

149 2627 376 2702 pancogolc
398 2659 440 2670 -
463 2643 568 2707 caupo,
591 2626 640 2684 vel
668 2623 720 2700 qui
749 2643 851 2686 meme
880 2623 998 2700 excipit.
1029 2621 1107 2703 (Nisi
1136 2623 1214 2684 idem
1244 2641 1279 2683 ac
1309 2623 1392 2698 pani·

238 2713 339 2772 cocola
360 2710 469 2790 putes.)

149 2799 388 2874 panicocola
403 2831 444 2842 —
460 2798 607 2858 furnarius
630 2792 821 2880 („teneantur
842 2797 990 2873 inquirere
1011 2793 1217 2878 paciscendae,
1242 2796 1267 2856 si
1283 2795 1394 2856 faciunt

237 2903 344 2961 panem
366 2885 448 2945 iuxta
470 2884 605 2961 pondus“
628 2917 672 2930 ·-
693 2903 723 2960 p.
749 2883 834 2963 243).

149 2976 372 3048 paterenus
395 3005 438 3017 -
460 2972 634 3032 haereticus.

150 3058 374 3134 platearins
398 3055 574 3138 (placarius)
589 3092 632 3102 —
646 3059 747 3120 tributi
771 3063 908 3138 exactor3
931 3062 1031 3118 custos
1045 3057 1133 3116 etiam
1149 3056 1286 3134 civitatis,
1309 3055 1395 3132 cujus

238 3151 302 3206 erat
330 3146 421 3206 citare
450 3150 604 3206 accusatos
633 3145 768 3224 („citatio
796 3146 849 3207 fiat
870 3163 924 3222 per
945 3144 1086 3204 noenum
1109 3161 1162 3204 seu
1181 3139 1392 3224 platearium“

150 3323 380 3394 protensum
400 3231 443 3362 >-
468 3319 605 3378 umbella.

150 3407 395 3482 quelquatia
416 3439 459 3449 -
482 3406 572 3482 panni
594 3405 737 3468 canabini.

150 3494 384 3553 rauoliosus
408 3529 449 3536 -
472 3493 616 3554 rabiosus.

150 3579 332 3640 nivarius
353 3613 395 3622 —-
418 3585 516 3639 custos
539 3580 639 3658 ripee;
664 3579 730 3638 dein
754 3580 933 3657 generaliter
954 3583 1053 3639 custos
1075 3577 1212 3639 civitatis.
1230 3612 1271 3622 —
1287 3578 1331 3639 cf.
1356 3583 1394 3638 et.

233 3664 422 3748 plateariccs.

150 3753 316 3812 robaria
339 3787 379 3796 -
402 3754 547 3828 spoliatio.

150 3841 345 3915 rogancia
365 3873 410 3883 -
432 3841 617 3917 mandatum;
649 3838 737 3899 etiam
760 3856 817 3916 res,
841 3857 918 3914 quae
941 3837 1028 3898 alicui
1052 3837 1121 3898 deta
1144 3843 1197 3916 est,
1221 3843 1254 3898 ut
1276 3855 1342 3898 rem
1365 3839 1393 3897 in

239 3931 350 3986 certum
373 3927 468 3986 locum
491 3925 651 3984 transferat
680 3920 742 4007 („si
765 3925 892 4000 aliquis.
908 3926 1064 3988 ..dederit
1086 3924 1266 4006 ropanciam
1296 3925 1393 4005 alicui,

238 4017 269 4073 et
290 4014 375 4089 ipse.
391 4055 397 4068 .
412 4059 418 4074 .
432 4011 520 4072 fuerit
549 4012 708 4072 derobatus
730 4017 760 4071 et
781 4012 943 4087 perdiderit
972 4011 1163 4088 roganciam“
1187 4045 1231 4056 —-
1253 4031 1282 4088 p.
1307 4011 1393 4088 221).

149 4100 341 4159 roncinns
356 4119 397 4158 =
413 4097 550 4158 runcinus
573 4131 614 4141 -
637 4115 731 4174 equus
753 4103 856 4177 minor,
879 4099 1043 4176 gregarius.

149 4187 368 4247 salmerius
390 4219 433 4229 -—
455 4202 548 4262 equus
570 4186 756 4246 sarcinarios.

150 4274 266 4349 salpe
289 4263 516 4360 (χρυσόπλευρος)
541 4272 630 4346 piscis
652 4289 756 4348 genus.

149 4361 420 4436 salquaticum
441 4393 485 4403 -
506 4359 647 4418 tributum
669 4375 724 4434 pro
747 4359 808 4418 sale
831 4363 929 4434 empto
953 4361 1135 4419 solvendum.

150 4447 284 4506 sertia
311 4481 348 4488 -
371 4447 521 4525 cannabis,
543 4444 620 4504 unde
644 4445 728 4504 funes
749 4445 860 4504 nautici
881 4449 1032 4521 parantur,

151 4535 285 4594 sarcis
308 4529 363 4612 (-
388 4533 515 4608 seruilis)
537 4565 581 4573 -
604 4532 692 4607 panni
723 4531 837 4607 species
867 4533 1085 4616 („portauerint
1114 4532 1269 4593 clamidem
1299 4530 1398 4593 sarcis

240 4619 343 4699 nigre“
367 4654 410 4663 -
432 4637 461 4694 p.
485 4618 570 4694 294).

151 4723 270 4767 saraa
287 4728 327 4762 =
344 4723 446 4766 sancus
468 4739 510 4748 -—
535 4704 651 4763 rudens.
