3422 5364
1307 421 1370 486 263

127 619 229 686 beant
249 619 452 689 medietatem
483 621 620 688 omnium
650 622 955 690 condamnationem.
986 623 1030 690 Et
1052 625 1137 707 quod
1160 627 1370 696 conductores

131 723 259 805 douane
280 743 344 792 non
366 724 505 792 audeant
527 730 636 793 tenere
657 725 780 793 bestias
811 726 950 810 aliquas¹
981 725 1039 796 sub
1071 727 1156 796 dicta
1188 747 1280 816 pena,
1312 731 1368 798 sed

127 827 234 897 subito
258 828 404 896 occidant
426 847 492 896 ecs.
1146 865 1147 868 π

460 1039 526 1086 ῦΔΡ.
550 1043 581 1086 X·
604 1044 647 1087 DE
669 1043 841 1088 SODU'HONE
863 1043 1040 1091 ennom.

172 1157 344 1226 Millesimo
367 1159 588 1228 trecentesimo
609 1159 772 1244 trigesimo
793 1163 891 1229 tercio
923 1161 974 1230 dic
996 1163 1069 1246 xvij.
1093 1163 1259 1248 februarii,
1289 1169 1366 1233 tem·

127 1283 210 1346 pore
233 1265 406 1347 subscripti
429 1265 547 1333 domini
569 1263 682 1333 iacobi
705 1273 830 1348 captum
854 1265 923 1352 fuit,
948 1263 1033 1348 quod
1056 1285 1209 1350 precones
1225 1287 1283 1336 seu
1297 1270 1366 1352 pla·

129 1369 219 1452 ciarij
240 1370 413 1436 communis
437 1367 559 1452 Spalati
581 1369 701 1438 habere
723 1370 860 1438 debeant
882 1371 923 1438 de
945 1373 1029 1439 omni
1052 1373 1181 1438 incanto
1204 1391 1304 1455 usque
1326 1375 1367 1442 ad

129 1473 240 1541 soldos
262 1472 321 1540 rmti
348 1493 444 1542 unum
467 1475 589 1542 soldnm
612 1479 646 1540 et
667 1494 687 1542 a
708 1473 766 1540 rrrrfl
792 1475 890 1543 scidis
920 1495 1018 1558 supra
1048 1495 1149 1560 usque
1178 1478 1219 1544 ad
1241 1483 1367 1546 centum

127 1577 248 1646 libras⁹
276 1598 447 1663 parcorum
478 1598 611 1662 paruum
641 1599 737 1645 unum
767 1599 825 1662 pro
856 1581 999 1663 qualibet
1026 1583 1109 1650 libra
1138 1589 1171 1650 ct
1200 1590 1366 1651 acentum

128 1684 221 1752 libris
244 1703 414 1767 pamomm
437 1703 533 1768 supra
555 1685 706 1752 ascendat
726 1686 882 1770 incantus,
917 1691 1017 1754 emtor
1047 1687 1125 1756 uelit
1145 1691 1178 1754 et
1200 1689 1302 1770 possit
1326 1688 1366 1755 de

131 1807 183 1869 eo,
208 1789 292 1872 quod
315 1795 401 1856 esset
423 1789 495 1872 plus
518 1788 610 1856 dictis
633 1794 758 1856 centum
782 1789 870 1856 libris
901 1809 1072 1873 paruornm
1102 1809 1199 1857 unum
1231 1793 1367 1858 medium

131 1911 270 1976 paruum
292 1913 350 1978 pro
373 1893 515 1976 qualibet
537 1894 617 1958 libra
640 1911 697 1974 pro
713 1893 827 1974 quibus
842 1895 976 1962 incentis
991 1901 1151 1979 emptores
1171 1914 1229 1963 seu
1244 1899 1368 1979 emptor

131 1997 262 2064 soluere
285 2001 463 2065 torreantur.
493 1998 530 2063 In
560 2015 726 2064 commune
755 2017 833 2064 uero
856 1997 980 2082 Spalati
1003 2000 1043 2066 de
1066 2000 1210 2067 omnibus
1232 1997 1367 2067 incautis

130 2107 291 2184 perpetuo
313 2102 356 2169 sit
378 2101 514 2169 liberum
538 2108 572 2168 et
593 2101 780 2170 absolutum.

450 2317 517 2360 GAP.
540 2316 585 2361 11.
605 2317 648 2359 mc
669 2315 831 2370 consume
844 2317 879 2361 m
901 2315 1051 2361 corcelum.

144 2499 150 2516 ,
173 2432 343 2502 Millcsimo
365 2432 589 2500 trecentesimo
611 2431 774 2515 trigesimo
797 2439 921 2514 quarto,
944 2433 996 2500 dic
1019 2451 1098 2501 uero
1120 2435 1207 2500 xxix·
1229 2435 1366 2519 augusti,

131 2543 281 2620 tempore
303 2538 422 2606 domini
444 2537 647 2604 Pantalconis
662 2537 843 2604 iustiniano
858 2543 984 2620 captum
1000 2537 1069 2618 init,
1090 2540 1174 2621 quod
1190 2539 1369 2623 consiliarij‚

129 2643 186 2724 qui
210 2648 286 2709 sunt
307 2643 478 2726 recipiendi
501 2643 533 2708 in
553 2642 694 2724 generali
723 2642 854 2709 consilio
884 2643 948 2709 sint
977 2643 1036 2710 hcc
1065 2643 1176 2722 modo;
1208 2643 1367 2724 uidelicet,

130 2746 219 2828 qnod
242 2747 378 2830 quilibet
400 2766 510 2814 eorurn
531 2746 646 2815 debeat
667 2766 751 2814 resse
773 2765 792 2812 a
813 2747 886 2828 xviij
918 2747 1008 2812 annis
1031 2765 1128 2830 supra
1150 2754 1183 2813 ct
1205 2753 1314 2829 patres
1336 2751 1370 2814 et

129 2851 184 2918 aui
208 2869 318 2918 eurum
341 2850 460 2920 tuerint
481 2859 624 2935 tompore
646 2858 809 2919 transacto
839 2851 1007 2932 consiliarii
1031 2851 1115 2931 dicte
1145 2851 1302 2932 cirritatis;
1332 2869 1370 2918 ac

130 2957 229 3024 etiam
250 2957 304 3038 qui
319 2955 437 3024 fuerint
452 2956 573 3022 nobiles
588 2964 622 3024 ct
637 2957 723 3038 quod
739 2973 802 3022 non
824 2955 950 3038 possint
964 2973 1034 3024 esse
1049 2954 1200 3036 forenses,
1216 2955 1369 3040 bastardi,

130 3079 192 3128 nec
214 3059 270 3144 filij
292 3061 527 3128 bastardomm.
551 3061 595 3127 Et
617 3061 711 3128 aliter
732 3061 819 3126 nullo
843 3055 936 3127 modo
960 3060 1073 3142 aliquis
1096 3061 1196 3142 possit
1219 3059 1316 3142 recipi
1335 3059 1369 3126 in

130 3165 330 3234 consiliarem
354 3165 438 3248 dictp
469 3167 616 3246 ciuitatis,
647 3167 707 3232 nisi
739 3165 849 3232 ordina
878 3164 1049 3232 antedicto.
1083 3165 1127 3230 Et
1157 3166 1241 3246 quod
1272 3183 1368 3250 super

130 3269 313 3354 eligendum
335 3287 441 3336 comes
463 3289 533 3336 cum
556 3277 691 3353 quatuor
714 3270 879 3346 nobilibus,
912 3269 965 3350 qui
988 3269 1143 3352 eligentur
1173 3270 1205 3335 iu
1229 3271 1368 3352 presenti

130 3375 272 3460 consilio,
296 3373 436 3442 habeant
466 3375 593 3458 plenum
623 3377 787 3442 arbitrium
817 3373 1006 3442 auctoritate
1037 3375 1197 3456 presentis
1219 3373 1367 3456 consiliii

568 3605 635 3650 oar.
659 3605 715 3650 xm.
739 3607 781 3650 nn
802 3583 934 3650 nonm‘.

175 3721 344 3789 Millesimo
382 3723 601 3790 trecentesimo
632 3722 874 3805 quadragesimo
905 3727 1026 3804 octauo,
1061 3721 1112 3787 die
1142 3720 1200 3802 rij⁰
1232 3719 1368 3801 augusti,

130 3833 276 3909 ternpore
299 3827 417 3894 domini
440 3827 596 3894 iohannis
620 3827 799 3894 Gradenico
823 3833 949 3909 captum
972 3825 1040 3906 tuit,
1064 3825 1148 3908 quod
1167 3825 1302 3892 maiores
1317 3825 1368 3907 xvj

130 3931 223 3998 annis
245 3931 298 3998 uel
320 3931 432 3998 saltem
455 3932 505 4014 xvj
530 3949 587 4013 pro
611 3930 823 4013 adimplemdo
847 3948 1012 3995 nnmerum
1036 3929 1194 3995 deiectum
1215 3947 1271 4011 por
1285 3946 1369 3996 mor-

130 4036 288 4103 talitatem
312 4035 435 4117 possint
458 4054 530 4103 esse
553 4035 610 4104 dc⁶
633 4035 718 4102 dicto
742 4034 871 4103 consilio
895 4051 1027 4117 quorum
1047 4039 1155 4098 tamen
1189 4037 1297 4118 patres
1318 4033 1370 4100 nel

131 4141 186 4207 ani
208 4139 328 4206 fuerint
351 4141 391 4208 de
414 4141 571 4216 consiliat
605 4139 783 4206 iurantibus
813 4144 919 4205 tamen
951 4139 1093 4220 patribus
1124 4137 1177 4206 uel
1208 4138 1276 4203 auis
1299 4155 1369 4204 esse

130 4245 267 4314 maiores
290 4245 381 4312 annis
405 4245 574 4312 sexdecim.

180 4439 305 4502 ¹Deest
326 4441 354 4500 in
378 4439 457 4502 cod.
489 4440 595 4500 acad.
619 4439 643 4498 B
667 4443 695 4500 st
718 4457 765 4516 ap.
797 4439 910 4515 Ljub.
1025 4434 1151 4497 2Decst
1180 4453 1227 4512 ap.
1260 4435 1371 4512 Ljub.

139 4529 149 4564 ³
172 4528 229 4605 Ap.
253 4528 381 4605 Ljnb.:
406 4527 527 4609 „statuti
550 4531 579 4587 ct
601 4519 742 4603 comitij“.
836 4524 955 4586 icoc.
984 4524 1089 4584 acad.
1114 4523 1140 4584 A
1163 4527 1192 4583 et
1214 4523 1239 4582 B
1262 4523 1371 4581 nnllam

130 4617 179 4677 bio
201 4617 267 4676 loco
289 4614 399 4676 habent
421 4607 670 4691 inscriptionem‘.
769 4609 781 4647 ⁶
802 4612 860 4691 Ap.
890 4611 1018 4689 Ljub.:
1043 4611 1123 4692 „in“.
1221 4609 1232 4644 ⁶
1254 4609 1369 4671 Verba:

135 4720 280 4785 „qnorum
302 4734 343 4750 -·
365 4695 507 4764 consilio“
532 4702 637 4764 desunt
659 4700 751 4763 ibid.
