<?xml version="1.0" encoding="UTF-8"?>
<!DOCTYPE html PUBLIC "-//W3C//DTD XHTML 1.0 Transitional//EN"
    "http://www.w3.org/TR/xhtml1/DTD/xhtml1-transitional.dtd">
<html xmlns="http://www.w3.org/1999/xhtml" xml:lang="en" lang="en">
 <head>
  <title>
</title>
<meta http-equiv="Content-Type" content="text/html;charset=utf-8" />
  <meta name='ocr-system' content='tesseract 3.04.00' />
  <meta name='ocr-capabilities' content='ocr_page ocr_carea ocr_par ocr_line ocrx_word'/>
</head>
<body>
  <div class='ocr_page' id='page_1' title='image "./statutaetlegesc00yuggoog_0544.png"; bbox 0 0 3398 5354; ppageno 0'>
   <div class='ocr_carea' id='block_1_1' title="bbox 475 565 1455 616">
    <p class='ocr_par' dir='ltr' id='par_1_1' title="bbox 475 565 1455 616">
     <span class='ocr_line' id='line_1_1' title="bbox 475 565 1455 616; baseline 0.002 -4"><span class='ocrx_word' id='word_1_1' title='bbox 475 565 542 612; x_wconf 70' lang='lat' dir='ltr'><strong>on.</strong></span> <span class='ocrx_word' id='word_1_2' title='bbox 566 565 627 612; x_wconf 85' lang='lat' dir='ltr'><strong>0x1.</strong></span> <span class='ocrx_word' id='word_1_3' title='bbox 652 566 692 607; x_wconf 70' lang='lat' dir='ltr'><strong>DE</strong></span> <span class='ocrx_word' id='word_1_4' title='bbox 714 567 948 612; x_wconf 62' lang='lat' dir='ltr'><strong>timeremus</strong></span> <span class='ocrx_word' id='word_1_5' title='bbox 969 570 1118 612; x_wconf 68' lang='lat' dir='ltr'><strong>mmm</strong></span> <span class='ocrx_word' id='word_1_6' title='bbox 1141 571 1295 614; x_wconf 67' lang='lat' dir='ltr'><strong>ommam</strong></span> <span class='ocrx_word' id='word_1_7' title='bbox 1317 572 1455 616; x_wconf 68' lang='lat' dir='ltr'><strong>sumn.</strong></span> 
     </span>
    </p>
   </div>
   <div class='ocr_carea' id='block_1_2' title="bbox 352 667 1568 958">
    <p class='ocr_par' dir='ltr' id='par_1_2' title="bbox 352 667 1568 958">
     <span class='ocr_line' id='line_1_2' title="bbox 391 667 1565 752; baseline 0.004 -20"><span class='ocrx_word' id='word_1_8' title='bbox 391 667 474 734; x_wconf 83' lang='lat' dir='ltr'><strong>Item</strong></span> <span class='ocrx_word' id='word_1_9' title='bbox 505 671 658 733; x_wconf 87' lang='lat' dir='ltr'><strong>statutum</strong></span> <span class='ocrx_word' id='word_1_10' title='bbox 688 673 721 733; x_wconf 86' lang='lat' dir='ltr'><strong>et</strong></span> <span class='ocrx_word' id='word_1_11' title='bbox 751 667 927 734; x_wconf 86' lang='lat' dir='ltr'><strong>ordinatum</strong></span> <span class='ocrx_word' id='word_1_12' title='bbox 949 674 1007 749; x_wconf 90' lang='lat' dir='ltr'><strong>est,</strong></span> <span class='ocrx_word' id='word_1_13' title='bbox 1038 669 1123 749; x_wconf 89' lang='lat' dir='ltr'><strong>quod</strong></span> <span class='ocrx_word' id='word_1_14' title='bbox 1153 669 1341 752; x_wconf 82' lang='lat' dir='ltr'><strong>quicumque</strong></span> <span class='ocrx_word' id='word_1_15' title='bbox 1371 669 1501 738; x_wconf 82' lang='lat' dir='ltr'><strong>feceriut</strong></span> <span class='ocrx_word' id='word_1_16' title='bbox 1521 672 1565 738; x_wconf 86' lang='lat' dir='ltr'><strong>uui</strong></span> 
     </span>
     <span class='ocr_line' id='line_1_3' title="bbox 352 771 1567 856; baseline 0.004 -20"><span class='ocrx_word' id='word_1_17' title='bbox 352 776 527 839; x_wconf 78' lang='lat' dir='ltr'><strong>tractarent</strong></span> <span class='ocrx_word' id='word_1_18' title='bbox 549 771 684 852; x_wconf 73' lang='lat' dir='ltr'><strong>adquam</strong></span> <span class='ocrx_word' id='word_1_19' title='bbox 708 773 863 856; x_wconf 87' lang='lat' dir='ltr'><strong>iniuriam,</strong></span> <span class='ocrx_word' id='word_1_20' title='bbox 895 773 1099 854; x_wconf 84' lang='lat' dir='ltr'><strong>obprobrium</strong></span> <span class='ocrx_word' id='word_1_21' title='bbox 1123 774 1173 838; x_wconf 92' lang='lat' dir='ltr'><strong>uel</strong></span> <span class='ocrx_word' id='word_1_22' title='bbox 1197 775 1419 840; x_wconf 83' lang='lat' dir='ltr'><strong>uerecundiam</strong></span> <span class='ocrx_word' id='word_1_23' title='bbox 1442 775 1567 842; x_wconf 70' lang='lat' dir='ltr'><strong>ciuitatis</strong></span> 
     </span>
     <span class='ocr_line' id='line_1_4' title="bbox 352 873 1568 958; baseline 0.002 -16"><span class='ocrx_word' id='word_1_24' title='bbox 352 873 485 958; x_wconf 86' lang='lat' dir='ltr'><strong>Spalati,</strong></span> <span class='ocrx_word' id='word_1_25' title='bbox 508 875 593 958; x_wconf 90' lang='lat' dir='ltr'><strong>quod</strong></span> <span class='ocrx_word' id='word_1_26' title='bbox 616 877 700 941; x_wconf 89' lang='lat' dir='ltr'><strong>ultra</strong></span> <span class='ocrx_word' id='word_1_27' title='bbox 723 895 823 958; x_wconf 83' lang='lat' dir='ltr'><strong>penas</strong></span> <span class='ocrx_word' id='word_1_28' title='bbox 846 877 892 950; x_wconf 84' lang='lat' dir='ltr'><strong>eis</strong></span> <span class='ocrx_word' id='word_1_29' title='bbox 914 881 1052 944; x_wconf 85' lang='lat' dir='ltr'><strong>statutus</strong></span> <span class='ocrx_word' id='word_1_30' title='bbox 1074 878 1107 942; x_wconf 92' lang='lat' dir='ltr'><strong>in</strong></span> <span class='ocrx_word' id='word_1_31' title='bbox 1129 880 1269 958; x_wconf 76' lang='lat' dir='ltr'><strong>presenti</strong></span> <span class='ocrx_word' id='word_1_32' title='bbox 1292 878 1452 945; x_wconf 85' lang='lat' dir='ltr'><strong>uolumine</strong></span> <span class='ocrx_word' id='word_1_33' title='bbox 1476 886 1568 945; x_wconf 87' lang='lat' dir='ltr'><strong>statu-</strong></span> 
     </span>
    </p>
   </div>
   <div class='ocr_carea' id='block_1_3' title="bbox 350 968 1660 1180">
    <p class='ocr_par' dir='ltr' id='par_1_3' title="bbox 350 968 1660 1180">
     <span class='ocr_line' id='line_1_5' title="bbox 350 968 1660 1066; baseline 0.002 -20"><span class='ocrx_word' id='word_1_34' title='bbox 350 984 454 1046; x_wconf 84' lang='lat' dir='ltr'><strong>torum</strong></span> <span class='ocrx_word' id='word_1_35' title='bbox 483 968 593 1046; x_wconf 83' lang='lat' dir='ltr'><strong>eorum</strong></span> <span class='ocrx_word' id='word_1_36' title='bbox 622 981 748 1045; x_wconf 83' lang='lat' dir='ltr'><strong>nomina</strong></span> <span class='ocrx_word' id='word_1_37' title='bbox 769 986 802 1046; x_wconf 90' lang='lat' dir='ltr'><strong>et</strong></span> <span class='ocrx_word' id='word_1_38' title='bbox 831 981 1018 1062; x_wconf 82' lang='lat' dir='ltr'><strong>cognomina</strong></span> <span class='ocrx_word' id='word_1_39' title='bbox 1048 981 1228 1046; x_wconf 82' lang='lat' dir='ltr'><strong>scribuntur</strong></span> <span class='ocrx_word' id='word_1_40' title='bbox 1255 981 1373 1048; x_wconf 89' lang='lat' dir='ltr'><strong>inuno</strong></span> <span class='ocrx_word' id='word_1_41' title='bbox 1396 983 1473 1048; x_wconf 86' lang='lat' dir='ltr'><strong>libro</strong></span> <span class='ocrx_word' id='word_1_42' title='bbox 1496 1001 1568 1050; x_wconf 87' lang='lat' dir='ltr'><strong>eom·</strong></span> <span class='ocrx_word' id='word_1_43' title='bbox 1658 981 1660 1066; x_wconf 68' lang='lat' dir='ltr'><strong>i</strong></span> 
     </span>
     <span class='ocr_line' id='line_1_6' title="bbox 351 1083 1660 1180; baseline 0.002 -31"><span class='ocrx_word' id='word_1_44' title='bbox 351 1083 454 1151; x_wconf 87' lang='lat' dir='ltr'><strong>munis</strong></span> <span class='ocrx_word' id='word_1_45' title='bbox 487 1083 528 1150; x_wconf 87' lang='lat' dir='ltr'><strong>ed</strong></span> <span class='ocrx_word' id='word_1_46' title='bbox 562 1084 622 1150; x_wconf 90' lang='lat' dir='ltr'><strong>hoo</strong></span> <span class='ocrx_word' id='word_1_47' title='bbox 656 1084 835 1167; x_wconf 84' lang='lat' dir='ltr'>specialiter</span> <span class='ocrx_word' id='word_1_48' title='bbox 868 1085 1023 1164; x_wconf 88' lang='lat' dir='ltr'><strong>ordinato,</strong></span> <span class='ocrx_word' id='word_1_49' title='bbox 1055 1090 1092 1150; x_wconf 91' lang='lat' dir='ltr'><strong>ut</strong></span> <span class='ocrx_word' id='word_1_50' title='bbox 1126 1085 1166 1150; x_wconf 92' lang='lat' dir='ltr'><strong>de</strong></span> <span class='ocrx_word' id='word_1_51' title='bbox 1194 1085 1241 1152; x_wconf 90' lang='lat' dir='ltr'><strong>eis</strong></span> <span class='ocrx_word' id='word_1_52' title='bbox 1274 1085 1378 1168; x_wconf 89' lang='lat' dir='ltr'><strong>possit</strong></span> <span class='ocrx_word' id='word_1_53' title='bbox 1407 1087 1439 1152; x_wconf 87' lang='lat' dir='ltr'><strong>in</strong></span> <span class='ocrx_word' id='word_1_54' title='bbox 1470 1105 1567 1154; x_wconf 88' lang='lat' dir='ltr'><strong>eorum</strong></span> <span class='ocrx_word' id='word_1_55' title='bbox 1658 1089 1660 1180; x_wconf 75' lang='grc' dir='ltr'><strong><em>ζ</em></strong></span> 
     </span>
    </p>
   </div>
   <div class='ocr_carea' id='block_1_4' title="bbox 351 1189 1288 1272">
    <p class='ocr_par' dir='ltr' id='par_1_4' title="bbox 351 1189 1288 1272">
     <span class='ocr_line' id='line_1_7' title="bbox 351 1189 1288 1272; baseline -0.002 -16"><span class='ocrx_word' id='word_1_56' title='bbox 351 1189 543 1272; x_wconf 88' lang='lat' dir='ltr'><strong>uituperium</strong></span> <span class='ocrx_word' id='word_1_57' title='bbox 567 1193 600 1256; x_wconf 92' lang='lat' dir='ltr'><strong>et</strong></span> <span class='ocrx_word' id='word_1_58' title='bbox 623 1189 787 1255; x_wconf 88' lang='lat' dir='ltr'><strong>damnum¹</strong></span> <span class='ocrx_word' id='word_1_59' title='bbox 810 1208 881 1257; x_wconf 86' lang='lat' dir='ltr'><strong>esso</strong></span> <span class='ocrx_word' id='word_1_60' title='bbox 903 1189 1056 1257; x_wconf 87' lang='lat' dir='ltr'><strong>memoria</strong></span> <span class='ocrx_word' id='word_1_61' title='bbox 1076 1190 1109 1256; x_wconf 89' lang='lat' dir='ltr'><strong>iu</strong></span> <span class='ocrx_word' id='word_1_62' title='bbox 1132 1195 1288 1270; x_wconf 77' lang='lat' dir='ltr'><strong>eternum.</strong></span> 
     </span>
    </p>
   </div>
   <div class='ocr_carea' id='block_1_5' title="bbox 313 1381 1520 1450">
    <p class='ocr_par' dir='ltr' id='par_1_5' title="bbox 313 1381 1520 1450">
     <span class='ocr_line' id='line_1_8' title="bbox 313 1381 1520 1450; baseline 0.007 -10"><span class='ocrx_word' id='word_1_63' title='bbox 313 1435 317 1440; x_wconf 85' lang='lat'><em>.</em></span> <span class='ocrx_word' id='word_1_64' title='bbox 402 1401 468 1450; x_wconf 69' lang='lat' dir='ltr'><strong>osu.</strong></span> <span class='ocrx_word' id='word_1_65' title='bbox 493 1403 568 1447; x_wconf 82' lang='lat' dir='ltr'><strong>exn.</strong></span> <span class='ocrx_word' id='word_1_66' title='bbox 591 1403 633 1446; x_wconf 77' lang='lat' dir='ltr'><strong>ou</strong></span> <span class='ocrx_word' id='word_1_67' title='bbox 655 1403 730 1446; x_wconf 86' lang='lat' dir='ltr'><strong>unro</strong></span> <span class='ocrx_word' id='word_1_68' title='bbox 753 1403 931 1448; x_wconf 79' lang='lat' dir='ltr'><strong>rosmrsmrr</strong></span> <span class='ocrx_word' id='word_1_69' title='bbox 953 1404 1016 1446; x_wconf 85' lang='lat' dir='ltr'><strong>uorr</strong></span> <span class='ocrx_word' id='word_1_70' title='bbox 1039 1403 1243 1448; x_wconf 81' lang='lat' dir='ltr'><strong>oouuuusruo</strong></span> <span class='ocrx_word' id='word_1_71' title='bbox 1264 1381 1326 1447; x_wconf 65' lang='lat' dir='ltr'><strong>au*</strong></span> <span class='ocrx_word' id='word_1_72' title='bbox 1347 1403 1520 1448; x_wconf 75' lang='lat' dir='ltr'><strong>murmurum</strong></span> 
     </span>
    </p>
   </div>
   <div class='ocr_carea' id='block_1_6' title="bbox 349 1501 1566 3570">
    <p class='ocr_par' dir='ltr' id='par_1_6' title="bbox 350 1501 1566 2311">
     <span class='ocr_line' id='line_1_9' title="bbox 392 1501 1566 1586; baseline 0.005 -18"><span class='ocrx_word' id='word_1_73' title='bbox 392 1503 473 1568; x_wconf 93' lang='lat' dir='ltr'><strong>Item</strong></span> <span class='ocrx_word' id='word_1_74' title='bbox 497 1507 649 1568; x_wconf 87' lang='lat' dir='ltr'><strong>statutum</strong></span> <span class='ocrx_word' id='word_1_75' title='bbox 672 1509 705 1568; x_wconf 91' lang='lat' dir='ltr'><strong>et</strong></span> <span class='ocrx_word' id='word_1_76' title='bbox 729 1501 907 1568; x_wconf 87' lang='lat' dir='ltr'><strong>ordinatum</strong></span> <span class='ocrx_word' id='word_1_77' title='bbox 937 1509 995 1585; x_wconf 85' lang='lat' dir='ltr'><strong>est,</strong></span> <span class='ocrx_word' id='word_1_78' title='bbox 1031 1505 1115 1585; x_wconf 91' lang='lat' dir='ltr'><strong>quod</strong></span> <span class='ocrx_word' id='word_1_79' title='bbox 1144 1504 1250 1570; x_wconf 84' lang='lat' dir='ltr'><strong>nullus</strong></span> <span class='ocrx_word' id='word_1_80' title='bbox 1270 1513 1438 1586; x_wconf 82' lang='lat' dir='ltr'><strong>presumat</strong></span> <span class='ocrx_word' id='word_1_81' title='bbox 1458 1506 1566 1574; x_wconf 84' lang='lat' dir='ltr'><strong>ducere</strong></span> 
     </span>
     <span class='ocr_line' id='line_1_10' title="bbox 352 1605 1566 1693; baseline 0.002 -21"><span class='ocrx_word' id='word_1_82' title='bbox 352 1606 459 1672; x_wconf 91' lang='lat' dir='ltr'><strong>uinum</strong></span> <span class='ocrx_word' id='word_1_83' title='bbox 482 1607 523 1672; x_wconf 91' lang='lat' dir='ltr'><strong>ad</strong></span> <span class='ocrx_word' id='word_1_84' title='bbox 546 1606 706 1672; x_wconf 79' lang='lat' dir='ltr'><strong>ciuitatem</strong></span> <span class='ocrx_word' id='word_1_85' title='bbox 730 1605 874 1692; x_wconf 76' lang='lat' dir='ltr'><strong>Spalati³,</strong></span> <span class='ocrx_word' id='word_1_86' title='bbox 898 1608 957 1674; x_wconf 91' lang='lat' dir='ltr'><strong>nisi</strong></span> <span class='ocrx_word' id='word_1_87' title='bbox 981 1607 1020 1674; x_wconf 91' lang='lat' dir='ltr'><strong>de</strong></span> <span class='ocrx_word' id='word_1_88' title='bbox 1043 1625 1152 1690; x_wconf 86' lang='lat' dir='ltr'><strong>eampo</strong></span> <span class='ocrx_word' id='word_1_89' title='bbox 1177 1606 1368 1693; x_wconf 87' lang='lat' dir='ltr'><strong>Spaiatensi,</strong></span> <span class='ocrx_word' id='word_1_90' title='bbox 1400 1609 1513 1675; x_wconf 84' lang='lat' dir='ltr'><strong>scilieet</strong></span> <span class='ocrx_word' id='word_1_91' title='bbox 1533 1611 1566 1676; x_wconf 88' lang='lat' dir='ltr'><strong>ab</strong></span> 
     </span>
     <span class='ocr_line' id='line_1_11' title="bbox 351 1711 1566 1798; baseline 0.001 -19"><span class='ocrx_word' id='word_1_92' title='bbox 351 1711 485 1779; x_wconf 83' lang='lat' dir='ltr'><strong>eeclesia</strong></span> <span class='ocrx_word' id='word_1_93' title='bbox 513 1711 614 1778; x_wconf 85' lang='lat' dir='ltr'><strong>sancti</strong></span> <span class='ocrx_word' id='word_1_94' title='bbox 643 1711 730 1778; x_wconf 88' lang='lat' dir='ltr'><strong>Petri</strong></span> <span class='ocrx_word' id='word_1_95' title='bbox 760 1713 801 1780; x_wconf 88' lang='lat' dir='ltr'><strong>de</strong></span> <span class='ocrx_word' id='word_1_96' title='bbox 830 1712 952 1779; x_wconf 86' lang='lat' dir='ltr'><strong>Gumao</strong></span> <span class='ocrx_word' id='word_1_97' title='bbox 983 1718 1065 1779; x_wconf 88' lang='lat' dir='ltr'><strong>eta</strong></span> <span class='ocrx_word' id='word_1_98' title='bbox 1094 1712 1253 1778; x_wconf 73' lang='lat' dir='ltr'><strong>columna*</strong></span> <span class='ocrx_word' id='word_1_99' title='bbox 1282 1714 1315 1778; x_wconf 88' lang='lat' dir='ltr'><strong>in</strong></span> <span class='ocrx_word' id='word_1_100' title='bbox 1337 1713 1450 1796; x_wconf 85' lang='lat' dir='ltr'><strong>Dylato</strong></span> <span class='ocrx_word' id='word_1_101' title='bbox 1471 1717 1566 1798; x_wconf 83' lang='lat' dir='ltr'><strong>posita</strong></span> 
     </span>
     <span class='ocr_line' id='line_1_12' title="bbox 352 1816 1565 1900; baseline 0.004 -19"><span class='ocrx_word' id='word_1_102' title='bbox 352 1835 465 1882; x_wconf 87' lang='lat' dir='ltr'><strong>uersus</strong></span> <span class='ocrx_word' id='word_1_103' title='bbox 488 1816 646 1883; x_wconf 81' lang='lat' dir='ltr'><strong>ciuitatem</strong></span> <span class='ocrx_word' id='word_1_104' title='bbox 671 1817 711 1882; x_wconf 91' lang='lat' dir='ltr'><strong>de</strong></span> <span class='ocrx_word' id='word_1_105' title='bbox 732 1817 849 1900; x_wconf 80' lang='lat' dir='ltr'><strong>uineis3</strong></span> <span class='ocrx_word' id='word_1_106' title='bbox 881 1817 1030 1882; x_wconf 84' lang='lat' dir='ltr'><strong>uidelicet</strong></span> <span class='ocrx_word' id='word_1_107' title='bbox 1052 1816 1168 1882; x_wconf 85' lang='lat' dir='ltr'><strong>ciuium</strong></span> <span class='ocrx_word' id='word_1_108' title='bbox 1190 1835 1251 1883; x_wconf 91' lang='lat' dir='ltr'><strong>nou</strong></span> <span class='ocrx_word' id='word_1_109' title='bbox 1275 1823 1501 1886; x_wconf 86' lang='lat' dir='ltr'><strong>extraneorum.</strong></span> <span class='ocrx_word' id='word_1_110' title='bbox 1529 1819 1565 1886; x_wconf 83' lang='lat' dir='ltr'><strong>m</strong></span> 
     </span>
     <span class='ocr_line' id='line_1_13' title="bbox 352 1920 1566 2004; baseline 0.003 -19"><span class='ocrx_word' id='word_1_111' title='bbox 352 1921 455 1986; x_wconf 88' lang='lat' dir='ltr'><strong>nullus</strong></span> <span class='ocrx_word' id='word_1_112' title='bbox 482 1927 566 1986; x_wconf 89' lang='lat' dir='ltr'><strong>emat</strong></span> <span class='ocrx_word' id='word_1_113' title='bbox 588 1920 695 1986; x_wconf 90' lang='lat' dir='ltr'><strong>uinum</strong></span> <span class='ocrx_word' id='word_1_114' title='bbox 719 1941 738 1986; x_wconf 87' lang='lat' dir='ltr'><strong>u</strong></span> <span class='ocrx_word' id='word_1_115' title='bbox 759 1921 861 1987; x_wconf 87' lang='lat' dir='ltr'><strong>uineis</strong></span> <span class='ocrx_word' id='word_1_116' title='bbox 892 1926 1113 1986; x_wconf 82' lang='lat' dir='ltr'><strong>extraneorum</strong></span> <span class='ocrx_word' id='word_1_117' title='bbox 1144 1921 1185 1987; x_wconf 85' lang='lat' dir='ltr'><strong>ud</strong></span> <span class='ocrx_word' id='word_1_118' title='bbox 1214 1922 1404 2004; x_wconf 81' lang='lat' dir='ltr'><strong>portandum</strong></span> <span class='ocrx_word' id='word_1_119' title='bbox 1434 1925 1472 1989; x_wconf 91' lang='lat' dir='ltr'><strong>ad</strong></span> <span class='ocrx_word' id='word_1_120' title='bbox 1501 1925 1566 1990; x_wconf 83' lang='lat' dir='ltr'><strong>ciui·</strong></span> 
     </span>
     <span class='ocr_line' id='line_1_14' title="bbox 354 2024 1565 2116; baseline 0.003 -26"><span class='ocrx_word' id='word_1_121' title='bbox 354 2031 471 2105; x_wconf 85' lang='lat' dir='ltr'><strong>tatem;</strong></span> <span class='ocrx_word' id='word_1_122' title='bbox 492 2025 544 2106; x_wconf 92' lang='lat' dir='ltr'><strong>qui</strong></span> <span class='ocrx_word' id='word_1_123' title='bbox 567 2043 645 2090; x_wconf 87' lang='lat' dir='ltr'><strong>uero</strong></span> <span class='ocrx_word' id='word_1_124' title='bbox 669 2024 899 2105; x_wconf 81' lang='lat' dir='ltr'><strong>contrafecerit,</strong></span> <span class='ocrx_word' id='word_1_125' title='bbox 924 2025 1032 2090; x_wconf 91' lang='lat' dir='ltr'><strong>uinum</strong></span> <span class='ocrx_word' id='word_1_126' title='bbox 1056 2026 1171 2107; x_wconf 88' lang='lat' dir='ltr'><strong>perdat</strong></span> <span class='ocrx_word' id='word_1_127' title='bbox 1184 2032 1251 2092; x_wconf 86' lang='lat' dir='ltr'><strong>tam</strong></span> <span class='ocrx_word' id='word_1_128' title='bbox 1267 2027 1463 2116; x_wconf 78' lang='lat' dir='ltr'><strong>conductor⁶,</strong></span> <span class='ocrx_word' id='word_1_129' title='bbox 1484 2046 1565 2109; x_wconf 86' lang='lat' dir='ltr'><strong>quam</strong></span> 
     </span>
     <span class='ocr_line' id='line_1_15' title="bbox 351 2128 1565 2210; baseline 0.002 -16"><span class='ocrx_word' id='word_1_130' title='bbox 351 2133 476 2210; x_wconf 83' lang='lat' dir='ltr'><strong>emptor</strong></span> <span class='ocrx_word' id='word_1_131' title='bbox 498 2134 531 2196; x_wconf 86' lang='lat' dir='ltr'><strong>et</strong></span> <span class='ocrx_word' id='word_1_132' title='bbox 551 2128 656 2194; x_wconf 86' lang='lat' dir='ltr'><strong>soluat</strong></span> <span class='ocrx_word' id='word_1_133' title='bbox 678 2147 735 2210; x_wconf 92' lang='lat' dir='ltr'><strong>pro</strong></span> <span class='ocrx_word' id='word_1_134' title='bbox 759 2130 864 2194; x_wconf 84' lang='lat' dir='ltr'><strong>banno</strong></span> <span class='ocrx_word' id='word_1_135' title='bbox 888 2129 1000 2210; x_wconf 83' lang='lat' dir='ltr'><strong>uiginti</strong></span> <span class='ocrx_word' id='word_1_136' title='bbox 1023 2128 1131 2208; x_wconf 83' lang='lat' dir='ltr'><strong>libras,</strong></span> <span class='ocrx_word' id='word_1_137' title='bbox 1156 2131 1245 2196; x_wconf 87' lang='lat' dir='ltr'><strong>euius</strong></span> <span class='ocrx_word' id='word_1_138' title='bbox 1267 2129 1422 2198; x_wconf 78' lang='lat' dir='ltr'><strong>medietas</strong></span> <span class='ocrx_word' id='word_1_139' title='bbox 1444 2133 1565 2198; x_wconf 83' lang='lat' dir='ltr'><strong>situum·</strong></span> 
     </span>
     <span class='ocr_line' id='line_1_16' title="bbox 350 2232 775 2311; baseline 0 -13"><span class='ocrx_word' id='word_1_140' title='bbox 350 2233 462 2311; x_wconf 71' lang='lat' dir='ltr'><strong>munis</strong></span> <span class='ocrx_word' id='word_1_141' title='bbox 487 2232 551 2298; x_wconf 81' lang='lat' dir='ltr'><strong>ulie</strong></span> <span class='ocrx_word' id='word_1_142' title='bbox 573 2234 775 2300; x_wconf 79' lang='lat' dir='ltr'><strong>accusatoris.</strong></span> 
     </span>
    </p>

    <p class='ocr_par' dir='ltr' id='par_1_7' title="bbox 349 2336 1565 3570">
     <span class='ocr_line' id='line_1_17' title="bbox 393 2336 1561 2423; baseline -0.001 -20"><span class='ocrx_word' id='word_1_143' title='bbox 393 2337 437 2403; x_wconf 84' lang='lat' dir='ltr'><strong>Et</strong></span> <span class='ocrx_word' id='word_1_144' title='bbox 459 2337 564 2402; x_wconf 90' lang='lat' dir='ltr'><strong>nullus</strong></span> <span class='ocrx_word' id='word_1_145' title='bbox 588 2337 629 2404; x_wconf 85' lang='lat' dir='ltr'><strong>ab</strong></span> <span class='ocrx_word' id='word_1_146' title='bbox 652 2339 801 2406; x_wconf 84' lang='lat' dir='ltr'><strong>ulterenis</strong></span> <span class='ocrx_word' id='word_1_147' title='bbox 831 2336 956 2423; x_wconf 75' lang='lat' dir='ltr'><strong>finibuS,</strong></span> <span class='ocrx_word' id='word_1_148' title='bbox 987 2338 1039 2402; x_wconf 93' lang='lat' dir='ltr'><strong>uel</strong></span> <span class='ocrx_word' id='word_1_149' title='bbox 1067 2337 1243 2403; x_wconf 77' lang='lat' dir='ltr'><strong>extraneis⁰</strong></span> <span class='ocrx_word' id='word_1_150' title='bbox 1264 2337 1445 2404; x_wconf 80' lang='lat' dir='ltr'><strong>ciuitatibus</strong></span> <span class='ocrx_word' id='word_1_151' title='bbox 1469 2339 1561 2404; x_wconf 88' lang='lat' dir='ltr'><strong>uiuum</strong></span> 
     </span>
     <span class='ocr_line' id='line_1_18' title="bbox 351 2441 1565 2526; baseline 0.001 -20"><span class='ocrx_word' id='word_1_152' title='bbox 351 2441 454 2525; x_wconf 86' lang='lat' dir='ltr'><strong>ducat,</strong></span> <span class='ocrx_word' id='word_1_153' title='bbox 478 2441 530 2508; x_wconf 91' lang='lat' dir='ltr'><strong>uel</strong></span> <span class='ocrx_word' id='word_1_154' title='bbox 553 2460 624 2508; x_wconf 88' lang='lat' dir='ltr'><strong>oum</strong></span> <span class='ocrx_word' id='word_1_155' title='bbox 647 2443 721 2509; x_wconf 91' lang='lat' dir='ltr'><strong>uino</strong></span> <span class='ocrx_word' id='word_1_156' title='bbox 744 2442 906 2508; x_wconf 81' lang='lat' dir='ltr'><strong>ciuitatem</strong></span> <span class='ocrx_word' id='word_1_157' title='bbox 929 2443 1184 2524; x_wconf 87' lang='lat' dir='ltr'><strong>appropinquare</strong></span> <span class='ocrx_word' id='word_1_158' title='bbox 1207 2441 1331 2526; x_wconf 86' lang='lat' dir='ltr'><strong>debeat,</strong></span> <span class='ocrx_word' id='word_1_159' title='bbox 1356 2443 1415 2508; x_wconf 89' lang='lat' dir='ltr'><strong>nisi</strong></span> <span class='ocrx_word' id='word_1_160' title='bbox 1431 2443 1565 2508; x_wconf 87' lang='lat' dir='ltr'><strong>ininsula</strong></span> 
     </span>
     <span class='ocr_line' id='line_1_19' title="bbox 352 2543 1563 2628; baseline -0.002 -17"><span class='ocrx_word' id='word_1_161' title='bbox 352 2543 449 2626; x_wconf 75' lang='lat' dir='ltr'><strong>Seite,</strong></span> <span class='ocrx_word' id='word_1_162' title='bbox 474 2545 585 2626; x_wconf 76' lang='lat' dir='ltr'><strong>Braoip</strong></span> <span class='ocrx_word' id='word_1_163' title='bbox 610 2553 642 2612; x_wconf 86' lang='lat' dir='ltr'><strong>et</strong></span> <span class='ocrx_word' id='word_1_164' title='bbox 664 2545 741 2626; x_wconf 83' lang='lat' dir='ltr'><strong>Boe.</strong></span> <span class='ocrx_word' id='word_1_165' title='bbox 775 2547 818 2611; x_wconf 86' lang='lat' dir='ltr'><strong>Et</strong></span> <span class='ocrx_word' id='word_1_166' title='bbox 841 2547 868 2612; x_wconf 90' lang='lat' dir='ltr'><strong>si</strong></span> <span class='ocrx_word' id='word_1_167' title='bbox 891 2547 1050 2626; x_wconf 82' lang='lat' dir='ltr'><strong>acciderit,</strong></span> <span class='ocrx_word' id='word_1_168' title='bbox 1082 2546 1168 2627; x_wconf 86' lang='lat' dir='ltr'><strong>quod</strong></span> <span class='ocrx_word' id='word_1_169' title='bbox 1189 2545 1323 2613; x_wconf 89' lang='lat' dir='ltr'><strong>forensis</strong></span> <span class='ocrx_word' id='word_1_170' title='bbox 1353 2547 1520 2628; x_wconf 78' lang='lat' dir='ltr'><strong>applicaret</strong></span> <span class='ocrx_word' id='word_1_171' title='bbox 1538 2547 1563 2610; x_wconf 88' lang='lat' dir='ltr'><strong>in</strong></span> 
     </span>
     <span class='ocr_line' id='line_1_20' title="bbox 352 2649 1564 2732; baseline 0 -18"><span class='ocrx_word' id='word_1_172' title='bbox 352 2649 497 2716; x_wconf 84' lang='lat' dir='ltr'><strong>districtu</strong></span> <span class='ocrx_word' id='word_1_173' title='bbox 520 2649 639 2732; x_wconf 80' lang='lat' dir='ltr'><strong>Spoleti</strong></span> <span class='ocrx_word' id='word_1_174' title='bbox 657 2669 726 2716; x_wconf 87' lang='lat' dir='ltr'><strong>eum</strong></span> <span class='ocrx_word' id='word_1_175' title='bbox 742 2651 828 2730; x_wconf 82' lang='lat' dir='ltr'><strong>uino,</strong></span> <span class='ocrx_word' id='word_1_176' title='bbox 852 2657 995 2732; x_wconf 86' lang='lat' dir='ltr'><strong>potestas</strong></span> <span class='ocrx_word' id='word_1_177' title='bbox 1011 2657 1045 2718; x_wconf 90' lang='lat' dir='ltr'><strong>et</strong></span> <span class='ocrx_word' id='word_1_178' title='bbox 1060 2659 1164 2717; x_wconf 83' lang='lat' dir='ltr'><strong>remor</strong></span> <span class='ocrx_word' id='word_1_179' title='bbox 1180 2651 1263 2730; x_wconf 80' lang='lat' dir='ltr'><strong>dicte</strong></span> <span class='ocrx_word' id='word_1_180' title='bbox 1279 2651 1418 2717; x_wconf 84' lang='lat' dir='ltr'><strong>ciuitatis</strong></span> <span class='ocrx_word' id='word_1_181' title='bbox 1436 2657 1564 2716; x_wconf 83' lang='lat' dir='ltr'><strong>teneatur</strong></span> 
     </span>
     <span class='ocr_line' id='line_1_21' title="bbox 351 2754 1564 2840; baseline -0.002 -20"><span class='ocrx_word' id='word_1_182' title='bbox 351 2755 378 2820; x_wconf 86' lang='lat' dir='ltr'><strong>oi</strong></span> <span class='ocrx_word' id='word_1_183' title='bbox 403 2755 579 2840; x_wconf 78' lang='lat' dir='ltr'><strong>precipere,</strong></span> <span class='ocrx_word' id='word_1_184' title='bbox 603 2755 686 2836; x_wconf 91' lang='lat' dir='ltr'><strong>quod</strong></span> <span class='ocrx_word' id='word_1_185' title='bbox 709 2755 838 2822; x_wconf 81' lang='lat' dir='ltr'><strong>recedat</strong></span> <span class='ocrx_word' id='word_1_186' title='bbox 860 2774 930 2822; x_wconf 89' lang='lat' dir='ltr'><strong>oum</strong></span> <span class='ocrx_word' id='word_1_187' title='bbox 953 2756 1036 2822; x_wconf 84' lang='lat' dir='ltr'><strong>dioto</strong></span> <span class='ocrx_word' id='word_1_188' title='bbox 1059 2756 1133 2822; x_wconf 89' lang='lat' dir='ltr'><strong>uiuo</strong></span> <span class='ocrx_word' id='word_1_189' title='bbox 1156 2773 1255 2837; x_wconf 87' lang='lat' dir='ltr'><strong>usque</strong></span> <span class='ocrx_word' id='word_1_190' title='bbox 1270 2755 1311 2820; x_wconf 89' lang='lat' dir='ltr'><strong>ad</strong></span> <span class='ocrx_word' id='word_1_191' title='bbox 1325 2756 1454 2822; x_wconf 83' lang='lat' dir='ltr'><strong>terciam</strong></span> <span class='ocrx_word' id='word_1_192' title='bbox 1476 2754 1564 2832; x_wconf 80' lang='lat' dir='ltr'><strong>diem3</strong></span> 
     </span>
     <span class='ocr_line' id='line_1_22' title="bbox 352 2858 1564 2943; baseline -0.002 -17"><span class='ocrx_word' id='word_1_193' title='bbox 352 2864 386 2926; x_wconf 90' lang='lat' dir='ltr'><strong>et</strong></span> <span class='ocrx_word' id='word_1_194' title='bbox 409 2860 437 2924; x_wconf 92' lang='lat' dir='ltr'><strong>si</strong></span> <span class='ocrx_word' id='word_1_195' title='bbox 460 2858 697 2940; x_wconf 76' lang='lat' dir='ltr'><strong>contrafaceret,</strong></span> <span class='ocrx_word' id='word_1_196' title='bbox 722 2865 869 2926; x_wconf 86' lang='lat' dir='ltr'><strong>teneatur</strong></span> <span class='ocrx_word' id='word_1_197' title='bbox 893 2861 1019 2928; x_wconf 91' lang='lat' dir='ltr'><strong>soluere</strong></span> <span class='ocrx_word' id='word_1_198' title='bbox 1042 2879 1100 2943; x_wconf 92' lang='lat' dir='ltr'><strong>pro</strong></span> <span class='ocrx_word' id='word_1_199' title='bbox 1116 2862 1220 2928; x_wconf 85' lang='lat' dir='ltr'><strong>banno</strong></span> <span class='ocrx_word' id='word_1_200' title='bbox 1240 2860 1351 2942; x_wconf 84' lang='lat' dir='ltr'><strong>uiginti</strong></span> <span class='ocrx_word' id='word_1_201' title='bbox 1366 2860 1471 2938; x_wconf 80' lang='lat' dir='ltr'><strong>librae,</strong></span> <span class='ocrx_word' id='word_1_202' title='bbox 1491 2859 1564 2923; x_wconf 87' lang='lat' dir='ltr'><strong>ouius</strong></span> 
     </span>
     <span class='ocr_line' id='line_1_23' title="bbox 352 2962 1564 3048; baseline -0.002 -19"><span class='ocrx_word' id='word_1_203' title='bbox 352 2964 505 3032; x_wconf 77' lang='lat' dir='ltr'><strong>medietas</strong></span> <span class='ocrx_word' id='word_1_204' title='bbox 529 2965 572 3030; x_wconf 85' lang='lat' dir='ltr'><strong>sit</strong></span> <span class='ocrx_word' id='word_1_205' title='bbox 593 2965 766 3031; x_wconf 84' lang='lat' dir='ltr'><strong>eommunis</strong></span> <span class='ocrx_word' id='word_1_206' title='bbox 790 2971 823 3030; x_wconf 91' lang='lat' dir='ltr'><strong>et</strong></span> <span class='ocrx_word' id='word_1_207' title='bbox 838 2966 902 3032; x_wconf 86' lang='lat' dir='ltr'><strong>alia</strong></span> <span class='ocrx_word' id='word_1_208' title='bbox 917 2967 1108 3032; x_wconf 81' lang='lat' dir='ltr'><strong>accusatoris</strong></span> <span class='ocrx_word' id='word_1_209' title='bbox 1124 2970 1157 3034; x_wconf 85' lang='lat' dir='ltr'><strong>et</strong></span> <span class='ocrx_word' id='word_1_210' title='bbox 1175 2966 1289 3048; x_wconf 90' lang='lat' dir='ltr'><strong>perdat</strong></span> <span class='ocrx_word' id='word_1_211' title='bbox 1303 2965 1412 3031; x_wconf 91' lang='lat' dir='ltr'><strong>uinum</strong></span> <span class='ocrx_word' id='word_1_212' title='bbox 1430 2970 1461 3031; x_wconf 89' lang='lat' dir='ltr'><strong>et</strong></span> <span class='ocrx_word' id='word_1_213' title='bbox 1474 2962 1564 3029; x_wconf 86' lang='lat' dir='ltr'><strong>ueniat</strong></span> 
     </span>
     <span class='ocr_line' id='line_1_24' title="bbox 350 3067 1563 3152; baseline -0.002 -18"><span class='ocrx_word' id='word_1_214' title='bbox 350 3069 384 3134; x_wconf 93' lang='lat' dir='ltr'><strong>in</strong></span> <span class='ocrx_word' id='word_1_215' title='bbox 407 3086 570 3136; x_wconf 83' lang='lat' dir='ltr'><strong>commune</strong></span> <span class='ocrx_word' id='word_1_216' title='bbox 592 3067 715 3151; x_wconf 84' lang='lat' dir='ltr'><strong>Spalati</strong></span> <span class='ocrx_word' id='word_1_217' title='bbox 746 3073 779 3136; x_wconf 85' lang='lat' dir='ltr'><strong>et</strong></span> <span class='ocrx_word' id='word_1_218' title='bbox 803 3070 842 3134; x_wconf 91' lang='lat' dir='ltr'><strong>de</strong></span> <span class='ocrx_word' id='word_1_219' title='bbox 865 3071 933 3152; x_wconf 86' lang='lat' dir='ltr'><strong>ipso</strong></span> <span class='ocrx_word' id='word_1_220' title='bbox 957 3071 1051 3135; x_wconf 88' lang='lat' dir='ltr'><strong>etium</strong></span> <span class='ocrx_word' id='word_1_221' title='bbox 1075 3071 1149 3136; x_wconf 88' lang='lat' dir='ltr'><strong>uino</strong></span> <span class='ocrx_word' id='word_1_222' title='bbox 1180 3074 1354 3152; x_wconf 81' lang='lat' dir='ltr'><strong>aecusator,</strong></span> <span class='ocrx_word' id='word_1_223' title='bbox 1389 3069 1439 3135; x_wconf 93' lang='lat' dir='ltr'><strong>uel</strong></span> <span class='ocrx_word' id='word_1_224' title='bbox 1461 3068 1563 3133; x_wconf 87' lang='lat' dir='ltr'><strong>denuo·</strong></span> 
     </span>
     <span class='ocr_line' id='line_1_25' title="bbox 349 3170 1563 3257; baseline -0.004 -17"><span class='ocrx_word' id='word_1_225' title='bbox 349 3173 445 3240; x_wconf 85' lang='lat' dir='ltr'><strong>tiator</strong></span> <span class='ocrx_word' id='word_1_226' title='bbox 467 3174 583 3240; x_wconf 83' lang='lat' dir='ltr'><strong>babeat</strong></span> <span class='ocrx_word' id='word_1_227' title='bbox 604 3173 816 3241; x_wconf 88' lang='lat' dir='ltr'><strong>medietatem.</strong></span> <span class='ocrx_word' id='word_1_228' title='bbox 840 3173 888 3240; x_wconf 82' lang='lat' dir='ltr'><strong>Eo</strong></span> <span class='ocrx_word' id='word_1_229' title='bbox 905 3175 1003 3254; x_wconf 83' lang='lat' dir='ltr'><strong>soluo,</strong></span> <span class='ocrx_word' id='word_1_230' title='bbox 1028 3175 1112 3257; x_wconf 89' lang='lat' dir='ltr'><strong>quod</strong></span> <span class='ocrx_word' id='word_1_231' title='bbox 1128 3175 1155 3240; x_wconf 86' lang='lat' dir='ltr'><strong>si</strong></span> <span class='ocrx_word' id='word_1_232' title='bbox 1171 3173 1264 3238; x_wconf 80' lang='lat' dir='ltr'><strong>elicui</strong></span> <span class='ocrx_word' id='word_1_233' title='bbox 1283 3173 1343 3239; x_wconf 87' lang='lat' dir='ltr'><strong>uiui</strong></span> <span class='ocrx_word' id='word_1_234' title='bbox 1360 3170 1476 3255; x_wconf 88' lang='lat' dir='ltr'><strong>Spalati</strong></span> <span class='ocrx_word' id='word_1_235' title='bbox 1490 3175 1563 3236; x_wconf 77' lang='lat' dir='ltr'><strong>esum</strong></span> 
     </span>
     <span class='ocr_line' id='line_1_26' title="bbox 352 3273 1559 3362; baseline -0.002 -20"><span class='ocrx_word' id='word_1_236' title='bbox 352 3295 430 3360; x_wconf 83' lang='lat' dir='ltr'><strong>opus</strong></span> <span class='ocrx_word' id='word_1_237' title='bbox 464 3277 569 3360; x_wconf 87' lang='lat' dir='ltr'><strong>aliquo</strong></span> <span class='ocrx_word' id='word_1_238' title='bbox 601 3278 675 3345; x_wconf 91' lang='lat' dir='ltr'><strong>uiuo</strong></span> <span class='ocrx_word' id='word_1_239' title='bbox 706 3277 877 3346; x_wconf 86' lang='lat' dir='ltr'><strong>forensium</strong></span> <span class='ocrx_word' id='word_1_240' title='bbox 909 3299 965 3362; x_wconf 91' lang='lat' dir='ltr'><strong>pro</strong></span> <span class='ocrx_word' id='word_1_241' title='bbox 989 3278 1172 3345; x_wconf 85' lang='lat' dir='ltr'><strong>infirmitate</strong></span> <span class='ocrx_word' id='word_1_242' title='bbox 1195 3298 1261 3359; x_wconf 79' lang='lat' dir='ltr'><strong>sua,</strong></span> <span class='ocrx_word' id='word_1_243' title='bbox 1292 3279 1343 3345; x_wconf 92' lang='lat' dir='ltr'><strong>uel</strong></span> <span class='ocrx_word' id='word_1_244' title='bbox 1372 3273 1559 3359; x_wconf 70' lang='lat' dir='ltr'><strong>mesomio,</strong></span> 
     </span>
     <span class='ocr_line' id='line_1_27' title="bbox 353 3382 1562 3466; baseline -0.004 -20"><span class='ocrx_word' id='word_1_245' title='bbox 353 3382 452 3463; x_wconf 84' lang='lat' dir='ltr'><strong>possit</strong></span> <span class='ocrx_word' id='word_1_246' title='bbox 474 3401 544 3448; x_wconf 85' lang='lat' dir='ltr'><strong>oum</strong></span> <span class='ocrx_word' id='word_1_247' title='bbox 567 3382 695 3448; x_wconf 82' lang='lat' dir='ltr'><strong>lieentia</strong></span> <span class='ocrx_word' id='word_1_248' title='bbox 725 3385 897 3465; x_wconf 85' lang='lat' dir='ltr'><strong>potestatis</strong></span> <span class='ocrx_word' id='word_1_249' title='bbox 926 3389 959 3450; x_wconf 91' lang='lat' dir='ltr'><strong>et</strong></span> <span class='ocrx_word' id='word_1_250' title='bbox 981 3384 1112 3450; x_wconf 82' lang='lat' dir='ltr'><strong>rectoris</strong></span> <span class='ocrx_word' id='word_1_251' title='bbox 1135 3383 1217 3464; x_wconf 80' lang='lat' dir='ltr'><strong>dicte</strong></span> <span class='ocrx_word' id='word_1_252' title='bbox 1241 3383 1380 3449; x_wconf 84' lang='lat' dir='ltr'><strong>ciuitatis</strong></span> <span class='ocrx_word' id='word_1_253' title='bbox 1403 3386 1519 3466; x_wconf 87' lang='lat' dir='ltr'><strong>portare</strong></span> <span class='ocrx_word' id='word_1_254' title='bbox 1536 3383 1562 3443; x_wconf 89' lang='lat' dir='ltr'><strong>et</strong></span> 
     </span>
     <span class='ocr_line' id='line_1_28' title="bbox 351 3481 1562 3570; baseline -0.006 -17"><span class='ocrx_word' id='word_1_255' title='bbox 351 3487 472 3570; x_wconf 88' lang='lat' dir='ltr'><strong>portari</strong></span> <span class='ocrx_word' id='word_1_256' title='bbox 495 3486 600 3553; x_wconf 87' lang='lat' dir='ltr'><strong>faeere</strong></span> <span class='ocrx_word' id='word_1_257' title='bbox 623 3488 786 3570; x_wconf 87' lang='lat' dir='ltr'><strong>usquead</strong></span> <span class='ocrx_word' id='word_1_258' title='bbox 809 3493 944 3569; x_wconf 87' lang='lat' dir='ltr'><strong>quatuor</strong></span> <span class='ocrx_word' id='word_1_259' title='bbox 966 3489 1102 3570; x_wconf 86' lang='lat' dir='ltr'><strong>galletas</strong></span> <span class='ocrx_word' id='word_1_260' title='bbox 1125 3487 1200 3552; x_wconf 89' lang='lat' dir='ltr'><strong>uini.</strong></span> <span class='ocrx_word' id='word_1_261' title='bbox 1232 3485 1306 3552; x_wconf 86' lang='lat' dir='ltr'><strong>Siue</strong></span> <span class='ocrx_word' id='word_1_262' title='bbox 1337 3486 1459 3552; x_wconf 83' lang='lat' dir='ltr'><strong>licentia</strong></span> <span class='ocrx_word' id='word_1_263' title='bbox 1484 3481 1562 3548; x_wconf 78' lang='lat' dir='ltr'><strong>uero⁷</strong></span> 
     </span>
    </p>
   </div>
   <div class='ocr_carea' id='block_1_7' title="bbox 352 3587 1620 3674">
    <p class='ocr_par' dir='ltr' id='par_1_8' title="bbox 352 3587 1620 3674">
     <span class='ocr_line' id='line_1_29' title="bbox 352 3587 1620 3674; baseline -0.005 -18"><span class='ocrx_word' id='word_1_264' title='bbox 352 3591 438 3657; x_wconf 90' lang='lat' dir='ltr'><strong>nullo</strong></span> <span class='ocrx_word' id='word_1_265' title='bbox 461 3592 554 3658; x_wconf 93' lang='lat' dir='ltr'><strong>modo</strong></span> <span class='ocrx_word' id='word_1_266' title='bbox 577 3591 695 3658; x_wconf 90' lang='lat' dir='ltr'><strong>audeat</strong></span> <span class='ocrx_word' id='word_1_267' title='bbox 718 3599 855 3673; x_wconf 81' lang='lat' dir='ltr'><strong>portare,</strong></span> <span class='ocrx_word' id='word_1_268' title='bbox 879 3611 938 3658; x_wconf 84' lang='lat' dir='ltr'><strong>neo</strong></span> <span class='ocrx_word' id='word_1_269' title='bbox 960 3593 1079 3674; x_wconf 86' lang='lat' dir='ltr'><strong>portari</strong></span> <span class='ocrx_word' id='word_1_270' title='bbox 1103 3591 1208 3656; x_wconf 86' lang='lat' dir='ltr'><strong>faeere</strong></span> <span class='ocrx_word' id='word_1_271' title='bbox 1223 3590 1342 3656; x_wconf 86' lang='lat' dir='ltr'><strong>dietum</strong></span> <span class='ocrx_word' id='word_1_272' title='bbox 1359 3591 1461 3656; x_wconf 87' lang='lat' dir='ltr'><strong>uinum</strong></span> <span class='ocrx_word' id='word_1_273' title='bbox 1475 3587 1562 3653; x_wconf 84' lang='lat' dir='ltr'><strong>iuren-</strong></span> <span class='ocrx_word' id='word_1_274' title='bbox 1616 3653 1620 3668; x_wconf 65' lang='grc'>,</span> 
     </span>
    </p>
   </div>
   <div class='ocr_carea' id='block_1_8' title="bbox 351 3696 1190 3778">
    <p class='ocr_par' dir='ltr' id='par_1_9' title="bbox 351 3696 1190 3778">
     <span class='ocr_line' id='line_1_30' title="bbox 351 3696 1190 3778; baseline -0.004 -15"><span class='ocrx_word' id='word_1_275' title='bbox 351 3698 432 3763; x_wconf 88' lang='lat' dir='ltr'><strong>sium</strong></span> <span class='ocrx_word' id='word_1_276' title='bbox 456 3697 496 3763; x_wconf 88' lang='lat' dir='ltr'><strong>ad</strong></span> <span class='ocrx_word' id='word_1_277' title='bbox 520 3696 679 3762; x_wconf 85' lang='lat' dir='ltr'><strong>ciuitatem</strong></span> <span class='ocrx_word' id='word_1_278' title='bbox 705 3696 826 3778; x_wconf 86' lang='lat' dir='ltr'><strong>Spaluti</strong></span> <span class='ocrx_word' id='word_1_279' title='bbox 850 3697 909 3762; x_wconf 90' lang='lat' dir='ltr'><strong>sub</strong></span> <span class='ocrx_word' id='word_1_280' title='bbox 932 3714 1015 3776; x_wconf 77' lang='lat' dir='ltr'><strong>pena</strong></span> <span class='ocrx_word' id='word_1_281' title='bbox 1038 3697 1190 3778; x_wconf 74' lang='lat' dir='ltr'><strong>predicta.</strong></span> 
     </span>
    </p>
   </div>
   <div class='ocr_carea' id='block_1_9' title="bbox 352 3901 1621 3962">
    <p class='ocr_par' dir='ltr' id='par_1_10' title="bbox 352 3901 1621 3962">
     <span class='ocr_line' id='line_1_31' title="bbox 352 3901 1621 3962; baseline -0.004 -8"><span class='ocrx_word' id='word_1_282' title='bbox 352 3909 418 3955; x_wconf 69' lang='lat' dir='ltr'><strong>OAP·</strong></span> <span class='ocrx_word' id='word_1_283' title='bbox 443 3909 529 3954; x_wconf 79' lang='lat' dir='ltr'><strong>oxm·</strong></span> <span class='ocrx_word' id='word_1_284' title='bbox 566 3910 648 3962; x_wconf 79' lang='lat' dir='ltr'><strong>QUOD</strong></span> <span class='ocrx_word' id='word_1_285' title='bbox 671 3910 791 3952; x_wconf 70' lang='lat' dir='ltr'><strong>mundus</strong></span> <span class='ocrx_word' id='word_1_286' title='bbox 814 3911 874 3952; x_wconf 70' lang='lat' dir='ltr'><strong>DET</strong></span> <span class='ocrx_word' id='word_1_287' title='bbox 897 3910 1049 3954; x_wconf 76' lang='lat' dir='ltr'>BABOHAM</span> <span class='ocrx_word' id='word_1_288' title='bbox 1073 3909 1179 3953; x_wconf 75' lang='lat' dir='ltr'><strong>mom</strong></span> <span class='ocrx_word' id='word_1_289' title='bbox 1202 3909 1260 3952; x_wconf 75' lang='lat' dir='ltr'><strong>PRO</strong></span> <span class='ocrx_word' id='word_1_290' title='bbox 1282 3909 1358 3953; x_wconf 73' lang='lat' dir='ltr'><strong>Uirro</strong></span> <span class='ocrx_word' id='word_1_291' title='bbox 1382 3901 1564 3953; x_wconf 65' lang='lat' dir='ltr'><strong>counitum)</strong></span> <span class='ocrx_word' id='word_1_292' title='bbox 1617 3957 1621 3962; x_wconf 44' lang='grc'>,</span> 
     </span>
    </p>
   </div>
   <div class='ocr_carea' id='block_1_10' title="bbox 735 3997 1212 4041">
    <p class='ocr_par' dir='ltr' id='par_1_11' title="bbox 735 3997 1212 4041">
     <span class='ocr_line' id='line_1_32' title="bbox 735 3997 1212 4041; baseline -0.004 -2"><span class='ocrx_word' id='word_1_293' title='bbox 735 3997 923 4041; x_wconf 78' lang='grc' dir='ltr'><strong>ΒΟΔΒΒΟΝΔΜ</strong></span> <span class='ocrx_word' id='word_1_294' title='bbox 946 3999 1007 4040; x_wconf 70' lang='lat' dir='ltr'><strong>ulau</strong></span> <span class='ocrx_word' id='word_1_295' title='bbox 1029 3997 1212 4040; x_wconf 73' lang='lat' dir='ltr'><strong>NAREN&#39;I&#39;UM.</strong></span> 
     </span>
    </p>
   </div>
   <div class='ocr_carea' id='block_1_11' title="bbox 352 4095 1558 4282">
    <p class='ocr_par' dir='ltr' id='par_1_12' title="bbox 352 4095 1558 4282">
     <span class='ocr_line' id='line_1_33' title="bbox 391 4095 1558 4180; baseline -0.009 -16"><span class='ocrx_word' id='word_1_296' title='bbox 391 4097 472 4164; x_wconf 91' lang='lat' dir='ltr'><strong>Item</strong></span> <span class='ocrx_word' id='word_1_297' title='bbox 496 4101 650 4162; x_wconf 87' lang='lat' dir='ltr'><strong>statutum</strong></span> <span class='ocrx_word' id='word_1_298' title='bbox 673 4101 706 4162; x_wconf 90' lang='lat' dir='ltr'><strong>et</strong></span> <span class='ocrx_word' id='word_1_299' title='bbox 729 4097 907 4162; x_wconf 87' lang='lat' dir='ltr'><strong>ordinatum</strong></span> <span class='ocrx_word' id='word_1_300' title='bbox 931 4104 988 4180; x_wconf 85' lang='lat' dir='ltr'><strong>est,</strong></span> <span class='ocrx_word' id='word_1_301' title='bbox 1010 4097 1095 4178; x_wconf 89' lang='lat' dir='ltr'><strong>quod</strong></span> <span class='ocrx_word' id='word_1_302' title='bbox 1119 4096 1222 4161; x_wconf 84' lang='lat' dir='ltr'><strong>nullus</strong></span> <span class='ocrx_word' id='word_1_303' title='bbox 1242 4097 1298 4162; x_wconf 85' lang='lat' dir='ltr'><strong>det</strong></span> <span class='ocrx_word' id='word_1_304' title='bbox 1312 4095 1458 4162; x_wconf 82' lang='lat' dir='ltr'><strong>barcham</strong></span> <span class='ocrx_word' id='word_1_305' title='bbox 1472 4107 1558 4167; x_wconf 85' lang='lat' dir='ltr'><strong>suam,</strong></span> 
     </span>
     <span class='ocr_line' id='line_1_34' title="bbox 352 4195 1558 4282; baseline -0.007 -16"><span class='ocrx_word' id='word_1_306' title='bbox 352 4201 404 4268; x_wconf 91' lang='lat' dir='ltr'><strong>uel</strong></span> <span class='ocrx_word' id='word_1_307' title='bbox 426 4200 598 4266; x_wconf 85' lang='lat' dir='ltr'><strong>oasselatas</strong></span> <span class='ocrx_word' id='word_1_308' title='bbox 621 4201 660 4265; x_wconf 91' lang='lat' dir='ltr'><strong>ad</strong></span> <span class='ocrx_word' id='word_1_309' title='bbox 685 4201 867 4267; x_wconf 79' lang='lat' dir='ltr'><strong>uenturam⁸</strong></span> <span class='ocrx_word' id='word_1_310' title='bbox 891 4201 992 4280; x_wconf 78' lang='lat' dir='ltr'><strong>alicui,</strong></span> <span class='ocrx_word' id='word_1_311' title='bbox 1018 4202 1070 4282; x_wconf 89' lang='lat' dir='ltr'><strong>qui</strong></span> <span class='ocrx_word' id='word_1_312' title='bbox 1094 4201 1190 4267; x_wconf 86' lang='lat' dir='ltr'><strong>uellet</strong></span> <span class='ocrx_word' id='word_1_313' title='bbox 1212 4220 1317 4266; x_wconf 89' lang='lat' dir='ltr'><strong>emere</strong></span> <span class='ocrx_word' id='word_1_314' title='bbox 1333 4199 1481 4266; x_wconf 88' lang='lat' dir='ltr'><strong>uinumin</strong></span> <span class='ocrx_word' id='word_1_315' title='bbox 1496 4195 1558 4260; x_wconf 87' lang='lat' dir='ltr'><strong>Tra·</strong></span> 
     </span>
    </p>
   </div>
   <div class='ocr_carea' id='block_1_12' title="bbox 353 4315 558 4327">
    <p class='ocr_par' dir='ltr' id='par_1_13' title="bbox 353 4315 558 4327">
     <span class='ocr_line' id='line_1_35' title="bbox 353 4315 558 4327; baseline -0.01 -1"><span class='ocrx_word' id='word_1_316' title='bbox 353 4315 558 4327; x_wconf 73' lang='lat'><em>-·—-</em></span> 
     </span>
    </p>
   </div>
   <div class='ocr_carea' id='block_1_13' title="bbox 398 4352 1558 4439">
    <p class='ocr_par' dir='ltr' id='par_1_14' title="bbox 398 4352 1558 4439">
     <span class='ocr_line' id='line_1_36' title="bbox 398 4352 1558 4439; baseline -0.009 -19"><span class='ocrx_word' id='word_1_317' title='bbox 398 4359 408 4394; x_wconf 89' lang='lat'>¹</span> <span class='ocrx_word' id='word_1_318' title='bbox 424 4361 509 4420; x_wconf 84' lang='lat' dir='ltr'><strong>Ood.</strong></span> <span class='ocrx_word' id='word_1_319' title='bbox 526 4362 632 4421; x_wconf 80' lang='lat' dir='ltr'><strong>acad.</strong></span> <span class='ocrx_word' id='word_1_320' title='bbox 649 4362 682 4422; x_wconf 89' lang='lat' dir='ltr'><strong>B:</strong></span> <span class='ocrx_word' id='word_1_321' title='bbox 703 4359 908 4437; x_wconf 76' lang='lat' dir='ltr'><strong>ndampnum“.</strong></span> <span class='ocrx_word' id='word_1_322' title='bbox 958 4358 969 4394; x_wconf 78' lang='lat'><strong>²</strong></span> <span class='ocrx_word' id='word_1_323' title='bbox 985 4361 1041 4437; x_wconf 82' lang='lat' dir='ltr'><strong>Ap.</strong></span> <span class='ocrx_word' id='word_1_324' title='bbox 1059 4361 1083 4418; x_wconf 89' lang='lat' dir='ltr'>L</span> <span class='ocrx_word' id='word_1_325' title='bbox 1092 4360 1188 4437; x_wconf 83' lang='lat' dir='ltr'><strong>jub:</strong></span> <span class='ocrx_word' id='word_1_326' title='bbox 1206 4359 1314 4439; x_wconf 85' lang='lat' dir='ltr'><strong>„uon“.</strong></span> <span class='ocrx_word' id='word_1_327' title='bbox 1366 4352 1558 4420; x_wconf 80' lang='lat' dir='ltr'><strong>³Deestihid.</strong></span> 
     </span>
    </p>
   </div>
   <div class='ocr_carea' id='block_1_14' title="bbox 352 4440 1560 4700">
    <p class='ocr_par' dir='ltr' id='par_1_15' title="bbox 352 4440 1560 4700">
     <span class='ocr_line' id='line_1_37' title="bbox 354 4440 1559 4529; baseline -0.007 -21"><span class='ocrx_word' id='word_1_328' title='bbox 354 4445 467 4510; x_wconf 81' lang='lat' dir='ltr'><strong>⁴God.</strong></span> <span class='ocrx_word' id='word_1_329' title='bbox 491 4449 596 4510; x_wconf 85' lang='lat' dir='ltr'><strong>acad.</strong></span> <span class='ocrx_word' id='word_1_330' title='bbox 621 4449 661 4506; x_wconf 92' lang='lat' dir='ltr'><strong>B:</strong></span> <span class='ocrx_word' id='word_1_331' title='bbox 689 4449 891 4524; x_wconf 76' lang='lat' dir='ltr'><strong>„columpna“.</strong></span> <span class='ocrx_word' id='word_1_332' title='bbox 962 4445 1045 4523; x_wconf 73' lang='grc' dir='ltr'><strong>ὗΑρ.</strong></span> <span class='ocrx_word' id='word_1_333' title='bbox 1064 4448 1192 4522; x_wconf 85' lang='lat' dir='ltr'><strong>Ljub.:</strong></span> <span class='ocrx_word' id='word_1_334' title='bbox 1220 4448 1371 4529; x_wconf 70' lang='lat' dir='ltr'><strong>„duotor“.</strong></span> <span class='ocrx_word' id='word_1_335' title='bbox 1439 4440 1559 4502; x_wconf 82' lang='lat' dir='ltr'><strong>⁶ibid.:</strong></span> 
     </span>
     <span class='ocr_line' id='line_1_38' title="bbox 356 4525 1560 4614; baseline -0.009 -19"><span class='ocrx_word' id='word_1_336' title='bbox 356 4529 524 4611; x_wconf 78' lang='lat' dir='ltr'><strong>„alterius“.</strong></span> <span class='ocrx_word' id='word_1_337' title='bbox 587 4533 598 4569; x_wconf 77' lang='lat'>⁷</span> <span class='ocrx_word' id='word_1_338' title='bbox 615 4535 720 4596; x_wconf 85' lang='lat' dir='ltr'><strong>ibid:</strong></span> <span class='ocrx_word' id='word_1_339' title='bbox 741 4535 912 4611; x_wconf 81' lang='lat' dir='ltr'><strong>„potestatis</strong></span> <span class='ocrx_word' id='word_1_340' title='bbox 929 4553 980 4596; x_wconf 87' lang='lat' dir='ltr'><strong>eeu</strong></span> <span class='ocrx_word' id='word_1_341' title='bbox 996 4535 1118 4596; x_wconf 81' lang='lat' dir='ltr'><strong>rectoris</strong></span> <span class='ocrx_word' id='word_1_342' title='bbox 1134 4534 1210 4614; x_wconf 78' lang='lat' dir='ltr'><strong>dicte</strong></span> <span class='ocrx_word' id='word_1_343' title='bbox 1225 4533 1384 4595; x_wconf 79' lang='lat' dir='ltr'><strong>ciuitatis“.</strong></span> <span class='ocrx_word' id='word_1_344' title='bbox 1448 4529 1459 4564; x_wconf 78' lang='lat'><strong>⁸</strong></span> <span class='ocrx_word' id='word_1_345' title='bbox 1477 4525 1560 4589; x_wconf 90' lang='lat' dir='ltr'><strong>ibid:</strong></span> 
     </span>
     <span class='ocr_line' id='line_1_39' title="bbox 352 4621 609 4700; baseline 0.008 -16"><span class='ocrx_word' id='word_1_346' title='bbox 352 4621 609 4700; x_wconf 58' lang='lat' dir='ltr'><strong>„conducturumt</strong></span> 
     </span>
    </p>
   </div>
   <div class='ocr_carea' id='block_1_15' title="bbox 0 0 1704 5354">
    <p class='ocr_par' dir='ltr' id='par_1_16' title="bbox 0 0 1704 5354">
     <span class='ocr_line' id='line_1_40' title="bbox 0 0 1704 5354; baseline 0 0"><span class='ocrx_word' id='word_1_347' title='bbox 0 0 1704 5354; x_wconf 95' lang='lat' dir='ltr'><strong> </strong></span> 
     </span>
    </p>
   </div>
  </div>
 </body>
</html>
