3396 5402
1394 498 1435 560 69

192 701 373 767 solucionea
409 707 442 766 et
474 702 533 766 boc
567 702 735 778 occultent,
772 703 908 783 petendo
943 702 1132 767 solucionem
1168 703 1291 788 iterato,
1327 709 1436 768 eontra

189 804 334 871 debitum
358 805 461 870 anime
484 807 637 886 ipsorum,
662 805 692 869 in
716 825 863 887 magnum
881 807 1049 887 dompnum
1067 813 1099 872 et
1115 807 1320 888 preincticium
1338 808 1436 889 ipsius

187 910 377 988 communie,
404 928 424 974 a
447 909 542 974 modo
565 909 592 974 si
615 909 812 974 inueniretur
834 909 948 989 aliquia
970 909 1001 973 in
1025 911 1081 974 tati
1105 909 1241 988 crimine,
1278 910 1371 976 cadat
1404 911 1436 974 in

187 1030 307 1094 penam
329 1031 558 1096 yperperorum
583 1013 691 1080 decem
714 1019 747 1079 et
768 1015 884 1094 perdat
907 1013 1043 1094 capitale
1066 1014 1166 1094 ipsine
1188 1015 1308 1080 cedula.

236 1117 318 1182 Item
341 1117 374 1181 in
398 1117 510 1184 codem
533 1117 662 1182 consilio
686 1135 744 1198 per
766 1115 906 1182 bellotae
928 1117 1157 1197 quinquaginta
1172 1117 1260 1196 duaa,
1276 1137 1339 1184 non
1363 1137 1435 1184 cou-

188 1221 401 1288 treriantibus
423 1221 568 1286 undecim
593 1222 624 1285 in
659 1221 859 1297 eontrarium,
884 1239 1068 1286 concessum
1092 1219 1151 1284 fuit
1174 1223 1300 1289 domino
1329 1225 1435 1289 comiti

189 1331 302 1390 nostro
326 1323 452 1390 domino
475 1325 658 1403 Paneraeio‚
692 1331 725 1388 vt
749 1325 816 1406 ipse
839 1325 939 1404 possit
961 1343 1066 1390 emere
1090 1343 1148 1406 pro
1172 1345 1227 1390 vsu
1250 1327 1362 1392 (lomus
1378 1347 1435 1394 sue

188 1429 283 1508 duaa,
308 1429 360 1493 uel
383 1435 450 1494 tree
473 1447 584 1493 seruas
608 1429 770 1509 patariuaa
786 1429 826 1492 de
849 1428 963 1506 Beana,
989 1435 1021 1494 et
1046 1429 1151 1494 tacere
1174 1429 1242 1494 fieri
1266 1437 1370 1495 cartae
1395 1432 1434 1496 de

188 1533 239 1598 eis
261 1532 385 1614 etheo,
410 1533 485 1612 quia
507 1531 606 1596 habet
628 1551 702 1596 auae
725 1549 817 1596 aenea
842 1538 874 1594 et.
897 1533 1034 1598 inutiles.

273 1693 339 1736 GAP.
365 1695 425 1737 0111·
448 1696 489 1735 DE
513 1696 636 1736 GROSSIS
660 1695 701 1734 DE
723 1693 872 1751 SOUTARO,
897 1695 1049 1746 QUAN'I'UM
1073 1697 1198 1738 UALERE
1221 1697 1353 1738 bunnar.

235 1792 317 1858 Item
342 1793 427 1872 quod
451 1793 554 1872 grossi
579 1791 702 1856 Scutari
728 1810 797 1856 cum
822 1791 939 1856 Sancto
959 1793 1067 1857 Marco
1091 1797 1219 1858 currant
1241 1795 1272 1858 iu
1297 1793 1435 1876 Carpuia

188 1915 251 1978 per
273 1896 415 1976 paruulis
439 1916 506 1960 xxx.
531 1915 588 1976 pro
612 1896 754 1976 quolibet
778 1901 810 1960 et
832 1896 934 1974 pronai
958 1895 1056 1974 bealae,
1092 1899 1143 1962 nel
1168 1898 1257 1962 reich
1282 1899 1355 1964 boni
1376 1920 1434 1982 per

189 1999 335 2082 paruulis
358 2001 429 2064 xxiv
452 2019 510 2080 pro
532 1997 676 2080 quolibet
699 2007 732 2062 et
755 2018 845 2062 nenio
871 2001 971 2080 pioeait
995 1998 1135 2064 refutare
1159 2019 1214 2064 eoa
1237 2021 1319 2082 pena
1341 2023 1432 2084 yper·-

189 2123 340 2186 perorum
370 2105 514 2168 duorum.
550 2103 586 2167 Io
619 2103 739 2167 Christi
771 2105 896 2168 nomine
925 2103 1092 2166 Mitieairno
1123 2105 1433 2185 ‹puadringentesimo

189 2207 346 2289 trigesimo
377 2213 492 2290 quarto
517 2207 567 2270 ‹tie
591 2205 755 2272 undecimo
778 2207 893 2270 nrerrsis
919 2206 1001 2288 blaij.
1034 2207 1237 2272 Pinariaiones
1269 2207 1352 2274 facta
1376 2230 1434 2292 per

189 2312 357 2376 consilium
391 2331 493 2392 nuper
528 2311 664 2375 eiectum
696 2327 754 2390 pro
783 2309 984 2374 detraccione
1015 2317 1048 2374 et
1079 2311 1291 2376 ‹iesaicacioue
1326 2313 1432 2396 salarij

190 2416 311 2482 domiui
336 2413 476 2481 Comitis.

406 2577 474 2618 GAP·
499 2577 570 2618 oon.
595 2577 636 2618 DE
659 2576 852 2618 Ubinm‘rronre
876 2577 943 2618 UINI
966 2577 1008 2616 AD
1033 2576 1214 2618 renuam.

235 2677 352 2756 Primo,
376 2675 460 2756 quod
484 2693 641 2759 mensura,
678 2693 734 2740 seu
759 2675 850 2740 bucin
873 2676 936 2739 nini
960 2677 1162 2740 tabernarum
1184 2676 1380 2741 'diminuatur
1401 2678 1433 2742 in

193 2786 327 2861 tantum,
351 2780 435 2861 quod
458 2780 489 2842 in
514 2778 656 2860 quolibet
678 2779 783 2843 modio
807 2779 926 2842 intrent
950 2779 1011 2842 (lue
1034 2779 1127 2842 bucie
1146 2779 1217 2859 plus
1235 2779 1274 2845 de
1291 2787 1433 2862 tempore

191 2885 364 2966 preterito3
400 2883 563 2961 uidelicet,
599 2884 650 2948 ubi
675 2883 776 2964 primo
800 2883 962 2946 intrabant
984 2883 1015 2946 in
1039 2883 1180 2962 quotibet
1214 2885 1319 2950 modio
1343 2885 1434 2952 bucie

190 2989 322 3068 triginta
344 2989 417 3065 due,
442 2987 481 3051 de
505 2994 612 3053 cetero
634 2988 758 3051 intrent
780 2986 910 3067 triginta
934 2993 1078 3067 quotuor,
1104 3005 1164 3066 qne
1190 2987 1251 3051 clue
1274 2987 1433 3068 superflue

192 3092 366 3156 deueuiant
388 3091 420 3155 in
443 3109 607 3156 commune
630 3097 662 3156 et
685 3091 885 3154 tabernarius
919 3097 1067 3156 teneatur
1089 3091 1130 3154 de
1152 3091 1230 3171 ipsis
1262 3093 1433 3157 ostendere

191 3195 350 3260 racionem
373 3195 548 3273 communi,
572 3201 629 3259 aut
650 3193 788 3258 exactori
812 3181 928 3274 prefati
952 3193 1032 3273 dacij
1049 3211 1131 3274 pena
1148 3195 1291 3260 soluendi
1308 3195 1347 3260 de
1367 3197 1434 3260 suis

192 3299 331 3380 proprijs
355 3297 446 3363 bonis
477 3299 564 3379 ipsas
588 3297 669 3361 duaa
692 3297 802 3360 bucias
825 3303 855 3360 et
880 3296 963 3360 vltra
986 3295 1044 3361 boc
1066 3315 1247 3377 ·yporperos
1272 3297 1379 3362 decem
1402 3309 1435 3363 et

193 3421 255 3469 non
289 3403 392 3484 possit
424 3403 520 3468 uendi
557 3401 662 3466 uinum
687 3401 728 3466 ad
750 3400 915 3465 tabernam
947 3417 1006 3480 per
1028 3404 1127 3465 totam
1153 3399 1338 3480 Coroniam,
1374 3401 1434 3466 nisi

193 3512 308 3588 uocato
339 3505 489 3584 daciario,
525 3511 582 3570 aut
604 3506 657 3585 qui
682 3507 743 3569 crit
770 3505 838 3568 loro
862 3506 1034 3568 communis
1059 3509 1092 3570 et
1114 3505 1231 3585 ipsine,
1269 3505 1327 3569 sub
1351 3523 1434 3586 pena
1523 3523 1540 3544 ⁴·

190 3609 344 3692 predicta,
368 3609 394 3674 si
417 3610 462 3674 ibi
484 3615 578 3675 emunt
600 3615 633 3675 et
656 3614 807 3690 poterunt
829 3607 972 3688 reperiri,
996 3613 1030 3671 et
1050 3608 1076 3672 si
1100 3625 1172 3686 non,
1204 3607 1331 3689 quando
1354 3609 1433 3691 apii-

191 3715 316 3779 euerint
336 3713 389 3779 ibi.
412 3711 531 3776 Verum
555 3713 581 3778 si
605 3709 720 3793 aliquis
743 3713 875 3776 haberet
898 3711 1034 3790 aliquam
1059 3710 1182 3775 buciam
1205 3711 1271 3776 uini
1295 3729 1352 3792 pro
1377 3731 1433 3777 vau

192 3818 306 3884 domus
331 3835 388 3882 sue
410 3821 444 3882 et
466 3817 505 3882 de
528 3817 599 3897 ipsa
622 3817 688 3880 suis
711 3815 819 3880 amicis
836 3821 870 3880 et
885 3815 1118 3880 laboratoribus
1137 3815 1237 3879 uellet
1255 3817 1434 3882 consentire

192 3921 232 3986 ad
251 3917 375 3999 bucias,
399 3920 553 3986 eoiuendo
570 3905 728 4001 prefatum
745 3919 878 3998 dacium,
903 3919 1002 4000 possit
1017 3918 1077 3982 hoe
1095 3917 1209 3982 fecere.
1233 3919 1277 3982 Et
1292 3918 1436 3984 similiter

191 4043 249 4106 pro
273 4042 332 4088 vsu
364 4022 476 4089 domus
500 4043 557 4088 sue
581 4026 620 4090 de
643 4025 736 4089 bueia
765 4023 872 4105 posita
895 4023 936 4087 ad
960 4024 1123 4088 tabernam
1157 4023 1258 4103 possit
1292 4023 1435 4104 accipere

191 4133 336 4210 quartam
359 4146 452 4192 ruam
479 4129 547 4193 eine
570 4127 677 4204 daci03
706 4145 832 4208 semper
855 4125 888 4190 in
911 4127 1071 4209 premissis
1102 4127 1245 4192 necando
1275 4125 1435 4207 prefatum

192 4231 374 4309 dacianum,
409 4237 464 4296 aut
486 4231 556 4296 loco
579 4231 771 4308 communis3
806 4230 921 4296 etheo
950 4230 1057 4294 emnia
1079 4235 1249 4294 seruentur
1271 4229 1330 4294 sub
1353 4247 1437 4308 pena

191 4337 345 4421 predicta,
381 4355 443 4418 que
467 4335 630 4400 diuidatur
651 4335 735 4400 iuter
767 4337 939 4399 eommune'
955 4339 988 4398 et
1009 4333 1167 4414 prefatum
1192 4332 1376 4410 dacianum,
1410 4331 1436 4395 si

192 4446 358 4507 accusator
381 4457 442 4505 non
466 4437 570 4504 suerit.
602 4438 645 4504 Et
668 4440 694 4502 ai
717 4445 883 4503 accusator
905 4437 1010 4518 tuterit,
1035 4457 1092 4518 per
1116 4436 1248 4502 tercium
1273 4435 1435 4516 cumipse

192 4550 389 4611 accusatore.
415 4543 508 4620 Quod
530 4543 654 4608 dacium
679 4543 812 4606 duarum
836 4543 998 4606 buciacum
1022 4539 1179 4604 uendatur
1203 4539 1287 4604 omni
1303 4557 1384 4603 auno
1401 4543 1434 4602 et

191 4649 326 4732 pecunia
348 4646 449 4728 ipsius
472 4647 518 4712 ire
541 4647 658 4711 debeat
680 4647 711 4709 in
734 4646 804 4727 ipso
828 4645 945 4710 salario
969 4645 1082 4726 prefati
1117 4643 1233 4707 donnini
1256 4641 1378 4705 comitis
1401 4647 1435 4706 et

191 4753 287 4819 aliter
308 4767 383 4818 non.
408 4749 543 4834 Captum
566 4767 625 4832 per
647 4768 756 4816 omues
780 4749 918 4830 exceptis
941 4747 1064 4813 duobus
1088 4745 1318 4812 deficientibus.
