3396 5402
1301 46 1326 193 l

1294 449 1308 486 b

487 685 553 731 oar.
579 685 693 730 oxum.
718 688 761 730 na
783 687 899 732 onoma
922 689 1192 732 rnsruuuroaou
1214 664 1405 732 sarruniaco.1
1430 671 1433 678 ’

369 803 455 903 item
485 815 612 887 captum
645 803 707 870 luit
730 807 762 870 in
784 806 895 872 eodem
926 805 1095 873 Millesimo
1118 811 1152 872 et
1173 806 1363 884 Indictione,
1397 805 1450 872 die
1483 821 1562 870 vero

327 909 447 976 decima
468 912 564 976 tertia
585 911 702 978 mensis
725 911 871 979 Octobris
900 911 932 976 in
965 912 1104 992 consilio,
1137 919 1170 978 vt
1192 912 1288 980 moris
1311 915 1377 991 est,
1412 928 1470 992 per
1492 909 1562 974 bal-

326 1014 409 1081 lotas
431 1013 463 1098 li,
486 1034 550 1082 non
583 1016 782 1083 obstantibus
815 1015 940 1082 ballotis
974 1022 1109 1099 quatuor
1130 1017 1163 1082 in
1186 1017 1377 1084 contrarium
1411 1015 1561 1096 repertis,

327 1119 411 1201 quod
433 1119 538 1188 nullus
561 1123 663 1205 possit
685 1121 789 1188 lacere
811 1127 1035 1188 testamentum
1057 1124 1089 1187 in
1112 1122 1248 1208 scriptis,
1282 1121 1343 1186 nisi
1364 1139 1422 1204 par
1445 1137 1560 1186 manus

324 1223 510 1308 cancellarij,
533 1226 585 1292 vbi
608 1227 811 1294 cancellarius
840 1226 1020 1293 Communis
1044 1246 1078 1294 se
1099 1228 1246 1309 reperiet,
1270 1226 1330 1292 nisi
1344 1224 1442 1292 luerit
1457 1224 1560 1307 scrip-

326 1333 393 1398 tum
415 1349 509 1396 msnu
527 1332 656 1415 propria
669 1333 841 1399 testatoris.
864 1333 908 1400 Et
931 1332 982 1398 vbi
1004 1329 1207 1400 cancellarius
1228 1329 1410 1398 Communis
1424 1331 1562 1412 reperiri

328 1453 390 1501 non
413 1436 531 1518 poterit
553 1443 587 1503 et
610 1437 802 1504 scriberetur
823 1457 918 1504 manu
941 1439 1163 1519 cuiuscumque
1186 1437 1334 1516 alterins,
1369 1455 1433 1502 non
1455 1435 1563 1502 valeat

327 1539 490 1606 silectum
514 1540 708 1624 nominent,
744 1549 912 1626 antequam
934 1544 1038 1624 ipsum
1070 1547 1293 1608 testamentum
1322 1540 1489 1607 claudatur
1519 1540 1563 1605 ad

327 1645 442 1710 claram
475 1647 666 1712 audientiam
702 1649 863 1714 testatoris
886 1654 920 1714 et
941 1653 1076 1730 quotuor
1109 1648 1256 1727 testium,
1290 1647 1346 1740 qui
1367 1647 1469 1712 sciant
1503 1663 1563 1726 per

327 1750 443 1832 optime
467 1751 507 1816 de
529 1753 703 1818 intentione
727 1753 801 1818 dicti
825 1753 987 1819 testatoris
1002 1753 1136 1819 reddere
1152 1752 1366 1818 testimonium
1382 1751 1562 1834 scripturae

326 1854 484 1923 conforme
505 1861 538 1923 et
560 1859 772 1936 concordans3
795 1858 887 1924 aliter
909 1863 1132 1924 testamentum
1155 1858 1196 1924 sit
1218 1857 1348 1923 nullum.

509 2093 574 2134 oar.
599 2091 729 2134 oxuvrn.
753 2093 794 2133 mc
816 2061 972 2135 inuisas
994 2091 1168 2134 uomrronn
1190 2065 1375 2134 aauoauu.²

369 2207 406 2272 ln
429 2206 544 2274 Christi
578 2211 703 2276 nomine
725 2209 834 2275 Amen.
870 2208 960 2275 Anno
995 2209 1178 2276 Natiuitatis
1212 2208 1354 2274 eiusdem
1389 2207 1562 2275 Millesimo

329 2311 637 2394 quadringentesimo
654 2315 807 2396 vigesimo
822 2316 967 2398 septimo,
991 2313 1164 2381 indictione
1181 2314 1290 2396 quinta
1305 2319 1338 2381 et
1354 2313 1406 2380 dic
1422 2313 1564 2380 secunda

284 2423 289 2434 ’
327 2418 443 2482 niensis
466 2415 640 2500 Februarij.
665 2419 702 2482 ln
718 2419 812 2502 pleno
831 2426 864 2484 ot
878 2419 1020 2503 generali
1043 2419 1171 2486 consilio
1195 2419 1333 2486 ciuitatis
1350 2424 1384 2486 ct
1398 2419 1561 2484 hominum

326 2520 447 2586 insulae
464 2520 620 2588 Curznlae
636 2523 676 2588 ad
692 2542 803 2590 sonum
822 2543 1003 2606 campanae,
1028 2542 1165 2606 voceque
1181 2525 1346 2606 praeconis
1361 2543 1450 2591 more
1466 2524 1561 2590 solito

326 2626 358 2689 in
381 2626 513 2692 ecclesia
535 2625 642 2692 Sancti
665 2627 763 2694 Marci
791 2630 976 2712 coadunato,
1005 2630 1037 2695 in
1061 2649 1122 2712 quo
1145 2628 1273 2694 fuerunt
1294 2627 1464 2710 consiliarij
1486 2628 1560 2693 lxiv.

327 2735 452 2812 captum
476 2736 509 2796 et
530 2733 694 2798 obtentum
716 2732 776 2798 fuit
797 2752 854 2815 per
874 2734 1009 2800 ballotas
1024 2733 1064 2798 lv.
1081 2753 1144 2798 non
1161 2733 1359 2800 obstantibus
1374 2733 1502 2799 ballotis
1518 2733 1560 2798 ix.

327 2835 359 2900 in
383 2837 573 2900 contrarium
596 2837 748 2920 repertis,
784 2839 868 2920 quod
891 2839 1022 2920 quilibet
1044 2839 1122 2905 ciuis
1144 2837 1305 2906 habitator
1334 2839 1456 2906 insulae
1480 2837 1562 2903 Cur·

328 2939 417 3005 zulae
440 2945 587 3006 teneatur
609 2951 640 3007 et
660 2943 779 3009 debeat
800 2943 918 3010 habere
940 2944 972 3008 in
996 2945 1088 3011 domo
1111 2963 1169 3010 sun
1192 2945 1233 3010 ad
1255 2943 1388 3012 tutelam
1421 2943 1561 3010 ciuitatis

329 3063 431 3124 arma,
466 3045 613 3112 videlicet
636 3054 758 3114 scutum
781 3067 892 3130 vnum,
929 3050 997 3115 siue
1020 3050 1165 3134 clipeum,
1189 3055 1222 3115 et
1244 3067 1339 3114 vuum
1362 3067 1480 3129 ensem,
1504 3055 1563 3114 aut

327 3148 493 3214 balistram
517 3170 609 3216 unam
632 3150 772 3217 fulcitam
796 3153 862 3218 suis
886 3155 1071 3236 necessarijS
1094 3161 1128 3219 et
1150 3153 1260 3236 sagitis
1283 3153 1323 3218 ad
1346 3154 1457 3219 minus.
1483 3153 1561 3232 Qui-

328 3271 461 3335 cumque
484 3274 559 3322 vero
582 3263 704 3323 careret
727 3276 809 3322 nunc
831 3257 880 3323 his
903 3259 1006 3339 armis,
1042 3259 1157 3324 habeat
1178 3259 1346 3324 terminum
1369 3259 1461 3323 unius
1485 3259 1561 3323 anni

326 3377 345 3424 a
368 3358 420 3424 die
442 3362 628 3444 praescripti
648 3363 849 3444 computandi
866 3362 925 3428 sibi
942 3363 1131 3444 procidendi
1146 3367 1180 3429 et
1194 3362 1327 3429 emendi.
1361 3361 1405 3428 Et
1419 3363 1562 3445 regimen

326 3469 473 3530 teneatur
506 3465 630 3531 vinculo
664 3468 832 3534 iuramenti
853 3469 886 3533 in
908 3467 970 3534 fine
1004 3467 1078 3534 dicti
1101 3469 1174 3533 anni
1198 3467 1236 3532 de
1258 3467 1308 3532 his
1326 3468 1422 3533 armis
1454 3467 1562 3536 facere

326 3569 551 3636 discussionem
573 3576 607 3636 et
630 3571 737 3638 videre
770 3578 952 3639 monstram.
988 3571 1031 3638 Et
1054 3573 1190 3655 quilibet
1208 3572 1261 3654 qui
1283 3577 1429 3654 repertus
1463 3571 1562 3639 luerit

328 3689 390 3739 non
413 3673 539 3754 habere,
562 3679 597 3740 vt
618 3677 839 3764 praemittitur,
863 3678 1013 3760 puniatur
1035 3678 1143 3744 statim
1165 3681 1199 3742 et
1220 3677 1260 3743 dc
1281 3675 1365 3743 facto
1381 3677 1561 3760 peripsum

326 3778 467 3860 regimen
489 3780 522 3845 in
544 3781 706 3862 yperperis
728 3801 756 3845 x.
781 3783 821 3848 de
844 3783 957 3864 qniibus
980 3787 1126 3848 emantur
1145 3801 1233 3848 arma
1258 3783 1375 3864 inipso
1394 3779 1562 3848 Communi

326 3883 367 3948 ad
388 3883 619 3965 prouidentiam
641 3887 803 3968 regiminis
825 3889 1006 3954 necessaria
1025 3893 1058 3954 et
1072 3887 1199 3953 utiliora
1220 3887 1281 3969 ipsi
1305 3885 1480 3954 Communi.
1516 3887 1563 3953 Et

326 3987 488 4072 Regimen,
513 3989 597 4070 quod
620 4009 677 4072 pro
700 3999 844 4075 tempore
866 3991 962 4058 luerit
984 3994 1016 4057 in
1039 3997 1200 4075 posterum
1223 3995 1372 4058 teneatur
1387 3991 1471 4059 dicto
1492 3992 1561 4057 vin·

326 4092 396 4158 culo
420 4093 459 4158 de
482 4112 536 4160 sex
556 4095 718 4162 mensibus
733 4095 766 4160 in
782 4114 836 4162 sex
850 4113 974 4162 mensos
990 4096 1073 4162 circa
1097 4094 1191 4162 finem
1214 4095 1381 4162 cuiuslibet
1401 4096 1562 4162 indicatus

326 4197 366 4263 de
389 4197 560 4279 praedictis
594 4199 700 4268 facere
731 4200 959 4266 discussionem
983 4207 1016 4267 et
1035 4201 1143 4268 videre
1165 4205 1358 4288 monstram,
1392 4205 1426 4267 vt
1449 4219 1564 4283 supra,
1695 4209 1696 4228 ¹

325 4305 360 4368 et
381 4308 526 4402 repertos
548 4304 756 4388 negligentes,
780 4311 815 4372 vt
836 4325 934 4387 supra
955 4307 1078 4389 punire.

373 4495 383 4530 1
400 4499 442 4559 of.
459 4515 545 4574 supra
560 4515 636 4574 cap.
653 4495 757 4559 xcvi.
775 4501 934 4562 statuti.
951 4502 1047 4572 outae
1063 4503 1240 4581 usamenta,
1256 4502 1483 4578 adpropians
1495 4519 1564 4562 con-
1694 4471 1696 4490 ¹

327 4585 427 4655 denda,
444 4587 480 4646 cl.
497 4585 572 4646 infra
587 4603 661 4661 cap.
680 4586 775 4651 CXCI.
792 4586 947 4649 Reform.
1694 4589 1696 4610 '

373 4671 387 4708 ⁹
402 4673 573 4733 Reformatio
587 4676 657 4734 haec
673 4675 717 4733 bis
733 4676 885 4751 registrata
900 4693 960 4735 esse
975 4677 1095 4758 uidetur,
1114 4679 1143 4737 at
1154 4677 1267 4752 quidem
1279 4677 1332 4737 sub
1343 4694 1405 4752 cap.
1418 4681 1555 4752 praesent

327 4761 413 4834 alque
428 4777 503 4837 cap.
520 4760 699 4824 CLXXXIX.
716 4762 870 4824 Reform.
887 4763 1004 4824 interius
1015 4766 1114 4839 ¹citato.

1694 4929 1696 4988 l
