3376 5392
496 717 527 756 x.
544 715 677 758 1111666
698 715 829 758 nnoms
851 701 924 770 111,

92 793 120 850 in
138 810 193 865 qua
212 794 245 849 16
264 795 437 852 concessione
455 795 614 850 extrahendi
633 795 665 850 de
684 795 783 864 Segnia
795 800 823 850 et
835 793 960 848 Flumine
977 791 1086 864 badilia,
1106 792 1207 863 clauos,
1227 799 1253 848 et
1274 793 1327 848 alia

411 881 575 938 ferramenta
592 899 642 953 pro
660 899 711 936 usu
729 881 780 937 loci
800 888 826 935 et
844 897 898 938 non
916 881 1004 936 aliter.

135 993 326 1063 Franciecas
350 995 489 1080 Foecori,
512 996 574 1062 Dei
592 999 699 1082 pretio
722 998 787 1062 dua
815 995 1012 1062 Venetioram
1034 1005 1086 1063 eto.

133 1110 303 1176 Nobilibus
326 1117 359 1177 61
381 1112 576 1194 sapientibus
598 1112 673 1178 viris
696 1111 813 1194 Mapho
837 1111 1018 1179 Fusoareno
1043 1113 1082 1178 16
1097 1132 1154 1180 suo
1177 1114 1325 1182 mandato

92 1215 198 1281 comiti
223 1213 435 1284 0611116661
458 1218 694 1284 successoribus
717 1218 781 1284 suis
804 1215 949 1282 fidelibus
981 1218 1103 1284 dilectis
1134 1219 1268 1287 salutem
1291 1225 1324 1286 et

92 1319 272 1387 dilectionis
294 1317 452 1386 affectum.

133 1425 316 1508 Ρ1666116
347 1423 485 1491 fidelium
515 1430 692 1492 nostrorum
724 1423 878 1492 Carsulae
908 1427 997 1492 nobis
1025 1429 1234 1510 supplicatum
1265 1437 1322 1510 est,

91 1538 126 1597 ut
147 1550 206 1613 pro
230 1549 291 1596 usu
312 1531 410 1612 ipsius
433 1531 493 1596 loci
517 1536 551 1597 et
573 1531 734 1596 districtus
756 1532 879 1614 possint
901 1532 1068 1598 extrahere
1088 1533 1128 1600 de
1152 1533 1268 1618 Segnia
1290 1541 1323 1602 et

92 1635 238 1700 Flumine
261 1635 386 1716 baltha
418 1635 532 1718 clauos,
562 1635 704 1702 uomeria
726 1641 760 1701 61
782 1635 843 1702 6116
874 1635 987 1702 similia
1015 1635 1214 1718 ferramenta,
1245 1640 1325 1707 sicut

92 1740 196 1807 lacere
229 1747 461 1806 consueueruut
485 1759 543 1822 per
576 1741 734 1822 elapsum3
774 1741 857 1806 unde
890 1741 1032 1808 uolentes
1066 1743 1324 1825 suphcationibus

92 1865 202 1912 eorum
228 1863 370 1910 annuere
392 1863 462 1910 cum
478 1846 593 1911 nostris
610 1846 747 1928 consilijs
763 1846 956 1927 Rogatorum
973 1852 1005 1913 et
1020 1847 1189 1916 additionis
1205 1850 1324 1916 eisdem

94 1950 211 2017 nostris
235 1948 382 2016 fidehhus
405 1951 624 2030 concessimus,
648 1949 731 2032 quod
754 1951 886 2034 singulis
909 1952 998 2018 anuis
1015 1952 1055 2018 16
1071 1951 1186 2036 Segnia
1202 1963 1234 2021 et
1248 1956 1322 2020 Flu·

94 2055 174 2122 mine
195 2055 320 2138 possint
343 2055 507 2122 extrahere
531 2054 648 2122 ferrum
671 2060 705 2122 61
728 2056 887 2122 laboreria
908 2054 1322 2140 1611161616111661661661

92 2165 122 2227 61
151 2159 317 2226 districtus
344 2178 413 2224 oum
444 2161 503 2225 hac
529 2161 706 2226 conditione
737 2166 769 2226 61
798 2159 907 2240 forma
936 2161 1021 2242 quod
1048 2164 1173 2243 quando
1206 2164 1320 2247 aliquis

91 2271 176 2348 petet
199 2264 291 2330 vobis
322 2265 570 2331 contralitteram
601 2265 792 2331 conducendi
824 2265 863 2331 16
895 2264 1011 2347 Segnia
1041 2273 1076 2332 et
1098 2269 1240 2336 Flumine
1262 2269 1320 2336 ier-

90 2389 167 2455 rum,
192 2368 246 2434 uel
269 2369 331 2436 alia
354 2369 512 2436 laboreria
533 2368 609 2436 ferri
632 2389 689 2452 pro
712 2389 770 2436 usu
793 2369 890 2451 ipsius
915 2370 974 2436 loci
991 2377 1023 2437 et
1039 2371 1210 2452 districtus,
1234 2375 1275 2440 sit
1290 2377 1321 2438 in

91 2475 238 2542 libertate
262 2480 379 2557 166116,
403 2475 527 2557 cognita
550 2475 736 2556 quantitate,
757 2493 850 2555 quam
874 2475 1005 2557 quisque
1029 2478 1321 2559 66161661166616,

90 2587 225 2662 atquae
249 2599 308 2662 pro
331 2599 390 2646 usu
419 2580 518 2661 ipsius
541 2579 600 2645 loci
623 2585 656 2645 61
679 2579 840 2644 districtus
871 2579 966 2646 fuerit
996 2583 1182 2662 necessaria,
1215 2589 1323 2650 taxare

91 2691 122 2752 et
143 2685 293 2754 ordinare
315 2685 399 2750 illam
422 2686 639 2767 quantitatem,
671 2703 751 2765 quae
773 2683 870 2750 fuerit
898 2685 1086 2751 6666666116.
1123 2685 1186 2754 Sed
1207 2688 1322 2754 bonam

89 2796 120 2856 et
150 2791 335 2872 diligentem
366 2789 594 2857 aduertentiam
624 2789 766 2855 habeatis
794 2789 826 2853 in
854 2787 996 2856 faciendo
1031 2809 1101 2856 eam
1130 2793 1319 2860 taxationem

92 2914 129 2960 ne
152 2894 197 2962 eis
221 2893 415 2960 concedatur
438 2893 521 2959 ultra
543 2893 631 2978 illud,
659 2894 742 2975 quod
765 2892 862 2960 luerit
887 2895 1109 2976 necessarium,
1140 2903 1174 2962 et
1195 2897 1322 2978 insuper

89 2999 201 3066 bonam
224 2999 455 3066 aduertentiam
472 2998 623 3078 habeatis
649 3017 706 3065 nec
721 2997 784 3064 ullo
800 2999 893 3064 modo
910 2999 1002 3064 alicui
1021 3001 1211 3080 concedatis,
1237 3003 1321 3084 quod

91 3104 186 3170 maior
217 3105 379 3186 quantitas
409 3103 604 3170 conducatur
633 3103 671 3168 ad
695 3104 797 3186 ipsum
827 3103 927 3169 locum
952 3110 985 3169 et
1011 3105 1197 3186 districtum,
1227 3125 1321 3188 quam

90 3209 129 3274 sit
149 3210 329 3276 necessaria
351 3209 422 3274 usui
444 3207 543 3290 ipsius
572 3208 632 3274 loci
656 3214 688 3273 et
710 3208 887 3286 districtus3
919 3227 991 3274 nam
1014 3212 1040 3274 si
1063 3229 1201 3293 unquam
1224 3210 1320 3278 fuerit

91 3319 257 3396 repertum,
290 3315 373 3397 quod
402 3313 501 3380 maior
529 3313 570 3379 sit
599 3313 760 3396 conducta,
791 3317 846 3378 aut
868 3314 952 3394 quod
979 3313 1034 3380 illa
1058 3317 1215 3396 quantitas
1242 3334 1314 3382 eou-v

95 3418 185 3485 ducta
215 3438 273 3501 611
304 3438 362 3484 usu
388 3418 487 3500 ipsius
517 3417 579 3483 loci
602 3425 635 3483 et
658 3417 820 3484 districtus
844 3437 913 3484 cum
940 3419 1068 3485 licentia
1100 3426 1202 3487 166116
1232 3440 1322 3503 prae-

94 3523 181 3602 dicta,
210 3522 308 3590 luerit
337 3523 489 3606 aprohata
511 3542 568 3605 pro
584 3522 660 3588 locis
675 3521 836 3588 Marchiae
859 3529 892 3588 et
913 3521 1054 3609 Apuliae,
1080 3525 1162 3592 ultra
1185 3527 1323 3592 amissio·
1399 3549 1406 3565 2

92 3645 160 3694 nem
176 3647 293 3708 rerum,
309 3645 390 3710 quae
413 3627 589 3695 habeantur
610 3647 667 3710 pro
690 3629 913 3703 contrabanno,
936 3629 1014 3696 haec
1036 3633 1140 3712 gratia
1164 3631 1322 3712 6111111116,

93 3750 147 3798 neo
176 3733 278 3815 possit
298 3732 374 3814 ipsis
394 3732 503 3799 similis
526 3732 652 3799 licentia
674 3733 807 3814 amplius
829 3734 974 3814 concedi3
1005 3735 1093 3802 saluo
1106 3736 1202 3818 611661
1215 3734 1323 3804 fideles

93 3837 186 3902 nostri
209 3837 463 3904 demonstrarent
492 3835 778 3917 contrafacientem,
809 3839 883 3920 quia
912 3857 950 3904 eo
973 3842 1165 3921 6661111111,
1194 3843 1244 3908 uel
1267 3845 1320 3924 qui

93 3941 329 4008 contralecisset
351 3949 384 4008 et
406 3959 467 4008 uon
491 3942 579 4028 alios,
604 3943 760 4024 priuatum
784 3961 854 4010 esse
878 3943 1022 4012 uolumus
1044 3947 1203 4028 praesenti
1218 3948 1321 4028 gratia

94 4049 124 4110 et
143 4046 282 4112 habeant
304 4051 503 4114 accusatores
525 4047 653 4114 tertium
675 4048 813 4130 ipsarum
828 4068 942 4134 rerum,
967 4069 1048 4132 quae
1065 4052 1110 4118 sic
1125 4051 1322 4135 reperientur

94 4152 262 4218 conductae
292 4159 403 4218 contra
432 4158 633 4236 praesentem
663 4154 897 4236 concessionem
919 4153 960 4221 ‘et
991 4156 1077 4223 aliud
1108 4157 1236 4223 tertium
1266 4176 1322 4224 vos

93 4263 190 4323 rector
213 4263 246 4322 et
269 4256 354 4323 aliud
376 4257 503 4324 tertium
528 4257 570 4324 sit
591 4259 690 4325 nostri
712 4260 893 4326 communis.
919 4260 1036 4328 Verum
1060 4263 1150 4329 uobis
1172 4279 1322 4344 expresse

94 4362 282 4447 mandamus,
312 4369 348 4427 ut
377 4361 462 4428 illam
486 4363 687 4448 taxationem,
712 4383 805 4446 quam
821 4364 959 4432 feceritis
976 4367 1016 4433 de
1031 4367 1208 4434 huiusmodi
1223 4365 1323 4432 11116-

77 4467 201 4532 mentis
225 4467 434 4534 conducendis
457 4469 496 4534 16
520 4465 635 4550 Segnia
657 4476 690 4534 61
712 4469 856 4536 Flumine
880 4489 937 4554 pro
968 4473 1037 4554 ipso
1068 4473 1135 4540 loco
1169 4471 1323 4537 Curzulae

96 4576 126 4634 61
146 4571 306 4638 districtus
337 4573 469 4655 singulis
493 4575 582 4640 annis
605 4575 695 4642 nobis
719 4576 865 4644 1161111616
888 4579 1041 4665 scribatis,
1069 4585 1104 4644 ut
1127 4579 1206 4644 bene
1228 4575 1321 4643 intel-

95 4673 229 4757 hgamus,
253 4679 280 4744 si
302 4677 389 4743 illam
412 4683 497 4746 recte
520 4677 658 4748 feceritis
687 4687 720 4748 et
749 4702 788 4748 ex
817 4684 872 4750 tali
903 4689 1010 4752 166116
1038 4685 1195 4752 taxatione
1218 4682 1320 4766 decipi

96 4796 153 4846 non
174 4800 338 4864 posumus.

1548 4763 1648 4844 A

1522 4845 1552 4919 ,1
