3434 5368
1319 403 1367 472 XI

136 621 258 694 torum,
280 631 339 696 per
361 621 525 680 extensum
546 633 642 680 manu
663 613 749 680 clara
769 619 806 680 at
828 616 906 680 sotis
930 615 1102 696 composite
1124 615 1224 680 literis
1246 613 1369 695 magnis

137 719 283 801 scriptus.
305 719 429 784 Folium
451 720 586 802 primum
610 727 705 802 atque
728 719 900 785 secundum
922 721 1092 802 praecipue
1123 723 1245 804 magnis
1269 719 1370 786 literis

139 823 260 905 scripta
282 830 364 902 suut,
387 823 433 888 ita
455 823 582 904 quidem
597 827 633 888 ut
648 823 827 906 quindecim
843 824 905 888 iam
920 825 1064 889 versibus
1081 824 1225 906 singulae
1239 825 1375 906 paginae

135 929 363 1010 compleantur.
400 929 521 1011 Pagina
552 931 653 1010 prima
684 929 772 994 tertii
802 927 869 994 folii
899 928 1072 994 minoribus
1103 933 1164 994 iam
1195 929 1295 995 litan's
1321 935 1374 996 est

136 1035 263 1117 scripta,
288 1032 372 1114 quod
395 1032 469 1098 inde
498 1033 633 1114 perspici
665 1038 786 1115 potest,
817 1034 900 1116 quod
932 1038 970 1098 21
1004 1052 1130 1098 versum
1154 1035 1304 1100 oontInet.
1337 1034 1374 1098 In

137 1139 254 1203 ceteris
277 1136 393 1202 codicis
415 1135 539 1218 paginis
562 1154 712 1202 versuum
736 1157 888 1204 numeros
911 1139 994 1204 inter
1018 1140 1144 1204 20-23
1168 1139 1278 1204 variat.

180 1241 406 1323 Inscriptiones
436 1241 629 1324 singulorum
662 1243 798 1323 capitum
823 1244 929 1320 rubro,
954 1243 1080 1324 saepius
1104 1243 1243 1309 dilutiori
1267 1244 1372 1312 colore

138 1355 212 1414 sunt
234 1347 355 1429 pictae;
378 1345 491 1412 eodem
513 1345 606 1411 modo
629 1365 762 1426 magnae
786 1347 890 1431 etlam,
915 1365 971 1428 per
994 1347 1073 1414 duos
1097 1347 1146 1412 vel
1170 1353 1235 1413 tres
1261 1368 1370 1415 versus

137 1461 242 1518 tortus
266 1470 301 1516 se
316 1451 523 1516 extendentes
540 1449 677 1531 capitum
700 1451 810 1516 literae
831 1451 974 1525 miticies,
999 1471 1080 1534 quae
1095 1453 1254 1520 interdum
1270 1455 1368 1520 etiam

138 1561 214 1624 satis
237 1557 370 1640 pulchre
393 1567 467 1622 sunt
490 1561 671 1622 exornatae.
695 1556 826 1622 Numeri
857 1556 1052 1636 siugulorum
1081 1561 1218 1640 capitum
1249 1560 1280 1622 in
1312 1557 1374 1625 fine

139 1663 354 1744 inscriptionis
378 1669 453 1726 sunt
475 1661 621 1742 appositi,
646 1663 772 1742 saepius
803 1668 922 1740 autem,
949 1679 1044 1744 quum
1073 1661 1235 1743 inscriptio
1265 1670 1367 1730 totum

139 1787 264 1834 versum
288 1765 402 1848 explet,
428 1765 552 1831 desunt.
577 1765 613 1830 In
636 1766 739 1846 capite
762 1765 872 1832 CXIV.
905 1773 938 1832 et
967 1785 1055 1848 seqq.
1084 1769 1242 1832 recentior
1264 1787 1374 1833 manus

137 1891 285 1938 numeros
309 1872 413 1936 minus
436 1877 582 1935 accurate
604 1872 788 1950 appossuit3
813 1871 1064 1954 capitadenique
1081 1870 1179 1937 LVII.
1197 1879 1230 1938 et
1252 1873 1371 1938 LVIII.

139 1995 199 2042 uno
223 1976 397 2057 eodemque
419 1993 549 2040 numero
573 1973 661 2039 LVII
685 1975 809 2057 signata
824 1982 906 2056 suot,
930 1976 975 2040 ita
991 1983 1027 2040 ut
1042 1977 1217 2042 numeratio
1234 1978 1372 2059 capitum

139 2083 337 2163 sequentinm
360 2099 422 2144 uno
447 2098 578 2145 numero
601 2099 621 2144 a
643 2099 717 2144 vero
742 2080 945 2162 legitimoque
966 2083 1103 2160 capitum
1119 2100 1250 2147 numero
1266 2083 1373 2148 distet.

182 2183 350 2250 Nonnullis
372 2184 404 2249 in
427 2183 505 2249 locis
527 2184 644 2250 codicis
667 2184 873 2267 manuscripti
895 2203 1026 2252 rasurae
1049 2186 1259 2267 reperiuntur,
1282 2167 1374 2268 prae·

140 2291 230 2372 cipue
252 2287 284 2352 iu
308 2287 573 2370 inscriptionibus,
599 2306 681 2371 quae
705 2288 832 2368 quidem
854 2307 984 2354 rasurae
1002 2288 1071 2370 ipsa
1087 2288 1202 2354 codicis
1215 2291 1377 2371 scriptoris
1453 2279 1458 2294 '

139 2391 354 2460 manufactae
370 2401 466 2474 atque
484 2393 587 2457 denuo
604 2393 837 2474 superscriptae
855 2397 937 2458 sunt.
961 2393 1122 2460 Interdum
1141 2393 1235 2458 etiam
1251 2393 1376 2474 singula

141 2499 237 2564 verba
258 2497 376 2562 omissa
398 2499 566 2564 recentiori
591 2517 683 2562 marm
706 2497 814 2562 addita
836 2504 919 2562 sunt.

182 2601 345 2668 Scribendi
369 2602 451 2667 ratio
474 2602 544 2684 ipsa
566 2601 625 2667 sibi
648 2621 710 2667 non
733 2607 865 2678 constat,
892 2601 1002 2666 eadem
1026 2601 1107 2666 enim
1131 2602 1373 2668 verbadiversIs

140 2708 217 2776 locis
240 2705 374 2772 diversis
398 2705 499 2771 modis
521 2705 606 2771 haud
628 2725 701 2773 raro
714 2706 912 2785 scribuntur3
937 2705 1088 2770 nonnulla
1111 2723 1236 2788 quoque
1252 2707 1372 2772 librarii

140 2811 255 2880 menda
277 2815 432 2894 exstant.¹

184 2955 226 2964 -
249 2917 343 2982 Hunc
365 2917 462 2998 igitur·
486 2917 625 2982 tudinem
649 2917 852 2998 praecipuum
875 2914 1261 2994 fundamentumeditioni
1276 2921 1375 2982 statu·

144 3029 246 3088 torum
270 3041 308 3088 ac
330 3022 435 3105 legum
459 3020 698 3086 Curzulensium
723 3019 891 3102 supposui,
921 3020 967 3086 ita
998 3020 1124 3102 quidem
1155 3025 1191 3084 ut
1213 3021 1372 3103 propriam

142 3127 299 3194 scribendi
324 3127 478 3192 rati0nem
501 3144 594 3206 quam
618 3125 855 3190 accuradssime
875 3125 1046 3208 amplexus,
1071 3125 1376 3207 perspicua'tantum

141 3233 233 3297 modo
264 3231 381 3295 menda
412 3229 644 3296 emendaverim
675 3235 707 3296 et
735 3229 885 3295 lectiones
921 3236 987 3294 tum
1022 3229 1147 3294 denium
1181 3231 1378 3308 mutaverim,

146 3354 240 3417 quum
264 3354 371 3400 rerum
393 3340 560 3400 contextus
576 3335 643 3398 sine
660 3333 754 3400 dubio
771 3340 937 3414 corruptus
960 3335 1123 3416 apparuit:
1148 3333 1233 3415 quod
1256 3339 1376 3400 utrum-

142 3459 202 3523 que
228 3448 334 3506 tamen
357 3458 484 3521 semper
504 3440 537 3504 in
560 3437 815 3504 adnotationibus
839 3439 987 3503 adrmtavi
1010 3439 1256 3520 lectionemque,
1281 3457 1375 3520 quam

141 3545 238 3612 codex
262 3546 331 3626 ipse
353 3545 495 3626 praebet,
518 3543 628 3610 adieci.
653 3542 805 3620 Quoniam
819 3563 894 3608 vero
918 3542 1047 3608 Statota
1069 3550 1101 3608 et
1124 3542 1377 3608 Reformationes

139 3651 204 3716 iam
228 3649 337 3730 semel,
362 3655 515 3729 utsupra
538 3649 787 3724 commemoravi,
826 3647 968 3712 Venetiis
997 3647 1082 3730 typis
1113 3666 1264 3729 expressa
1294 3653 1376 3731 sunt,

145 3755 260 3820 codinis
287 3751 361 3836 cap.
386 3752 537 3818 lectiones
560 3771 629 3817 cum
654 3753 792 3818 editione
816 3752 955 3828 Veneta,
988 3770 1069 3832 quae
1092 3753 1131 3817 ob
1155 3751 1376 3834 antiquitatem

144 3878 230 3925 suam
256 3865 290 3924 et
312 3857 476 3926 raritatem
511 3857 626 3924 codicis
649 3856 853 3938 manuscripti
877 3856 1095 3921 auctoritatem
1117 3854 1185 3922 fere
1207 3857 1379 3941 adaequat,

144 3981 326 4044 comparare
338 3959 424 4027 haud
439 3979 708 4045 supervacaneum
724 3980 794 4026 esse
811 3961 927 4042 putavi.
953 3959 1043 4038 Quae
1060 3962 1265 4042 comparatio,
1279 3979 1379 4042 quan-

142 4075 208 4134 tum
232 4068 272 4133 ad
295 4067 455 4134 meliorem
478 4071 598 4132 textum
624 4065 853 4132 restituendum
877 4064 1041 4146 profuerit,
1067 4067 1097 4130 in
1121 4065 1376 4131 adnotationibus

140 4173 217 4256 ipsis
241 4172 416 4252 explanavi.

183 4276 230 4343 Ut
252 4275 388 4358 denique
411 4275 527 4341 codicis
551 4276 754 4356 rnnnuscripti
779 4275 879 4357 ipsius
902 4275 1115 4357 proprietatos
1139 4291 1232 4355 quam
1249 4291 1378 4338 accura-

142 4383 265 4448 tissime
289 4398 508 4462 proponerem,
532 4377 627 4444 fidam
651 4379 903 4462 descriptorem,
928 4379 1090 4460 totiusque
1106 4379 1226 4460 primae
1241 4379 1376 4460 paginae

144 4489 247 4570 quarti
272 4485 340 4568 lolii
362 4484 531 4567 imaginem
556 4483 678 4562 addidi3
703 4483 786 4563 quod
811 4503 847 4548 eo
865 4485 965 4565 magis
981 4483 1159 4549 faciendum
1176 4503 1247 4548 esse
1262 4483 1379 4564 putavi,

145 4591 228 4674 quod
252 4595 340 4656 certe
362 4587 438 4654 mihi
461 4589 605 4655 conscIus
628 4607 706 4671 sum,
731 4607 823 4669 quam
847 4587 1015 4654 difficulter
1038 4589 1136 4654 codex
1157 4589 1226 4669 ipse
1252 4587 1378 4668 Inspici-

144 4697 244 4764 audus
267 4698 386 4778 pateat.
