3434 5368
707 686 773 730 cnr.
799 686 853 728 vn.
878 687 919 729 nn
942 662 1162 730 nuruumque*

358 785 439 850 Item
465 785 644 868 statuimus²
669 789 703 848 vt
726 785 915 866 quicumque
937 783 1061 848 furatus
1083 782 1180 850 fuerit
1203 783 1233 848 iu
1250 783 1345 848 niucn
1367 783 1487 849 fructus
1507 783 1567 848 uei

314 888 345 952 in
370 889 490 970 carnpis
514 893 639 968 segetes
663 889 715 952 uel
738 886 915 966 frumenta,
945 889 996 952 uel
1020 889 1147 952 biadum
1172 887 1221 953 nei
1243 887 1419 970 legumina,
1450 888 1503 952 uel
1532 889 1570 951 in

314 992 391 1057 ortis
406 992 494 1056 olera
508 992 561 1056 uel
577 991 709 1070 fructus
735 999 768 1056 ut
784 993 951 1072 probatum
971 991 1068 1058 fuerit
1082 1011 1140 1074 per
1155 1010 1248 1055 vnum
1264 991 1422 1071 ydoneum
1438 996 1563 1057 test-em

315 1115 384 1186 cnm
420 1097 596 1161 iuramento
620 1101 653 1161 et
675 1101 827 1178 patrunus
861 1095 1020 1162 affirmare
1055 1095 1194 1160 uoluerit
1216 1113 1286 1160 cum
1317 1095 1492 1160 iuramento
1521 1095 1568 1158 de

315 1199 494 1280 quantitate
516 1187 602 1277 furti,
626 1206 660 1264 ct
683 1201 767 1281 quod
791 1219 901 1264 uerum
926 1201 976 1278 sit,
1009 1201 1093 1281 qnod
1117 1199 1235 1263 furtum
1252 1199 1369 1264 sactum
1386 1199 1429 1263 sit
1444 1199 1482 1277 ei,
1508 1197 1568 1263 fur

315 1303 465 1367 restituat
486 1295 621 1384 patrono
654 1309 756 1368 tutum
779 1303 897 1368 furtum
922 1311 954 1367 et
976 1305 1098 1377 soluat,
1131 1304 1157 1367 ai
1181 1302 1296 1368 factum
1321 1301 1471 1368 fueritin
1496 1301 1568 1380 dic,

318 1412 455 1486 quatuor
477 1425 635 1488 yperpera
657 1411 691 1470 et
713 1407 739 1471 si
763 1407 794 1470 in
818 1413 920 1485 nocte,
945 1427 1007 1474 sex.
1034 1406 1066 1471 Si
1092 1412 1246 1488 patronus
1269 1406 1469 1470 accusauerit
1491 1405 1566 1469 iur-

318 1517 384 1574 tum
408 1527 513 1574 curam
536 1511 663 1575 dominc
687 1511 801 1576 comite
823 1509 906 1574 infra
930 1516 1000 1575 octo
1024 1511 1093 1576 dics
1117 1517 1190 1591 post
1212 1509 1330 1575 furtum
1352 1507 1479 1588 factum,
1503 1508 1567 1572 ira·

316 1614 393 1678 beat
415 1613 619 1678 medictatem
648 1614 759 1692 banni;
791 1615 875 1694 quud
898 1615 924 1678 si
947 1633 1009 1679 non
1033 1614 1230 1680 accusauerit
1262 1632 1332 1678 cum
1363 1630 1402 1676 eo
1427 1612 1569 1690 latrone,

318 1722 352 1782 ct
374 1735 479 1782 comes
502 1735 561 1798 per
583 1717 664 1782 alius
699 1718 836 1801 sciuerit,
866 1717 984 1784 habent
1004 1724 1037 1783 ct
1060 1721 1167 1798 portet
1189 1717 1274 1781 illem
1307 1734 1436 1797 penam,
1466 1732 1570 1796 quam

317 1819 368 1884 fur
390 1819 570 1885 huiusmodi
594 1820 690 1886 debet
713 1825 841 1901 portare
865 1825 899 1886 et
921 1821 1017 1885 nichil
1039 1819 1100 1885 sibi
1117 1821 1305 1886 restituatur
1321 1819 1481 1886 debanna
1498 1818 1569 1882 istu
1632 1849 1635 1853 ·

318 1929 352 1988 et
374 1924 455 1988 latro
486 1941 600 2004 penam
631 1924 724 1989 istam
752 1929 858 2005 portet
888 1930 922 1989 et
955 1925 1070 2006 perdat
1103 1924 1286 2002 ueritatem3
1321 1921 1561 2005 aufugerit,

320 2028 359 2092 sit
384 2028 415 2090 in
438 2028 553 2106 banna,
578 2027 729 2108 quamdiu
754 2027 946 2094 satisfecerit
969 2030 1000 2092 in
1024 2027 1154 2110 duplum
1179 2028 1218 2092 de
1240 2028 1345 2093 banno
1367 2027 1437 2092 istc.

691 2205 763 2265 'can
787 2224 855 2264 vm.
879 2224 921 2264 mc
943 2199 1186 2266 nonarunraus.²

363 2320 444 2386 ltem
479 2320 664 2399 statuimuS,
700 2321 784 2401 qued
807 2321 834 2386 si
857 2321 928 2402 quis
946 2379 948 2383 ,
963 2321 1143 2386 robauerit⁸
1178 2326 1310 2386 stratam
1332 2319 1365 2384 iu
1388 2325 1474 2386 terra
1510 2317 1567 2384 uel

320 2422 399 2488 mari
423 2423 455 2487 in
477 2427 586 2490 nostro
609 2423 762 2489 comitatu
785 2423 853 2489 siue
877 2423 1039 2506 districtu,
1071 2429 1104 2490 et
1126 2421 1285 2504 acceperit
1315 2421 1471 2489 uiolenter
1494 2421 1569 2489 siue

320 2525 399 2590 ciuis
423 2527 492 2590 siue
514 2525 650 2592 forensis
673 2526 722 2604 ab¹
737 2544 798 2592 vno
822 2543 978 2608 yperpero
1001 2524 1148 2605 etiaim,
1171 2525 1337 2607 persoluat
1351 2525 1568 2608 quadruplum

320 2635 354 2693 et
376 2629 492 2712 perdat
525 2628 694 2694 ueritatem
724 2635 757 2694 et
780 2629 978 2695 credentiam
1009 2629 1042 2694 in
1074 2634 1279 2711 perpetuum
1314 2635 1348 2694 ct
1370 2628 1397 2692 si
1420 2647 1483 2693 nnn
1506 2628 1567 2694 ha·-

320 2732 425 2798 bnarit
449 2731 531 2800 vnde
556 2731 696 2810 soluere,
727 2731 882 2798 frustatur
904 2738 938 2798 et
959 2733 1099 2800 bulletur
1120 2743 1183 2798 'vnn
1205 2731 1429 2814 impressione,
1466 2737 1500 2797 et
1523 2731 1566 2796 ab

322 2853 381 2899 vno
404 2852 559 2920 yperperu
582 2853 681 2916 usque
704 2835 745 2901 ad
769 2835 840 2914 tria,
864 2839 897 2902 et
919 2854 982 2902 nou
1005 2836 1153 2902 habuerit
1173 2836 1256 2902 vnde
1278 2835 1404 2902 soluere
1428 2835 1460 2898 in
1483 2853 1565 2915 qna-

322 2938 479 3019 drnntnm,
504 2938 619 3020 perdat
641 2957 735 3004 vnum
760 2938 931 3006 oculum*
955 2944 989 3006 et
1011 2959 1031 3004 a
1053 2940 1155 3006 tribus
1178 2958 1277 3020 usque
1299 2939 1338 3004 ad
1362 2958 1426 3020 seu,
1451 2945 1484 3005 et
1498 2957 1565 3004 non

321 3041 470 3106 hahuerit
492 3041 574 3108 vnde
597 3041 723 3108 salucra
746 3041 968 3124 quadruplum,
1004 3043 1119 3124 perdat
1140 3061 1268 3108 manum
1290 3043 1463 3120 dexteram,
1487 3048 1522 3109 et
1546 3061 1567 3106 a

322 3164 377 3210 sex
400 3162 498 3225 reque
522 3145 563 3209 ad
586 3145 711 3226 decem,
746 3151 779 3211 ct
801 3164 864 3211 non
886 3145 1036 3214 habuerit
1067 3147 1150 3214 vnde
1179 3147 1305 3214 soluere
1339 3147 1566 3228 quadruplum,

322 3249 475 3330 perdat
498 3249 640 3314 ambos
664 3250 824 3329 oculos,
860 3257 894 3314 et
917 3269 936 3314 a
959 3251 1067 3316 decem
1091 3251 1245 3331 superius,
1275 3255 1309 3317 et
1330 3270 1393 3316 non
1416 3249 1566 3316 habuerit

323 3351 405 3418 vnde
429 3353 553 3418 soluere
577 3353 797 3434 quadruplum,
822 3354 1052 3434 suspendatur3
1083 3359 1116 3418 et
1138 3353 1165 3419 si
1187 3353 1313 3438 fugerit,
1339 3353 1435 3420 sitin
1458 3355 1565 3420 banno

323 3455 501 3536 perpetuali
524 3465 558 3520 et
580 3456 694 3536 perdat
716 3457 822 3522 omnia
843 3457 926 3522 bena
949 3475 1006 3522 sua
1029 3463 1062 3522 et
1084 3458 1254 3524 denenicnt
1276 3461 1308 3524 in
1332 3475 1507 3524 commune.

645 3649 711 3693 cur.
735 3651 779 3692 x1.
803 3652 845 3692 mr
867 3651 1022 3695 nnnmnue
1044 3653 1079 3694 m
1102 3629 1254 3696 cunsnn.⁵

367 3749 448 3813 Item
471 3748 657 3828 statuimus,
687 3749 771 3831 quod
800 3750 904 3814 nullus
933 3750 1011 3815 cinis
1042 3750 1156 3817 debeat
1178 3752 1225 3816 ire
1247 3752 1280 3818 in
1303 3771 1447 3830 cursum,
1483 3757 1516 3817 ct
1538 3751 1565 3817 ei

328 3852 397 3932 quis
419 3851 523 3929 inerit,
548 3852 589 3916 sit
612 3851 788 3918 forbanitus
812 3855 842 3916 iu
867 3860 1055 3934 perpetuum
1080 3855 1120 3920 ab
1144 3855 1198 3920 illo
1223 3854 1289 3934 die,
1326 3873 1388 3935 quo
1411 3855 1566 3936 inceperit

323 3965 530 3975 --ι----

372 4007 381 4043 ¹
399 4011 441 4070 cf.
458 4029 519 4085 cap.
536 4009 612 4069 XIV.
630 4010 745 4070 statuti.

363 4092 383 4168 ‚2
398 4097 515 4156 Titulus
531 4098 610 4155 deest
625 4113 669 4171 ap.
694 4098 717 4155 Is
723 4097 734 4172 j
745 4098 832 4157 ubit
854 4099 883 4157 et
905 4091 1091 4180 Hsscrmayr.
1116 4100 1176 4158 Nus
1192 4117 1256 4159 vero
1279 4099 1461 4174 apposuimus
1476 4099 1564 4158 istum

324 4185 357 4242 ad
377 4182 466 4242 inetur
482 4201 542 4256 cap.
560 4183 620 4242 XV.
637 4185 753 4244 Statuti.

373 4266 519 4330 ³Horm.
538 4270 607 4344 legit
623 4271 885 4341 renouauerit,
903 4273 978 4344 quud
994 4271 1136 4330 evidenter
1152 4273 1195 4330 est
1210 4271 1323 4331 falsum.

371 4352 382 4386 ⁴
399 4355 453 4429 Ap.
478 4356 623 4430 njubic:
648 4357 811 4434 articulum,
836 4359 910 4429 quod
927 4374 1103 4430 naqrraquam
1127 4359 1241 4432 probari
1258 4375 1347 4432 pesse,
1372 4376 1406 4417 ar
1421 4375 1483 4432 cap.
1501 4357 1562 4434 XV.

324 4441 430 4498 statuti
446 4459 498 4500 nec
513 4460 567 4501 nnn
583 4459 616 4500 ax
632 4459 720 4516 poena
743 4443 908 4517 perditionis
932 4445 1078 4502 ambarum
1101 4446 1252 4525 oculorum,
1277 4444 1399 4504 inferius
1421 4445 1562 4517 sequenti,

324 4529 443 4587 cunstat.
461 4527 502 4587 cf.
520 4531 548 4586 et
566 4527 642 4587 inira
657 4546 719 4604 cap.
737 4530 786 4590 xl.

325 4608 596 4762 Βέᾐὶῖρροευίωυε,
628 4633 799 4690 quamquam
832 4617 911 4676 deest
932 4633 977 4690 ap.
1003 4616 1299 4692 Ljnb.atHor1n.
1332 4618 1373 4678 cf.
1398 4634 1459 4692 cap.
1484 4615 1560 4676 XVI.

391 4717 443 4762 ni.
