3376 5392
517 687 606 730 xuni.
629 685 750 731 oaursro
773 686 906 748 soumis,

88 785 143 838 qua
162 769 301 838 statuitur,
321 767 391 838 quod
410 767 511 824 iudices
529 783 583 823 uon
601 768 706 838 possint
734 766 875 832 aduncare,
894 765 937 820 uel
963 781 1115 834 procurare,
1142 765 1217 822 saluo
1236 771 1263 820 et
1285 779 1329 818 re-

521 861 628 911 seruata
647 869 696 924 pro
714 859 824 926 pastore
843 869 899 910 suo.

133 997 198 1062 Dia
220 997 371 1064 Saltatha·
387 998 493 1084 primo
514 997 600 1084 Jutij
621 997 838 1082 Moeeclaauoj.

133 1127 324 1211 Magnificus
347 1135 380 1196 et
402 1148 572 1211 generosus
589 1130 733 1195 domiuus
749 1127 894 1211 aloysius
915 1127 1102 1208 Barbarion,
1127 1127 1332 1211 dignissimus

92 1249 201 1299 comes
224 1234 389 1314 Carsulae,
414 1235 529 1300 sedens
553 1235 594 1300 all
616 1253 707 1299 suum
731 1236 807 1298 iuris
830 1233 986 1299 banehum
1010 1234 1068 1299 sub
1097 1233 1233 1316 imagine
1257 1239 1331 1297 ante

89 1337 208 1419 logiam
231 1340 429 1406 terminando
452 1339 668 1418 sententiouit,
691 1339 775 1420 quod
798 1339 911 1420 aliquis
934 1357 973 1403 ex
989 1337 1144 1404 iudicibus
1159 1335 1331 1402 maioribus

90 1443 208 1508 amodo
230 1444 263 1508 in
285 1449 380 1509 antea
402 1459 463 1508 nou
488 1443 588 1527 possit
610 1463 680 1511 esse
703 1444 885 1527 adnotatus,
910 1445 977 1510 siue
997 1447 1184 1525 procurator
1199 1441 1331 1508 alieuius

91 1566 250 1630 personae
271 1549 304 1613 in
325 1548 439 1614 iudioio
463 1567 567 1614 coram
583 1549 650 1614 eius
666 1547 907 1631 magnificentia,
931 1547 983 1614 uel
1000 1546 1231 1614 successoribus
1248 1545 1331 1626 suis;

93 1660 126 1719 et
149 1653 177 1719 si
208 1659 405 1737 procuraret,
429 1653 480 1718 uel
512 1653 692 1734 adnotaret,
716 1655 799 1735 quod
830 1655 872 1719 sit
902 1653 1046 1735 priuatus
1075 1651 1115 1718 de
1145 1649 1244 1717 offitio
1275 1666 1347 1717 suo·

96 1759 258 1824 iudicatus
286 1764 319 1824 et
347 1759 462 1841 perdat
493 1759 640 1824 salarium
672 1777 772 1837 suum,
797 1759 880 1839 quod
911 1757 1009 1824 uadat
1035 1759 1067 1822 in
1101 1775 1278 1832 eommune;
1301 1761 1334 1822 et

92 1863 152 1929 hoo
174 1867 308 1942 attento,
332 1864 417 1945 quod
439 1863 529 1930 multi
562 1870 645 1943 sunt,
669 1864 722 1946 qui
752 1869 927 1945 sequuntur
955 1862 1087 1945 stylum:
1117 1862 1205 1928 saluo
1229 1867 1268 1926 et
1283 1879 1333 1925 re·

94 1973 225 2033 seruato
256 1987 314 2050 pro
336 1977 466 2050 pastore
489 1988 555 2034 suo.
588 1969 801 2053 Intelligeudo
829 1975 862 2034 et
892 1969 1013 2034 iudices
1042 1969 1179 2033 minores
1209 1965 1273 2030 sint
1301 1968 1333 2030 in

95 2073 208 2138 eodem
231 2091 305 2138 oasu
328 2081 361 2138 et
383 2074 570 2140 conditione.

136 2179 230 2256 Lata,
254 2179 330 2243 data
355 2185 388 2243 et
409 2181 569 2261 publicata
590 2179 649 2243 fuit
664 2181 881 2262 suprascripta
895 2179 1052 2244 sententia
1068 2197 1125 2260 per
1140 2177 1331 2242 antedictum

95 2281 294 2365 magnificum
318 2283 477 2350 dominum
501 2284 646 2350 comitem
669 2290 702 2351 et
723 2285 806 2350 lecta
828 2303 885 2366 per
906 2301 956 2349 me
978 2282 1147 2347 Antonium
1175 2279 1332 2362 quondam

94 2387 212 2452 domini
244 2387 367 2454 Paridis
400 2388 688 2454 vieemmellarium
717 2391 775 2454 sub
806 2389 856 2454 die
889 2388 1110 2470 suprascripto,
1133 2384 1333 2467 presentibus

95 2510 156 2558 ser.
169 2490 300 2558 Andrea
310 2491 477 2572 Voletieh3
493 2512 553 2558 ser.
567 2491 704 2561 Antonio
716 2492 929 2559 Bernarouieh
945 2498 977 2558 et
989 2509 1081 2573 quam
1094 2489 1236 2572 pluribus
1253 2489 1331 2570 alijs.

349 2741 434 2784 mv.
459 2741 581 2785 namsia
604 2743 770 2787 statuamus
793 2743 965 2787 emanare
987 2741 1083 2784 manus

95 2817 128 2874 de
137 2819 248 2875 trireme
259 2821 396 2890 armanda,
415 2823 492 2877 euius
505 2838 587 2878 eausa
600 2823 775 2877 annullantur
787 2839 880 2878 omnes
896 2821 1088 2891 exemptiones,
1102 2824 1215 2889 excepta
1228 2833 1334 2886 exemp·

536 2907 610 2963 tione
627 2909 724 2964 Jacobi
742 2909 892 2977 Thomasij.

138 3046 370 3134 Meooelaaaoij.
395 3049 455 3115 Die
476 3070 547 3116 aaa.
571 3050 696 3136 Aprilis
717 3053 751 3116 ia
774 3053 895 3116 triremi
916 3051 1002 3145 apud
1027 3050 1204 3116 Cerealem.

137 3179 306 3248 Intellecta
334 3200 391 3264 per
412 3181 612 3264 magnifieum
642 3188 675 3250 et
706 3184 912 3249 clarissimum
943 3182 1102 3250 dominum
1132 3180 1333 3246 Francisuum

98 3285 136 3350 de
157 3286 275 3352 Priolis
297 3305 355 3368 pro
382 3287 595 3356 illustrissimo
626 3295 659 3354 et
682 3289 945 3355 excellentissimo
976 3287 1079 3352 ducali
1109 3286 1245 3352 dominio
1268 3284 1331 3351 Ve-

97 3391 252 3456 netiarum
290 3393 488 3474 capitauemu
518 3393 697 3476 generalem
725 3393 820 3458 maris
852 3391 1048 3471 difficultate,
1071 3411 1133 3474 qua
1161 3391 1334 3457 armabitur

98 3493 234 3562 triremis
258 3493 435 3591 Curzulana
459 3499 499 3564 ob
524 3498 639 3563 multas
666 3500 884 3563 eoncessiones
907 3505 940 3562 et
963 3497 1200 3563 terminationes
1230 3495 1333 3560 iactas

97 3615 151 3679 per
172 3599 356 3681 magnificos
385 3603 567 3684 capitaneos
600 3603 773 3684 generales,
797 3605 926 3669 comites
949 3600 1105 3668 Ourzulae
1135 3607 1168 3668 et
1199 3599 1335 3665 sindioos

98 3701 219 3770 ciuibus
245 3709 278 3771 et
300 3705 517 3772 eonoittadiuis
541 3705 705 3787 ceraulae,
730 3697 991 3788 quod‘immunos
1014 3707 1077 3773 sint
1098 3725 1118 3771 a
1141 3711 1248 3772 terere
1278 3703 1334 3769 ho-

97 3805 212 3873 miuum
236 3829 256 3874 a
277 3828 362 3874 remo
386 3809 562 3876 triremium
577 3811 627 3877 hie
646 3811 885 3896 armandarum3
909 3811 1100 3877 authoritate
1117 3811 1332 3892 capitaneatus

99 3911 144 3975 sui
166 3917 304 3992 reuocat,
329 3921 434 3980 cassat
457 3922 490 3982 et
512 3915 654 3982 annullat
677 3935 783 3982 omues
807 3917 907 3982 dietas
929 3916 1145 3983 eoncessiones
1169 3921 1202 3982 et
1224 3915 1330 3981 termi-

98 4017 238 4084 nationes
260 4037 527 4102 quorumoumque
550 4027 582 4088 et
607 4039 664 4102 per
687 4039 899 4103 quoscumque
921 4021 1032 4100 factas
1055 4021 1101 4086 ita
1118 4026 1154 4086 ut
1168 4021 1208 4087 de
1226 4023 1330 4085 cetero

96 4120 207 4189 nullius
231 4123 293 4189 sint
316 4123 473 4190 efficatiae
508 4132 541 4192 et
576 4125 705 4204 roboris,
743 4144 779 4192 aa
810 4127 835 4191 si
866 4125 968 4192 factae
990 4145 1052 4192 non
1075 4125 1216 4192 fuissent.
1241 4123 1331 4190 Man·

22 4279 27 4290 .
99 4223 172 4292 daus
193 4229 359 4310 spectabili
382 4231 487 4296 comiti
510 4228 666 4296 Curzulae
688 4231 849 4313 praesenti
867 4236 900 4296 et
916 4232 984 4296 eius
1003 4221 1237 4297 suecessoribus
1251 4231 1333 4295 hano

98 4333 345 4400 terminationem
370 4335 532 4418 registrari
556 4341 590 4400 et
611 4335 839 4403 inuiolabiliter
871 4337 1033 4402 obseruari
1064 4337 1181 4403 debere
1204 4341 1238 4401 et
1260 4353 1331 4401 exe-

100 4437 210 4504 cutioni
233 4438 333 4516 mitti;
364 4443 494 4521 excepto
527 4447 631 4506 tamen
660 4441 701 4506 ab
732 4461 771 4507 ea
793 4440 915 4508 Jacobs
944 4441 1092 4524 Tonastj,
1117 4442 1170 4523 qui
1201 4441 1241 4505 ob
1263 4439 1332 4506 eius

100 4541 211 4622 optime
233 4547 325 4626 gesta
346 4544 454 4628 uigore
477 4543 654 4610 litterarum
677 4545 833 4611 ducalium
849 4545 888 4611 ab
904 4545 1082 4612 huiusmodi
1103 4543 1240 4628 regalijs,
1258 4563 1330 4612 one-

100 4643 180 4712 ulnus
201 4653 235 4713 et
257 4648 479 4729 grauedinibus
501 4647 640 4715 realibus
663 4655 697 4716 et
718 4651 936 4734 personalibus
958 4651 1018 4716 luit
1040 4657 1213 4733 exemptus.

140 4749 259 4835 (iaspar
282 4772 301 4818 a
323 4751 426 4819 Vidua
449 4753 652 4822 cancellarius
674 4757 821 4822 mandato
844 4757 1024 4838 subscripsi,
