3416 5350
376 465 436 526 124

372 667 508 735 heredes
539 686 643 735 coram
676 668 780 748 curia,
860 668 931 734 unlt
953 667 1138 735 satisfacere
1162 668 1314 748 debitum,
1348 669 1400 736 nel
1423 671 1595 750 vonsentire,

372 772 425 837 uel
449 772 481 837 in
513 771 620 855 aliquo
650 771 868 840 contradicere
891 773 975 854 dicte
999 771 1222 840 deliberationi
1244 779 1276 839 et
1300 773 1499 858 alienationi,
1530 780 1599 842 ets·

371 878 577 955 consenserit,
601 877 706 959 possit
728 877 822 943 nendi
846 882 879 944 at
901 877 1045 945 alienari.

418 979 451 1046 Si
480 999 559 1047 uero
591 979 820 1048 contradixerit
841 987 875 1048 et
896 981 1013 1050 iustam
1044 1001 1172 1048 causam
1193 982 1453 1048 contradictionis
1474 984 1601 1068 asugna-

374 1085 468 1168 uerit‚
492 1103 591 1166 quare
608 1085 779 1153 deliberari
795 1104 858 1152 non
874 1086 1000 1171 debeat,
1019 1093 1096 1154 tunc
1111 1091 1218 1154 rector
1233 1091 1358 1152 statuat
1372 1087 1434 1152 sibi
1451 1089 1601 1154 terninnn
1676 1121 1679 1212 p

373 1187 471 1254 trium
493 1188 615 1255 dianam
638 1189 679 1255 ad
702 1191 925 1272 opponendum
948 1197 981 1258 et
1004 1191 1212 1272 probandum,
1248 1208 1349 1272 quare
1373 1190 1459 1256 dicta
1479 1209 1526 1257 res
1545 1210 1599 1256 non

377 1291 495 1358 debeat
517 1291 686 1360 deliberari
710 1300 743 1360 et
765 1293 907 1361 alienari.
941 1295 986 1360 Et
1013 1295 1040 1360 si
1063 1295 1141 1360 nihil
1164 1294 1305 1376 legitime
1327 1294 1511 1376 probauerit
1530 1295 1600 1361 inira
1678 1321 1679 1326 ¹

375 1395 546 1462 terminum
569 1413 667 1478 supra
689 1397 818 1477 dictum,
842 1403 918 1464 tnnc
940 1399 1042 1481 possit
1065 1398 1234 1466 deliberari
1253 1403 1288 1466 et
1302 1397 1435 1466 adunari
1450 1398 1490 1464 sd
1503 1398 1598 1464 uolnn

376 1503 478 1566 tatem
501 1499 677 1569 creditoris.

656 1731 724 1775 ou’.
748 1733 845 1776 oxxn.
869 1733 911 1776 DE
935 1733 1145 1778 amnonis
1167 1733 1333 1778 BOOEORUU.

416 1845 498 1912 ltem
521 1853 676 1912 statutum
700 1853 733 1914 et
756 1847 936 1914 ordinatum
959 1853 1026 1927 est,
1058 1849 1143 1930 quod
1170 1849 1246 1931 socij
1270 1849 1396 1931 possint
1418 1847 1521 1915 facem
1541 1866 1598 1916 cre·

375 1949 500 2016 dentiae
522 1957 556 2017 et
578 1951 686 2018 debita
708 1953 850 2034 recipere
874 1959 907 2018 et
929 1952 971 2028 id,
996 1953 1082 2034 quod
1104 1971 1164 2035 per
1185 1954 1322 2034 aliquem
1344 1953 1475 2019 illorum
1496 1952 1597 2020 ιιιιιιιιι

373 2051 470 2119 luerit
492 2055 560 2122 siue
583 2056 615 2120 in
638 2055 753 2135 dando,
778 2057 847 2122 siue
869 2056 901 2120 in
924 2057 1116 2138 recipiendo.
1140 2063 1329 2139 perpetuam
1345 2057 1503 2123 obtincat¹
1517 2055 1598 2123 firni-

326 2205 329 2212 ,
376 2162 492 2238 utem,
524 2159 598 2240 quia
620 2165 788 2241 postquam
812 2165 887 2225 sunt
909 2161 984 2242 socij
1015 2167 1048 2225 et
1078 2161 1204 2242 publice
1224 2165 1342 2235 ‚annunt
1364 2167 1398 2226 et
1420 2161 1554 2228 nendunt
1571 2167 1599 2228 ct

377 2263 570 2330 contrahunt
598 2269 759 2346 tamqnam
791 2265 867 2346 socij
879 2313 886 2340 ,
919 2264 997 2330 satis
1027 2265 1145 2330 iustum
1177 2270 1243 2345 est,
1274 2265 1358 2348 qnod
1381 2265 1432 2332 id¹
1454 2266 1533 2348 quod
1552 2283 1599 2348 per

375 2385 474 2432 unum
496 2386 605 2434 eornm
628 2367 747 2433 facturn
770 2367 883 2450 fuerit,
915 2369 956 2434 ab
990 2369 1053 2434 alio
1077 2369 1196 2434 debeat
1216 2389 1287 2435 osso
1309 2374 1415 2434 ratum
1438 2373 1472 2436 et
1492 2368 1598 2434 firnnn

374 2471 508 2555 adhoc,
533 2477 570 2536 ut
591 2471 744 2551 homines,
769 2471 824 2554 qui
847 2471 1039 2538 contrahunt
1061 2490 1132 2539 cum
1155 2473 1212 2553 eis,
1240 2491 1304 2540 non
1327 2473 1531 2554 decipiantur,
1550 2490 1599 2538 noe

374 2575 476 2657 decipi
498 2575 629 2642 ualeant
650 2575 715 2642 ullo
738 2576 843 2642 modo.

518 2805 585 2850 ΟΔΡ.
611 2806 722 2849 oxxm.
745 2806 787 2849 DE
809 2807 957 2850 EXPENSI!
980 2806 1090 2851 FAO'I'IS
1113 2807 1148 2848 ni
1169 2807 1270 2850 mus
1288 2805 1473 2851 normes.

415 2921 496 2988 Item
520 2925 676 2987 statutum
700 2927 733 2988 et
755 2921 935 3006 ordinatunn
958 2927 1024 3001 est,
1055 2921 1141 3005 quod
1173 2923 1200 2988 ei
1223 2927 1392 2988 constante
1414 2921 1598 2988 matrimonio

372 3025 506 3092 maritus
528 3024 641 3092 fecerit
664 3027 786 3109 aliquas
809 3045 965 3112 expensas
987 3026 1020 3093 in
1043 3027 1139 3093 rebus
1168 3026 1329 3094 dotalibus
1353 3028 1460 3093 uxoris
1482 3043 1551 3108 sne,
1578 3025 1600 3090 si
1681 3079 1683 3122 ἦ

372 3129 457 3212 dicto
480 3147 619 3213 expense
642 3129 760 3197 inerint
782 3131 979 3212 necessarie,
1011 3137 1048 3197 ut
1071 3132 1146 3214 qnia
1168 3131 1302 3198 maritus
1324 3129 1448 3198 redecit
1470 3135 1503 3196 et
1522 3147 1600 3211 repa·
1682 3129 1683 3142 ¹

372 3234 459 3300 ranit
481 3235 608 3301 dornunn
631 3235 769 3306 dotalem
793 3253 851 3316 sue
875 3236 1001 3315 uxoria,
1032 3253 1095 3318 que
1119 3241 1190 3302 orat
1211 3221 1357 3314 ruinosa}
1380 3235 1434 3300 nel
1457 3235 1537 3314 dicte
1557 3251 1601 3298 ex·
1682 3223 1683 3228 ’

372 3355 471 3420 pense
493 3335 613 3404 fuerint
635 3337 750 3418 atilae,
782 3343 818 3404 ιιι
847 3339 923 3421 quia
950 3340 982 3404 in
1013 3345 1101 3406 terra
1124 3339 1224 3406 unali
1247 3340 1354 3406 uxoris
1377 3356 1436 3420 suc
1459 3335 1602 3422 plantauit
1681 3335 1683 3358 ³

372 3443 508 3520 niueam,
539 3441 592 3510 uel
616 3443 647 3508 in
670 3443 738 3510 solo
762 3444 875 3526 pratu⁸
896 3444 1003 3510 uxoris
1027 3463 1086 3526 sue
1109 3443 1294 3511 bedifioauit
1322 3443 1460 3521 domum,
1492 3439 1600 3506 tnncsi
1682 3473 1683 3478 =

373 3547 432 3615 dos
454 3547 487 3613 in
510 3563 587 3613 casu
610 3553 695 3614 esset
718 3548 948 3617 restitutionis:
980 3567 1090 3616 omnes
1121 3548 1206 3630 dicte
1240 3564 1383 3630 expense
1412 3546 1545 3612 debeant
1562 3560 1602 3609 re·
1681 3607 1683 3618 ,

372 3649 421 3717 fici
453 3656 488 3715 et
517 3651 644 3717 restitui
673 3653 799 3732 marito,
829 3653 882 3718 uel
912 3652 1084 3720 heredibus
1115 3651 1231 3736 mariti,
1262 3651 1337 3735 quia
1362 3649 1445 3716 tales
1475 3663 1599 3732 expense
1682 3651 1683 3656 ’

371 3755 525 3823 debcant‘
546 3756 745 3824 rationaliter
767 3757 912 3823 extimari
935 3761 969 3822 et
991 3755 1183 3823 diminuero⁵
1206 3756 1324 3822 dictam
1346 3755 1465 3821 dotem.

415 3859 584 3927 Similiter⁰
607 3860 714 3941 ctiam,
739 3861 766 3926 si
788 3862 922 3928 maritus
944 3860 1073 3929 fecisset
1090 3878 1246 3943 expensas
1268 3859 1301 3926 in
1321 3857 1435 3925 inditio
1450 3875 1508 3940 pro
1523 3871 1603 3922 reon·

372 3963 523 4046 parandis
546 3969 603 4030 ant
622 3963 830 4032 defendendis
852 3965 975 4032 iuribus
991 3966 1099 4032 uxoris
1115 3981 1191 4046 sue3
1214 3963 1361 4031 similiter
1376 3961 1458 4028 ales
1474 3975 1601 4044 expone

370 4067 508 4134 debeant
530 4065 599 4133 fieri
622 4073 657 4135 et
678 4069 856 4152 computari
879 4087 975 4152 super
996 4069 1089 4135 bonis
1111 4073 1145 4134 at
1166 4069 1263 4136 rebus
1284 4067 1392 4133 uxoris
1414 4067 1506 4147 suci.

416 4292 506 4372 ¹Ap.
530 4295 658 4373 Ljub.:
683 4298 831 4379 „teneat“.
892 4291 905 4332 ²
930 4295 1029 4380 „qnod
1051 4291 1100 4357 id‘
1125 4297 1210 4358 deest
1231 4314 1280 4374 ap.
1303 4296 1329 4357 L
1334 4296 1413 4374 jub.
1475 4259 1604 4355 'larba

373 4381 555 4458 „plantauit“
574 4400 668 4459 usqne
683 4383 740 4446 ad:
766 4377 892 4468 „pratu“
909 4383 1015 4445 desunt
1037 4400 1085 4459 ap.
1101 4384 1215 4461 Ljub.
1287 4380 1300 4416 ⁴
1320 4383 1434 4446 ibid:
1460 4381 1604 4465 „debent⁸.

374 4465 386 4501 ⁶
408 4468 520 4529 ibid:
546 4463 741 4546 „dimittore“.
813 4467 825 4504 ⁶
845 4469 902 4547 Ap.
919 4470 1048 4548 Lan.:
1075 4470 1232 4545 „Similiter
1246 4471 1322 4532 talos
1337 4485 1468 4550 expenso
1488 4467 1605 4528 debeant

370 4551 434 4614 fieri
449 4559 479 4614 ot
494 4555 666 4634 computari,
683 4555 770 4616 etiam
787 4551 831 4616 si“
849 4562 903 4619 elo.
974 4554 986 4591 ⁷
1000 4557 1092 4616 Deest
1114 4556 1207 4618 ibid.
