3422 5364
341 427 405 494 270

335 635 461 716 tulatus,
484 634 613 702 soluere
636 637 783 701 teneatur
806 633 990 715 douanarie,
1016 634 1076 700 sub
1100 649 1163 714 quo
1186 632 1290 714 occisq
1314 630 1451 699 fuerint:
1477 631 1605 698 soluat·
1699 579 1701 596 ἢ

333 739 472 826 quinque
494 756 611 822 paruos
633 755 691 820 pre
715 738 857 821 quelibet
871 755 968 821 porco
985 737 1036 806 uel
1058 755 1163 821 perca,
1191 736 1277 820 quod
1300 737 1425 804 dacium
1449 735 1579 803 soluere

337 848 485 911 teneatur
506 843 571 922 ille,
604 843 657 924 qui
688 843 874 910 exuererit¹
906 861 970 910 aas.
1001 843 1093 909 Etsi
1119 841 1241 924 aliquid
1265 841 1406 924 deipsis
1431 841 1582 908 carnibus

334 947 515 1016 uendiderit
545 947 578 1013 iu
609 946 755 1031 macello,
794 947 920 1014 soluere
951 952 1099 1014 teneatur
1136 965 1193 1029 pro
1225 945 1367 1028 quolibet
1397 963 1496 1028 porco
1529 945 1582 1012 uel
1700 1019 1701 1038 χ

337 1068 435 1136 porca
458 1051 565 1119 soldos
586 1069 607 1118 v
629 1069 810 1136 paruarum,
841 1051 996 1119 soluendo
1019 1051 1066 1118 illi
1088 1051 1273 1133 douuuurio,
1304 1051 1364 1117 sub
1389 1069 1453 1135 quo
1477 1051 1581 1130 acciae
1699 1073 1701 1134 g

336 1155 466 1226 fuerint.

381 1261 473 1340 Item,
505 1261 532 1328 si
554 1261 783 1344 Tragurieuses
812 1260 946 1328 fecerim
978 1261 1114 1344 aliquam
1146 1261 1321 1330 nouimtem
1348 1260 1582 1328 mercatoribus
1699 1305 1701 1344 2

340 1363 473 1448 Spalati,
498 1365 737 1434 transeuntibus
758 1383 818 1448 per
841 1365 1019 1433 districtum
1034 1366 1176 1448 ipsorum
1193 1385 1264 1434 cum
1279 1366 1439 1448 aliquibus
1455 1364 1580 1448 bestiis
1699 1369 1701 1426 i

339 1470 425 1552 quod
456 1470 590 1538 eandem
620 1471 795 1538 nouitatem
829 1469 935 1537 iacere
964 1475 1133 1538 teneantur
1163 1470 1320 1555 Spalatiui
1348 1470 1583 1538 mercatoribus

340 1573 527 1658 Tragrrriuis
539 1575 777 1643 transeuntibus
794 1593 865 1642 cum
880 1575 1038 1659 aliquibus
1052 1575 1165 1659 bestijs
1181 1593 1239 1659 per
1254 1575 1433 1643 disulctum
1444 1573 1582 1658 Spalati.
1699 1569 1701 1628 l

739 1839 806 1888 cas.
829 1841 920 1886 xxm.
943 1843 986 1888 ua
1007 1819 1172 1888 rrrscrruu‘⁴

380 1959 470 2040 Item,
492 1959 577 2042 quod
592 1978 710 2042 omnes,
727 1960 781 2044 qui
795 1960 969 2046 portabunt
982 1961 1086 2045 pisces
1101 1979 1160 2044 per
1185 1978 1281 2040 mare,
1305 1959 1358 2026 uel
1383 1977 1442 2042 per
1457 1963 1581 2026 terram

337 2064 379 2131 ad
402 2063 563 2132 ciuitatem
586 2063 716 2147 Spalati,
747 2065 801 2132 uel
823 2065 892 2133 eius
916 2066 1094 2134 districtum
1117 2069 1150 2132 et
1170 2064 1258 2148 ipsas
1280 2063 1494 2144 uendidariut
1528 2063 1580 2130 uel

338 2167 537 2251 portauerint
559 2168 694 2249 domum,
726 2169 853 2238 soluere
875 2171 1013 2238 debcant
1035 2177 1183 2237 octauam
1204 2172 1341 2254 partem,
1372 2186 1468 2251 quam
1491 2173 1581 2234 ccta-

335 2291 410 2339 uam
439 2279 563 2355 partem
594 2273 669 2340 dicti
701 2275 787 2342 ciues
817 2281 851 2342 ct
879 2275 1077 2342 habitatores
1100 2273 1225 2356 Spalati
1256 2272 1383 2340 soluere
1407 2279 1581 2340 teneantur

336 2375 527 2460 ubicumque
549 2379 636 2460 ipsas
659 2379 870 2459 condiderint,
891 2385 956 2444 tam
978 2379 1012 2445 iu
1034 2379 1180 2445 districtu
1202 2376 1334 2460 Spalati,
1368 2395 1465 2459 quam
1487 2382 1581 2443 utra

336 2481 535 2562 districtum3
559 2482 628 2548 siue
650 2482 735 2566 ipsas
758 2485 960 2566 portaueriut
981 2483 1014 2548 in
1036 2482 1164 2562 barcha
1189 2483 1258 2550 siue
1280 2481 1314 2548 iu
1337 2482 1460 2548 londra.
1483 2482 1581 2548 Etsi

335 2585 514 2670 inceperint
535 2585 686 2663 uuidere,
718 2587 771 2653 uel
793 2594 921 2672 portare
944 2587 1083 2670 domum,
1118 2587 1244 2656 soluere
1267 2591 1438 2654 tencantur
1461 2587 1581 2653 dictam

335 2696 479 2758 octauam
502 2694 638 2773 partem.

763 2903 831 2950 OAP·
854 2905 943 2950 xx1v.
968 2907 1010 2950 mr
1031 2905 1145 2952 mcum.

380 3022 471 3107 Item,
496 3039 614 3104 omnes,
638 3021 692 3103 qui
715 3021 888 3106 portabunt
905 3023 1000 3108 ligna,
1024 3023 1077 3090 uel
1097 3023 1231 3107 tqdam³,
1256 3023 1386 3090 soluere
1406 3029 1582 3092 uremur

336 3125 489 3194 decimam
519 3131 645 3210 partem
677 3127 850 3195 secundum
881 3128 1143 3194 cousuetudinem
1165 3127 1304 3196 ciuitatis
1326 3127 1460 3212 Spalati.
1483 3129 1582 3196 Etsi

335 3231 407 3314 quis
429 3229 668 3299 defraudauerit
690 3231 848 3299 dcuanam
870 3233 1096 3315 supradictam,
1119 3233 1213 3301 cadat
1235 3235 1277 3300 ad
1291 3253 1408 3318 pquam
1425 3233 1581 3301 librarum

339 3335 480 3421 quiaque
502 3355 682 3420 paruarum
705 3336 794 3406 cuius
815 3339 970 3408 medietas
993 3338 1036 3406 eit
1058 3340 1231 3406 communis
1254 3340 1372 3408 atalia
1398 3339 1580 3422 douauarij.

504 3603 571 3650 car.
594 3603 670 3648 xxv.
694 3605 735 3648 nu
756 3604 917 3650 asumma
939 3605 1000 3650 usu
1023 3595 1176 3652 camus
1197 3584 1404 3650 uoarrcnua⁴.

380 3721 470 3803 itam,
494 3721 578 3804 quod
600 3719 705 3786 nullus
727 3719 844 3788 audeat
865 3721 1006 3788 uendere
1029 3741 1140 3790 carnes
1164 3723 1345 3790 morticinas
1361 3723 1394 3787 in
1408 3723 1581 3790 beccbaria

339 3825 398 3894 sub
421 3844 504 3910 pqua
526 3825 678 3892 librarum
700 3825 811 3910 uiginti
835 3827 973 3910 quinque
996 3845 1177 3910 paruarum.

381 3931 519 3998 Vendita
540 3928 601 3997 luit
623 3930 747 3997 dcuana
768 3949 826 4014 pro
848 3931 957 4014 prqcio
980 3937 1013 4000 et
1034 3934 1161 4000 nomine
1183 3933 1281 4018 prqcij
1313 3933 1469 4000 librarum
1490 3933 1579 4002 mille
1697 4007 1698 4016 χ

338 4037 547 4104 ducentarum
569 4054 749 4120 paruarum,
774 4037 858 4120 quod
881 4037 1023 4120 precium
1046 4043 1106 4104 etc.

379 4141 503 4210 Eodem
527 4141 621 4209 modo
643 4147 677 4208 et
691 4141 790 4222 libro;
812 4141 1003 4229 millesim0⁶,
1029 4141 1080 4211 die
1097 4141 1235 4211 secunde
1254 4141 1431 4211 decembris
1447 4143 1580 4212 uendite

337 4244 398 4313 luit
418 4247 549 4331 gabella
565 4247 701 4332 decane,
725 4247 822 4314 siculfl
844 4266 927 4316 anno
951 4248 1162 4332 antecedenti,
1184 4255 1220 4316 ut
1242 4267 1348 4332 supra.

384 4439 396 4477 ¹
418 4441 477 4521 Ap.
500 4442 526 4501 L
530 4442 627 4519 jub:
655 4441 831 4518 „extraxit“.
905 4437 918 4476 ¹
940 4443 1044 4517 Neque
1066 4441 1131 4522 hoc,
1155 4459 1251 4518 neque
1273 4443 1427 4519 sequentia
1448 4443 1579 4519 capitula

336 4531 466 4591 numeris
489 4533 557 4590 eunt
578 4528 696 4606 signata
718 4528 809 4590 ibid.
903 4524 1046 4591 'ibicis
1071 4525 1211 4613 „tenda“.
1303 4527 1315 4563 ⁴
1337 4530 1409 4590 cod.
1433 4529 1579 4590 Obiud:

342 4618 406 4694 ,De
428 4610 595 4678 baccaria“.
665 4613 678 4650 ⁶
700 4616 793 4676 Deest
814 4633 862 4692 ap.
886 4615 995 4694 Ljub.
1067 4615 1191 4678 ⁶Deeat
1212 4616 1242 4678 ia
1264 4617 1345 4678 cod.
1368 4615 1502 4680 Obiud.
