3422 5364
377 455 439 518 252
1614 3 1697 495 W

1694 521 1697 588 1

373 660 414 726 aa
435 659 563 726 nantia
586 659 704 724 domini
732 660 825 725 rann
847 659 980 742 neugm
1003 659 1198 727 honorabilis
1227 659 1350 726 comitis
1373 660 1507 726 einum
1529 659 1607 743 spa·
1695 655 1697 734 ζ

373 763 431 828 lati
453 763 565 844 scripsi
588 766 618 828 in
644 766 787 846 presenti
810 764 970 832 uolumine
993 769 1193 830 statutorum.
1229 763 1327 830 Cuius
1354 765 1471 847 prefati
1492 764 1605 832 domini
1695 811 1697 856 J

371 867 495 933 comitis
514 868 655 949 regimen
671 869 732 934 fuit
748 869 961 950 incipiendum
977 869 1036 935 sub
1053 868 1143 936 annis
1160 869 1280 935 domini
1294 869 1435 951 Mcceliij.
1452 868 1603 934 indicione
1690 861 1697 932 i

372 970 518 1054 septima,
542 971 594 1038 die
614 991 683 1038 xxv.
708 973 794 1056 iuniJ'.
1695 967 1697 1002 ¹

1170 1205 1172 1210 .
1221 1176 1224 1181 '
1695 1177 1697 1206 t

371 1242 439 1287 uun.
463 1244 552 1286 xxvr.
577 1243 750 1286 connnerro
773 1243 904 1286 suarum
927 1243 1027 1286 rosum
1048 1243 1083 1284 nr
1106 1240 1230 1294 ouunuo
1260 1239 1354 1282 nunno
1376 1239 1435 1282 suu
1456 1237 1608 1282 nummus:
1695 1219 1697 1268 ἐ

452 1331 488 1372 nr
513 1331 627 1382 urruns
650 1330 778 1374 uaemus
801 1331 953 1374 numeras
976 1329 1105 1372 unum
1124 1327 1303 1370 annrrnrnnr
1324 1303 1536 1378 murmurum.
1695 1277 1697 1404 Ι

1695 1405 1697 1426 i

413 1463 450 1527 In
475 1461 592 1528 Christi
615 1465 740 1531 nomine
763 1483 864 1530 amen
895 1464 987 1530 Anno
1017 1463 1193 1530 natiuitatis
1217 1461 1361 1528 eiusdem
1384 1458 1507 1538 Meccl⁰
1530 1458 1610 1524 indi·
1695 1451 1697 1524 t

372 1565 462 1632 eione
485 1567 661 1645 undecima,
685 1574 837 1652 regnante
859 1569 1063 1634 serenissimo
1087 1567 1214 1633 domino
1238 1571 1347 1632 nostro
1363 1564 1490 1631 dominu
1505 1563 1610 1630 Ludo·
1694 1531 1697 1602 ¹

372 1670 452 1750 uico,
476 1671 536 1736 Dei
552 1672 657 1754 gratia
672 1673 812 1756 Vngarip
836 1692 920 1756 rege,
943 1679 1087 1754 tempore
1106 1670 1290 1740 reuerendi²
1311 1671 1344 1735 in
1361 1668 1487 1736 Christo
1502 1668 1610 1750 patris,
1695 1655 1697 1746 ἱ

376 1773 495 1839 domini
516 1773 695 1858 Hugoiini³‚
723 1776 782 1843 Dei
806 1778 911 1858 gratia
932 1775 1161 1858 archiepiscopi
1185 1774 1400 1862 Spalatensis
1406 1777 1439 1840 et
1461 1772 1611 1839 nobilium
1695 1781 1697 1866 i

372 1877 523 1956 uirorum,
555 1879 753 1945 dominorum
783 1881 886 1960 Patrue
916 1879 1081 1959 Johnnnis,
1106 1878 1274 1960 TheodosiJ'
1301 1877 1471 1944 Leoniset
1493 1877 1610 1944 Nouuci
1695 1903 1697 1946 ε

373 1979 495 2048 Mathei
525 1989 685 2048 rectorum
713 1990 745 2048 et
769 1983 884 2064 Duymi
906 1981 1067 2059 Bormani,
1100 1982 1263 2048 Francisei
1292 1982 1441 2048 Dumiuni
1473 1989 1507 2047 et
1536 1981 1611 2046 Zuci

370 2083 604 2152 Bucoamaiuris
627 2087 764 2152 iudicum
789 2086 920 2169 Spoleti,
944 2088 996 2154 die
1017 2089 1104 2154 xxix⁰
1134 2087 1326 2152 nouembris.

415 2189 453 2254 1n
476 2190 570 2270 pleno
594 2195 627 2256 et
642 2191 783 2272 generali
799 2192 930 2258 consilio
947 2192 1032 2272 dicte
1049 2192 1186 2257 ciuitatis
1207 2209 1295 2255 more
1311 2189 1406 2256 solito
1421 2193 1610 2271 congregato

370 2292 508 2374 predicti
539 2293 656 2360 domini
686 2299 826 2362 rectores
857 2301 890 2362 et
920 2297 1039 2362 iudices
1069 2314 1141 2362 cum
1173 2313 1329 2362 consensu
1352 2293 1610 2374 consiliariorum,

375 2395 430 2476 qui
452 2396 569 2463 debent
592 2398 763 2480 propositis
777 2399 942 2482 interesse,
966 2405 1217 2482 proposuerunt.
1243 2397 1324 2464 Cum
1340 2396 1478 2480 quedam
1494 2401 1612 2463 statuta

372 2517 430 2564 sen
454 2505 608 2566 statutum
628 2502 773 2584 indigeat
789 2505 994 2582 correctione,
1017 2505 1088 2570 ideo
1105 2503 1272 2584 requirunt
1287 2519 1423 2585 presens
1438 2499 1611 2578 consilium,

372 2604 457 2686 quod
480 2607 700 2689 unusquisque
725 2609 878 2693 consulat,
903 2609 987 2691 quod
1011 2609 1070 2676 sibi
1093 2608 1207 2690 placet.
1238 2607 1430 2689 Superque
1452 2605 1613 2688 proposita

372 2707 450 2774 ser⁴.
473 2710 663 2777 Franciscus
678 2712 824 2778 Damiani
851 2731 984 2796 surgens
1000 2713 1199 2797 emungendo
1222 2712 1389 2797 consuluit,
1424 2710 1510 2792 quod
1532 2711 1614 2774 iuter

373 2811 437 2877 aliu
459 2818 582 2880 statuta
604 2815 742 2882 ciuitatis
767 2816 899 2900 Spoleti,
931 2836 993 2900 que
1017 2817 1245 2884 correctionem
1267 2816 1411 2899 indigere
1433 2819 1612 2892 noscantur,

373 2915 454 2981 illud
475 2919 627 3000 precipue
651 2925 806 2986 statutum
829 2923 967 3003 positum
991 2923 1021 2986 in
1045 2927 1159 3004 quarto
1176 2921 1257 2986 libro
1272 2919 1441 2986 uoluminis
1458 2919 1612 2984 dictorum

375 3025 568 3087 statutorum
592 3023 650 3089 sub
670 3025 812 3090 rubrica:
835 3025 999 3107 inquibus
1017 3026 1143 3092 casibus
1159 3029 1301 3106 potestas
1317 3023 1434 3090 habeut
1449 3023 1613 3088 arbitrium

372 3121 562 3204 inquirendi,
594 3128 679 3207 quod
709 3129 836 3211 incipit:
867 3130 943 3194 item
976 3135 1130 3194 statutum
1162 3133 1196 3193 et
1227 3127 1408 3193 ordinatum
1437 3133 1496 3204 est,
1531 3126 1613 3208 qnod

374 3231 517 3308 potestus
540 3229 571 3292 in
595 3237 731 3310 quatuor
753 3231 962 3316 infrascriptis
985 3233 1112 3298 casibus
1135 3240 1195 3298 etc.
1228 3231 1422 3299 correctione
1443 3229 1614 3296 manifesta

372 3331 515 3396 noscitur
537 3333 689 3416 indigere,
714 3353 783 3400 cum
806 3337 838 3401 in
861 3336 993 3402 arbitrio
1016 3335 1186 3418 aliquando
1207 3336 1317 3404 cadom
1331 3335 1517 3417 pericnlum,
1543 3333 1615 3416 quia

372 3436 480 3516 potius
510 3443 544 3502 et
573 3439 685 3505 melius
716 3445 776 3524 est,
808 3441 894 3521 quod
926 3440 1083 3520 sententie
1117 3440 1222 3524 magni
1253 3439 1403 3522 ponderis
1425 3439 1458 3504 in
1480 3438 1613 3506 arbitrio

372 3538 451 3605 iuris
474 3545 508 3605 et
529 3541 667 3622 plurium
690 3545 868 3625 sapientum
900 3549 1078 3609 consistant
1107 3549 1140 3609 et
1170 3542 1383 3626 proferantur,
1414 3561 1454 3608 ne
1483 3547 1614 3624 propter

373 3642 500 3708 inicium
532 3646 697 3712 arbitrium
729 3649 821 3714 unius
851 3648 948 3714 solius
980 3647 1149 3715 iudicantis
1173 3647 1272 3728 aliqui
1293 3648 1506 3714 molestentur
1528 3646 1614 3713 iuxta

375 3747 518 3828 regulam
540 3748 633 3815 iuris:
656 3751 711 3816 ubi
734 3751 835 3816 maius
858 3752 1042 3834 periculum,
1075 3751 1119 3818 ibi
1142 3753 1266 3818 raudus
1295 3757 1345 3816 est
1374 3750 1544 3830 agendum.
1574 3750 1615 3816 Et

377 3857 550 3932 propterea
580 3856 779 3937 arrengando
804 3856 970 3934 consuluit,
1002 3857 1086 3937 qnod
1110 3857 1228 3922 dictum
1251 3858 1407 3920 statutum
1438 3853 1614 3936 corrigatur

377 3957 411 4022 et
434 3961 610 4021 correctum
634 3957 757 4024 sithoc
779 3959 881 4040 modo,
914 3959 1074 4034 uidelicet,
1105 3959 1190 4040 quod
1212 3965 1354 4025 rectores
1377 3976 1435 4024 seu
1458 3959 1612 4038 consides,

376 4059 430 4140 qui
453 4077 536 4125 nunc
558 4066 634 4126 sunt
655 4061 708 4128 uel
730 4080 796 4154 pru¹
811 4069 956 4145 tempore
977 4063 1097 4129 fuerint
1119 4069 1153 4130 et
1175 4065 1270 4129 etiarn
1291 4067 1468 4144 potestates
1489 4081 1550 4128 seu
1567 4079 1613 4128 co

375 4163 478 4241 mites,
509 4164 561 4228 uel
592 4166 706 4246 quouis
736 4166 799 4232 alio
819 4167 944 4232 nomine
967 4174 1198 4251 nuncupentur,
1230 4167 1400 4247 quinum,
1430 4166 1482 4231 uei
1507 4166 1613 4247 plures

375 4263 533 4331 heberent
554 4285 667 4348 regere
698 4269 859 4336 ciuitatem
882 4269 1040 4352 prefatam
1063 4271 1235 4336 secundnm
1257 4273 1379 4336 statuta
1408 4269 1509 4351 ipsius
1541 4269 1613 4335 ciui-

372 4397 577 4408 ——-—-—-

424 4457 530 4536 ¹Oap.
547 4461 607 4537 ciij
631 4463 727 4537 quarti
750 4463 816 4523 libri
839 4463 868 4522 in
891 4463 1017 4522 editione
1040 4463 1196 4538 praesenti.
1220 4462 1377 4539 Inscriptio
1399 4461 1473 4522 haec
1488 4463 1521 4522 in
1536 4461 1613 4522 cod

378 4546 483 4606 acad.
508 4547 583 4608 Bet
605 4565 653 4624 ap.
676 4547 703 4606 L
707 4547 786 4624 Jub
811 4549 941 4626 inferius,
965 4555 1032 4623 poet
1054 4550 1267 4609 invocationem
1281 4568 1318 4608 ao
1333 4551 1433 4608 datum
1449 4553 1495 4607 ost
1509 4550 1612 4624 posim

378 4629 837 4780 ’dgigtjuebdiehonorundiffi
903 4631 1039 4695 ³ibid:
1059 4630 1209 4716 „Vgolij‘.
1273 4634 1413 4696 ⁴ibid.:
1431 4634 1612 4710 „dominue‘.

531 4762 548 4800 u
