3416 5350
1365 511 1426 572 149
1481 525 1488 534 ’

182 715 305 782 aflectu
338 715 423 782 dicto
453 715 515 780 ciui
538 712 701 797 Spoletina
730 731 835 780 coram
871 718 994 779 rectore
1016 711 1131 792 ipsius¹
1163 711 1310 796 ciuitatis,
1342 714 1429 794 quod

185 821 291 886 dictus
322 819 456 887 lorensis
486 825 635 885 teneatur
659 819 775 884 dictem
799 817 975 884 cautionem
1000 821 1034 883 et
1055 817 1298 882 satisdationem
1322 816 1428 884 iecere
1519 797 1538 850 i

183 929 397 1006 caprasiam,
421 923 501 988 alies
525 941 587 988 non
610 923 760 988 audiatur
782 927 892 987 contra
914 921 1017 988 ciuem
1033 918 1230 1002 Spaletinum
1249 939 1349 1002 super
1372 941 1423 988 ec·

181 1029 348 1094 cusatione
370 1032 404 1093 et
427 1027 665 1093 denuntiatione
688 1025 841 1108 predicte.

227 1132 273 1196 Et
295 1134 486 1214 quicumque
508 1131 670 1197 habitator
689 1130 786 1196 inerit
807 1130 840 1194 in
863 1130 992 1196 ciuitate
1014 1147 1071 1210 per
1093 1135 1160 1195 tres
1190 1147 1293 1195 annos
1327 1131 1427 1196 conti·

183 1253 275 1315 nuos,
309 1254 367 1317 pro
401 1235 527 1302 iorcnse
557 1234 590 1298 in
621 1233 835 1300 criminalibus
864 1236 967 1300 causis
997 1233 1125 1299 minime
1152 1233 1309 1298 habeatur
1330 1239 1364 1298 et
1385 1233 1427 1298 ad

186 1341 366 1408 cautionem
390 1341 422 1405 in
446 1341 531 1406 dicto
563 1344 684 1406 statuto
714 1336 912 1404 contentem⁹
933 1337 1139 1420 praetendam
1168 1336 1350 1402 nullatenus
1381 1343 1427 1402 te-

184 1451 310 1511 neetur.

290 1656 357 1701 ou.
381 1656 481 1699 xxm.
505 1657 547 1698 DE
568 1656 761 1700 nonnusmus
783 1655 1041 1707 enumeramus
1062 1655 1151 1698 muns
1167 1631 1322 1696 ernnust.

229 1773 311 1838 Item
332 1777 487 1837 statutum
508 1777 541 1837 et
563 1773 743 1837 ordinatum
766 1777 824 1848 ost,
850 1771 934 1853 quod
957 1771 984 1838 si
1007 1771 1121 1852 aliquis
1144 1769 1279 1836 lorensis
1298 1787 1427 1851 percus·

187 1877 275 1954 serit
299 1877 352 1943 uel
372 1875 540 1942 offenderit
555 1876 691 1958 ubique⁴
713 1877 854 1942 locorum
869 1877 1005 1957 aliquem
1021 1876 1123 1941 ciuem
1140 1875 1277 1940 ciuitatis
1294 1873 1426 1955 Spoleti,

187 1981 214 2045 si
237 1981 305 2047 sine
328 1979 434 2061 armiS,
465 1981 558 2045 tunc⁵
580 1979 648 2046 sine
670 1983 766 2045 ermis
790 1980 893 2061 possit
915 1981 1044 2060 impune
1067 1979 1191 2060 percuti
1213 1984 1246 2044 et
1268 1976 1386 2044 offendi
1409 1997 1429 2043 e

188 2083 274 2149 dicto
297 2083 367 2150 cine
391 2082 556 2165 Spaletino
579 2089 613 2148 ct
635 2103 654 2149 a
676 2084 744 2150 suis
767 2083 1033 2166 consanguineast

232 2187 325 2253 Etsi
349 2188 452 2254 dictus
475 2187 610 2254 lorensis
632 2189 665 2253 in
688 2207 887 2269 quocumque
909 2187 978 2255 loco
1001 2187 1209 2270 percusserit²
1230 2204 1299 2250 cum
1331 2185 1428 2250 ermis

189 2297 224 2355 ct
246 2291 315 2357 sine
338 2291 518 2376 sanguine⁸‚
539 2294 643 2359 dictus
666 2292 819 2359 forensis⁹
840 2293 941 2374 possit
963 2293 1092 2373 impunc
1115 2291 1238 2373 percuti
1261 2295 1295 2355 et
1310 2289 1427 2356 offendi

188 2394 314 2460 edicto
335 2394 406 2460 ciue
430 2395 595 2478 Spaletino
618 2403 651 2464 et
673 2415 693 2462 a
716 2397 781 2462 suis
805 2395 1055 2478 consanguineis.

231 2498 326 2564 Etsi
356 2498 460 2565 dictus
490 2499 626 2566 lorensis
655 2499 851 2581 percusserit
879 2517 950 2564 cum
978 2497 1074 2564 ermis
1106 2503 1140 2564 et
1170 2517 1240 2564 cum
1267 2497 1428 2580 sanguinis

189 2599 345 2669 effusione
369 2603 507 2685 aliquem
530 2605 632 2670 ciuem
649 2604 856 2686 spoletinum,
880 2610 957 2668 tuuc
975 2603 1079 2668 dictus
1098 2601 1233 2667 forensis
1248 2621 1318 2666 cum
1335 2603 1429 2667 armis

188 2711 222 2771 et
244 2725 316 2772 cum
339 2707 501 2789 sanguinis
524 2707 678 2774 effusione
700 2709 803 2788 possit
825 2707 953 2788 impune
975 2707 1098 2788 percuti
1121 2711 1154 2771 et
1169 2703 1288 2772 offendi
1308 2722 1328 2769 a
1345 2705 1428 2770 dicto

190 2809 260 2875 ciue
283 2809 450 2892 Spoletina
474 2816 507 2875 et
530 2830 549 2876 e
571 2812 637 2877 suis
668 2811 927 2892 consanguineis3
963 2809 1133 2875 dummodo
1156 2809 1243 2874 ille¹⁰
1265 2809 1351 2886 ciuis,
1376 2809 1429 2889 qui

190 2911 361 2979 offenderit
383 2913 550 2989 forensem,
582 2916 723 2998 legitime
754 2915 869 2995 probet
898 2932 1005 2978 coram
1032 2917 1157 2978 rectore
1180 2911 1313 2993 Speleti,
1343 2913 1429 2998 quod

188 3015 326 3083 forensis
349 3019 437 3099 prius
460 3019 654 3100 percusserit
675 3019 794 3084 dictum
816 3018 960 3083 ciuem¹².

232 3121 278 3186 Et
300 3122 494 3202 generaliter
517 3121 557 3188 de
580 3125 665 3188 omni
689 3123 862 3186 offensione
884 3120 963 3186 reali
986 3125 1021 3184 et
1035 3119 1201 3201 personali,
1226 3135 1288 3200 que
1304 3116 1429 3183 fieret1²

188 3243 247 3306 per
269 3223 430 3292 forensem
454 3233 565 3292 contre
587 3227 687 3291 ciuem
711 3225 911 3306 Spoletinum
933 3225 994 3289 hoc
1015 3229 1169 3289 statutum
1191 3222 1308 3288 debeat
1329 3221 1429 3286 inuio-

189 3329 330 3394 labiliter
352 3329 525 3395 obseruari.

233 3557 301 3601 cnr.
332 3559 447 3602 xxm.
470 3560 512 3602 nn
534 3559 795 3603 annonesromnoe
816 3556 1097 3660 onnunoenromus,
1120 3534 1215 3601 unn¹³
1229 3554 1301 3616 nou,
1324 3555 1386 3598 nnn

715 3645 871 3689 ermanus
906 3671 913 3686 .

233 3759 315 3826 Item
338 3763 495 3825 statutum
518 3767 552 3826 et
574 3761 751 3826 ordinatum
772 3767 831 3843 est,
855 3761 940 3842 quod
955 3761 981 3824 si
997 3759 1067 3841 quis
1084 3759 1277 3841 percusserit
1291 3757 1429 3836 aliquem

190 3881 261 3930 cnm
275 3861 436 3929 forficibus
449 3863 571 3944 terreis,
588 3867 634 3930 ita
650 3867 734 3946 quod
751 3884 788 3930 ex
804 3882 867 3929 uno
889 3866 953 3929 ictu
969 3863 1081 3930 fecerit
1096 3864 1175 3930 dues
1190 3861 1428 3944 percussionem

192 3967 219 4032 si
243 3967 336 4047 ambe
360 3973 454 4033 erunt
476 3986 547 4034 cum
569 3969 732 4052 sanguine,
757 3987 814 4050 pro
838 3968 981 4050 qnalibet
1001 3967 1187 4050 percursione
1209 3965 1358 4048 punietur
1381 3982 1429 4030 se-

240 4159 360 4222 lCod.
384 4161 490 4223 aced.
514 4161 555 4221 B:
582 4161 718 4242 „liuius“.
789 4157 801 4194 ²
824 4161 930 4221 ibid:
956 4159 1138 4242 „iaciendum
1160 4157 1221 4218 et“.
1288 4153 1430 4216 ⁸ibid.:

195 4247 412 4326 „Spalatinos“·
469 4245 552 4322 4Αρ.
568 4249 594 4306 L
598 4248 667 4324 jub
687 4267 694 4308 :
716 4247 938 4322 „ubicumque“.
995 4243 1007 4280 ⁶
1022 4246 1112 4307 ibid.
1129 4252 1160 4306 et
1174 4245 1252 4304 cod.
1269 4242 1372 4302 acad.
1389 4242 1431 4300 B:

194 4339 242 4409 „ct
263 4327 363 4395 tnnc“.
457 4331 577 4394 ‘eod
609 4334 716 4393 acad.
748 4335 789 4392 B:
821 4333 936 4411 „possit
965 4349 1031 4394 eum
1057 4335 1211 4408 percutere
1234 4333 1264 4388 et
1286 4329 1433 4390 offendere

191 4421 285 4480 dictus
307 4420 381 4480 ciuis
404 4420 573 4496 Spoletinus
589 4424 618 4480 et
632 4421 695 4479 eine
718 4419 958 4496 consangninei“.
1021 4417 1034 4452 '¹
1056 4419 1150 4478 Deest
1171 4417 1200 4475 in
1222 4416 1302 4476 cod.
1326 4414 1431 4474 acad.

190 4505 269 4566 det
290 4507 325 4566 B.
432 4503 523 4582 8Αρ.
547 4507 573 4566 L
577 4506 674 4583 jub.:
701 4523 784 4582 „oum
807 4505 959 4582 sanguinis
981 4501 1169 4566 effossione“.
1277 4499 1429 4582 ⁰„dictus

191 4591 332 4652 forensis“
359 4593 443 4653 deest
465 4594 556 4652 ibid.
661 4589 690 4625 1⁰
712 4593 797 4653 cod.
821 4592 927 4653 acad.
951 4593 994 4652 B:
1021 4589 1166 4675 „diotns“.
1269 4583 1429 4646 11ibid:

193 4679 425 4826 'lespsshtiffmu'
460 4767 479 4825 d
512 4675 539 4712 1⁹
562 4679 782 4825 OgdBeoed.
805 4678 850 4739 A:
877 4671 995 4756 „lient“.
1081 4673 1109 4711 ¹³
1130 4677 1223 4737 Deest
1244 4689 1294 4750 ep.
1317 4672 1427 4748 Ljub.

273 4783 323 4827 ecs
357 4785 388 4826 re
410 4784 450 4826 co
481 4784 582 4826 .aoa
611 4811 617 4826 .
669 4813 676 4828 .
