3434 5368
313 373 345 442 X

317 582 551 648 communitatis
566 579 682 646 factum
699 579 802 646 comiti
827 577 982 644 CorzoIae
994 585 1027 642 et
1038 577 1168 642 Melitae
1189 575 1227 640 D.
1247 573 1392 640 Marxiiio
1417 573 1549 655 Georgii

313 687 436 754 Veneto
459 690 491 752 io
514 681 731 768 perpetuum.“

357 792 492 857 Duabus
515 791 563 855 his
586 789 771 854 lectionibus
795 787 930 862 adiutus„
964 785 1133 850 editionem
1156 803 1261 850 meam
1284 781 1415 859 confeci,
1440 783 1550 848 iectio-

316 913 436 976 nmque
459 895 681 962 dissentientes
704 893 878 973 uariasque.
904 892 952 956 nel
974 898 1149 970 corruptus,
1173 907 1252 969 quas
1275 887 1436 952 emendari
1454 905 1555 969 posse

316 1001 432 1078 censui,
456 1001 488 1064 iu
511 999 776 1066 annotatiuncniis
802 998 991 1062 adumbrare
1022 1002 1154 1059 conatos
1185 1013 1272 1058 sum:
1300 993 1332 1056 in
1363 1011 1426 1074 qua
1447 1011 1483 1057 re
1504 993 1556 1057 ita

320 1112 476 1183 versatus,
499 1111 535 1169 ιιι
556 1104 725 1169 editionem
748 1103 915 1184 Hormapri
938 1102 1028 1182 signo
1060 1099 1190 1164 Horm.
1220 1097 1386 1164 lectionem
1409 1097 1553 1178 descrip-

322 1209 417 1275 tionis
439 1229 459 1274 a
481 1209 625 1290 Ljobiiio
649 1207 811 1273 coniectae
834 1207 1057 1271 abbreviatore
1078 1205 1105 1269 L
1110 1206 1122 1287 j
1135 1205 1193 1268 ob.
1217 1203 1400 1267 notaverim.
1424 1201 1552 1267 Eodem

318 1314 412 1380 modo
435 1313 687 1378 distributionem
711 1313 742 1376 in
765 1311 917 1392 capitula,
948 1311 1002 1374 obi
1031 1327 1134 1390 neque
1163 1308 1248 1390 apud
1276 1306 1418 1380 Horm„
1445 1323 1552 1386 neque

319 1418 402 1499 apud
426 1417 451 1482 L
457 1419 536 1498 jub.
561 1417 720 1482 iuvenitur
734 1423 768 1481 nt
783 1417 918 1481 omnium
937 1415 1075 1496 capitum
1092 1414 1352 1491 numerationem,
1376 1429 1556 1492 eorumque

320 1540 390 1586 com
412 1523 544 1606 singuiis
566 1529 755 1588 statutorum
780 1521 851 1587 iibri
874 1521 1030 1601 capitibus
1058 1519 1326 1600 comparationem
1349 1533 1555 1598 nequaqnam

321 1629 524 1692 omittendam
548 1627 644 1692 fnisse
668 1626 785 1708 putavi.

365 1731 423 1811 (ad
445 1731 509 1814 II.)
533 1732 620 1797 Libri
642 1732 746 1814 legum
768 1747 805 1796 ac
828 1734 1017 1796 statutomm
1029 1729 1165 1794 civitatis
1188 1734 1221 1793 et
1242 1728 1365 1794 insulae
1381 1727 1549 1804 Comatae,

321 1853 414 1918 quem
438 1837 496 1902 sob
521 1857 567 1900 nr.
591 1836 630 1901 li.
654 1837 736 1918 typis
758 1834 868 1902 excudi
892 1835 1014 1912 curavi,
1047 1853 1143 1898 ouum
1172 1833 1390 1898 tantummodo
1413 1833 1556 1898 codicem

321 1942 567 2023 manuscriptum
589 1941 779 2023 investigare
803 1941 900 2021 potui,
925 1958 1059 2022 eumque
1088 1956 1182 2019 quem
1211 1937 1331 2002 familia
1361 1935 1557 2018 Caporensis

206 2107 210 2118 ,
323 2043 477 2111 Comatae
500 2046 649 2126 possidet
672 2045 698 2109 Α
721 2063 784 2126 qna
808 2062 877 2108 cum
899 2045 985 2109 nullo
1008 2045 1103 2108 modo
1121 2044 1294 2124 impetrare
1309 2041 1492 2122 potuissem,
1515 2047 1556 2105 ot

321 2150 395 2214 mibi
418 2149 556 2216 codicem
578 2151 681 2231 ipsum
704 2149 878 2231 Zagrabiae
900 2149 1052 2215 utendum
1076 2143 1295 2226 concederent
1328 2163 1461 2227 cumque
1483 2145 1551 2211 edi-

321 2254 407 2320 tione
429 2254 551 2318 Veneta
573 2253 704 2319 sola-
726 2255 766 2318 tle
791 2272 854 2334 qua
869 2261 982 2333 postea
1004 2253 1133 2318 uberius
1158 2252 1259 2318 dicam
1281 2250 1427 2314 -hanc
1449 2268 1553 2314 meam
1577 2272 1586 2284 ·

321 2375 433 2422 novam
445 2357 611 2423 editionem
628 2355 738 2424 fulcire
752 2357 933 2437 noluissem,
957 2357 1027 2438 ipse
1043 2375 1094 2422 me
1110 2355 1279 2420 Coroniam
1295 2355 1423 2432 contuli,
1447 2353 1558 2440 ibique

321 2461 359 2526 D.
384 2463 532 2527 canonico
556 2461 621 2528 dre.
647 2461 720 2528 Cos.
745 2461 926 2527 Petkovitio
950 2468 984 2527 et
1006 2462 1093 2526 urbis
1104 2460 1266 2542 praefecto
1288 2461 1353 2524 dre.
1370 2458 1472 2540 Rapb.
1496 2459 1558 2522 Ar-

321 2567 410 2630 nerio
441 2567 577 2647 benigno
605 2565 873 2633 intercedentibus
904 2566 1061 2632 licentiam
1092 2567 1210 2632 codicis
1239 2565 1336 2647 ipsios
1366 2562 1556 2644 inspiciendi

323 2669 458 2752 adeptus
482 2691 567 2748 sum,
595 2669 639 2736 ita
667 2677 703 2736 nt
731 2672 791 2737 hoo
820 2689 945 2752 quoqne
974 2677 1211 2736 monumentum
1239 2668 1427 2752 perfectius,
1456 2685 1552 2748 quam

323 2773 427 2839 adhoc
449 2773 566 2840 factum
590 2783 648 2860 cst,
672 2775 768 2842 edere
791 2777 956 2857 potuerim.
983 2773 1132 2842 Codieem
1153 2775 1255 2858 ipsum
1280 2775 1386 2838 iubae
1400 2791 1472 2838 mea
1486 2771 1555 2837 edi-

322 2879 409 2944 tione
431 2877 642 2960 Caporiamnm
665 2879 774 2964 (Cup.)
796 2879 931 2962 appello.

22 4873 71 5024 J:
104 4863 216 4895 „ma-n..

71 4905 78 4919 f

367 2982 463 3049 Liber
485 2983 534 3048 hic
557 2985 662 3064 legum
684 3005 721 3049 ac
743 2991 933 3050 statutorum
949 2985 1085 3066 scriptos
1105 2992 1157 3050 est
1172 2985 1202 3048 iu
1220 2983 1328 3050 codice
1352 2981 1558 3047 membraneo

324 3105 405 3152 saec.
430 3085 488 3150 XV
492 3136 509 3162 .,
533 3089 621 3152 cuius
645 3089 768 3172 singula
798 3087 874 3153 folia
897 3095 937 3156 28
968 3097 1040 3154 ctm.
1073 3095 1147 3154 sont
1177 3089 1287 3168 longa,
1320 3092 1358 3151 21
1384 3093 1456 3150 ctm.
1480 3085 1556 3150 lata.

325 3189 432 3257 Codex
455 3193 523 3274 ipse
546 3198 587 3256 46
611 3192 687 3258 ioiia
716 3193 968 3275 comprehendit,
998 3213 1080 3275 quae
1111 3232 1150 3240 —
1179 3193 1318 3274 exceptis
1348 3192 1456 3272 primis
1479 3207 1557 3271 qna·

323 3301 397 3360 tuor·
418 3333 461 3342 —
483 3297 622 3360 numeris
650 3303 751 3361 1-42
775 3299 898 3380 signata
920 3305 1002 3363 suut.
1088 3357 1091 3362 .

367 3401 402 3480 ip
428 3399 541 3481 popina
563 3401 664 3481 prima
687 3402 788 3484 primi,
814 3421 942 3467 numero
966 3421 1028 3467 uon
1052 3403 1167 3484 signati
1190 3401 1256 3467 folii
1279 3399 1447 3466 recentiori
1464 3417 1559 3464 mano

325 3505 439 3570 verba:
466 3503 572 3590 „Haec
594 3513 668 3572 sunit
691 3515 811 3572 statuta
834 3505 1016 3573 Communis
1042 3506 1214 3573 Curzulae“
1243 3507 1392 3587 iuscripta
1414 3509 1497 3568 snut.
1522 3503 1559 3566 In

326 3609 441 3692 pagina
464 3610 601 3676 secondo
624 3611 764 3678 eiusdem
787 3611 852 3678 ioiii
869 3613 1006 3694 capitum
1025 3613 1119 3678 iudex
1141 3612 1258 3694 incipit,
1283 3612 1337 3692 qui
1360 3609 1483 3674 duabus
1507 3625 1559 3674 co·

328 3713 443 3778 lamnis
467 3714 610 3796 scriptus,
635 3717 841 3796 sequentibus
865 3717 965 3782 tribus
983 3715 1106 3799 paginis
1122 3718 1324 3799 continuator
1346 3721 1379 3780 et
1401 3715 1433 3778 in
1456 3713 1558 3794 prima

326 3817 431 3899 quarti
453 3815 520 3882 iolii
546 3817 660 3900 pagiua
683 3820 803 3884 vorbis:
840 3821 964 3898 „Finis‚
996 3821 1080 3885 Laus
1103 3821 1204 3900 Deo“‚
1228 3819 1364 3901 explicit.
1389 3817 1486 3882 Index
1508 3815 1560 3881 hia
1666 3831 1669 3834 ·

326 3921 548 4002 inscriptiones
572 3923 764 4004 singulorum
788 3925 927 4005 capitum
948 3925 1089 3990 continet
1112 3943 1181 3989 cum
1205 3925 1271 3990 suis
1286 3923 1435 4001 numerio,
1459 3922 1562 3986 minus

326 4033 433 4092 tantan
455 4033 601 4092 accurate
623 4028 782 4108 appositis,
807 4029 851 4092 ita
867 4035 903 4093 nt
918 4029 1104 4111 compluries
1121 4029 1204 4094 desit
1219 4045 1376 4104 uumerus,
1401 4025 1560 4092 interdum

326 4130 421 4196 otiam
444 4129 584 4196 iteretur.
610 4129 755 4198 Secunda
777 4134 893 4213 pagina
915 4133 1000 4200 tertii
1023 4132 1107 4217 iolii,
1140 4138 1235 4215 atque
1264 4133 1365 4214 prima
1380 4129 1484 4212 quarti
1507 4147 1561 4194 va·

333 4239 523 4312 sinuosum,
557 4235 588 4300 iu
612 4236 748 4300 secunda
768 4242 875 4300 >autem
908 4237 1023 4318 pagiua
1051 4231 1152 4319 quarti
1181 4236 1245 4302 folii
1277 4237 1434 4318 reperitur
1462 4241 1561 4301 totam
1603 4271 1605 4276 ,

330 4339 397 4404 fare
422 4337 577 4422 pagiuam
592 4339 811 4420 complectens
836 4347 932 4422 atque
948 4343 1025 4408 satis
1040 4340 1160 4408 affabre
1176 4340 1319 4406 confecta
1342 4341 1444 4422 imago
1469 4334 1558 4404 Chri·

330 4443 370 4508 sti
394 4443 425 4506 iu
449 4463 540 4509 cruce
565 4444 739 4526 pendentis,
764 4445 902 4510 cruentis
926 4465 994 4512 cum
1018 4448 1215 4532 vtdner·ibus;
1239 4447 1279 4511 ad
1304 4445 1400 4527 pedes
1424 4441 1560 4510 crncifixi

329 4551 507 4629 prostratae
530 4553 604 4612 suut
626 4547 779 4630 imagines
802 4547 924 4616 Mariae
947 4555 1043 4631 atque
1065 4551 1208 4616 Joauuis.

372 4649 478 4718 Prima
500 4653 615 4734 pagiua
638 4653 739 4736 quinti
762 4653 837 4738 folii,
863 4673 990 4722 numero
1019 4663 1043 4720 l.
1069 4656 1184 4739 signati
1205 4655 1315 4737 incipit
1337 4659 1442 4721 textus
1458 4658 1559 4719 stato·
