<?xml version="1.0" encoding="UTF-8"?>
<!DOCTYPE html PUBLIC "-//W3C//DTD XHTML 1.0 Transitional//EN"
    "http://www.w3.org/TR/xhtml1/DTD/xhtml1-transitional.dtd">
<html xmlns="http://www.w3.org/1999/xhtml" xml:lang="en" lang="en">
 <head>
  <title>
</title>
<meta http-equiv="Content-Type" content="text/html;charset=utf-8" />
  <meta name='ocr-system' content='tesseract 3.04.00' />
  <meta name='ocr-capabilities' content='ocr_page ocr_carea ocr_par ocr_line ocrx_word'/>
</head>
<body>
  <div class='ocr_page' id='page_1' title='image "./statutaetlegesc00yuggoog_0235.png"; bbox 0 0 3376 5392; ppageno 0'>
   <div class='ocr_carea' id='block_1_1' title="bbox 1283 457 1345 524">
    <p class='ocr_par' dir='ltr' id='par_1_1' title="bbox 1283 457 1345 524">
     <span class='ocr_line' id='line_1_1' title="bbox 1283 457 1345 524; baseline 0 0"><span class='ocrx_word' id='word_1_1' title='bbox 1283 457 1345 524; x_wconf 76' lang='lat'><strong>2⁰0</strong></span> 
     </span>
    </p>
   </div>
   <div class='ocr_carea' id='block_1_2' title="bbox 88 679 1344 2644">
    <p class='ocr_par' dir='ltr' id='par_1_2' title="bbox 88 679 1344 1910">
     <span class='ocr_line' id='line_1_2' title="bbox 93 679 1339 766; baseline 0.002 -21"><span class='ocrx_word' id='word_1_2' title='bbox 93 681 177 747; x_wconf 83' lang='lat' dir='ltr'><strong>mite</strong></span> <span class='ocrx_word' id='word_1_3' title='bbox 203 679 358 749; x_wconf 85' lang='lat' dir='ltr'><strong>Gurzulae</strong></span> <span class='ocrx_word' id='word_1_4' title='bbox 373 683 567 766; x_wconf 76' lang='lat' dir='ltr'><strong>dignissimo,</strong></span> <span class='ocrx_word' id='word_1_5' title='bbox 592 684 769 766; x_wconf 80' lang='lat' dir='ltr'>complures</span> <span class='ocrx_word' id='word_1_6' title='bbox 784 681 907 750; x_wconf 89' lang='lat' dir='ltr'><strong>nobiles</strong></span> <span class='ocrx_word' id='word_1_7' title='bbox 921 688 1166 766; x_wconf 88' lang='lat' dir='ltr'><strong>comparuerunt</strong></span> <span class='ocrx_word' id='word_1_8' title='bbox 1188 681 1339 760; x_wconf 81' lang='lat' dir='ltr'><strong>dicentes,</strong></span> 
     </span>
     <span class='ocr_line' id='line_1_3' title="bbox 90 787 1344 868; baseline 0 -18"><span class='ocrx_word' id='word_1_9' title='bbox 90 790 124 850; x_wconf 85' lang='lat' dir='ltr'><strong>et</strong></span> <span class='ocrx_word' id='word_1_10' title='bbox 149 793 395 867; x_wconf 88' lang='lat' dir='ltr'><strong>conquerentes,</strong></span> <span class='ocrx_word' id='word_1_11' title='bbox 419 789 504 868; x_wconf 86' lang='lat' dir='ltr'><strong>quod</strong></span> <span class='ocrx_word' id='word_1_12' title='bbox 526 788 668 852; x_wconf 84' lang='lat' dir='ltr'><strong>nonnulli</strong></span> <span class='ocrx_word' id='word_1_13' title='bbox 690 787 832 852; x_wconf 83' lang='lat' dir='ltr'><strong>cendant</strong></span> <span class='ocrx_word' id='word_1_14' title='bbox 863 787 968 852; x_wconf 86' lang='lat' dir='ltr'><strong>vinum</strong></span> <span class='ocrx_word' id='word_1_15' title='bbox 1000 793 1091 852; x_wconf 85' lang='lat' dir='ltr'><strong>extra</strong></span> <span class='ocrx_word' id='word_1_16' title='bbox 1119 787 1280 854; x_wconf 81' lang='lat' dir='ltr'><strong>ciuitatem</strong></span> <span class='ocrx_word' id='word_1_17' title='bbox 1309 791 1344 851; x_wconf 91' lang='lat' dir='ltr'><strong>et</strong></span> 
     </span>
     <span class='ocr_line' id='line_1_4' title="bbox 88 887 1342 974; baseline -0.001 -20"><span class='ocrx_word' id='word_1_18' title='bbox 88 907 165 954; x_wconf 91' lang='lat' dir='ltr'><strong>curn</strong></span> <span class='ocrx_word' id='word_1_19' title='bbox 191 891 314 956; x_wconf 80' lang='lat' dir='ltr'><strong>Puncta</strong></span> <span class='ocrx_word' id='word_1_20' title='bbox 337 891 424 957; x_wconf 91' lang='lat' dir='ltr'><strong>locus</strong></span> <span class='ocrx_word' id='word_1_21' title='bbox 447 891 666 974; x_wconf 82' lang='lat' dir='ltr'><strong>Raguseorum</strong></span> <span class='ocrx_word' id='word_1_22' title='bbox 689 893 732 956; x_wconf 89' lang='lat' dir='ltr'><strong>sit</strong></span> <span class='ocrx_word' id='word_1_23' title='bbox 754 891 874 955; x_wconf 87' lang='lat' dir='ltr'><strong>ciuitati</strong></span> <span class='ocrx_word' id='word_1_24' title='bbox 901 890 1056 957; x_wconf 87' lang='lat' dir='ltr'><strong>Curculae</strong></span> <span class='ocrx_word' id='word_1_25' title='bbox 1087 891 1192 955; x_wconf 91' lang='lat' dir='ltr'><strong>uicina</strong></span> <span class='ocrx_word' id='word_1_26' title='bbox 1222 895 1255 954; x_wconf 88' lang='lat' dir='ltr'><strong>et</strong></span> <span class='ocrx_word' id='word_1_27' title='bbox 1285 887 1342 954; x_wconf 88' lang='lat' dir='ltr'><strong>fiat</strong></span> 
     </span>
     <span class='ocr_line' id='line_1_5' title="bbox 89 991 1343 1074; baseline 0 -16"><span class='ocrx_word' id='word_1_28' title='bbox 89 993 136 1058; x_wconf 91' lang='lat' dir='ltr'><strong>ibi</strong></span> <span class='ocrx_word' id='word_1_29' title='bbox 159 995 296 1060; x_wconf 87' lang='lat' dir='ltr'><strong>multum</strong></span> <span class='ocrx_word' id='word_1_30' title='bbox 328 996 400 1074; x_wconf 83' lang='lat' dir='ltr'><strong>uiui,</strong></span> <span class='ocrx_word' id='word_1_31' title='bbox 430 997 521 1062; x_wconf 90' lang='lat' dir='ltr'><strong>multi</strong></span> <span class='ocrx_word' id='word_1_32' title='bbox 553 1001 617 1062; x_wconf 87' lang='lat' dir='ltr'><strong>tam</strong></span> <span class='ocrx_word' id='word_1_33' title='bbox 648 995 688 1060; x_wconf 92' lang='lat' dir='ltr'><strong>de</strong></span> <span class='ocrx_word' id='word_1_34' title='bbox 719 996 848 1060; x_wconf 89' lang='lat' dir='ltr'><strong>ciuitate</strong></span> <span class='ocrx_word' id='word_1_35' title='bbox 879 991 1045 1074; x_wconf 73' lang='lat' dir='ltr'><strong>(lunulae,</strong></span> <span class='ocrx_word' id='word_1_36' title='bbox 1076 1010 1170 1074; x_wconf 85' lang='lat' dir='ltr'><strong>quam</strong></span> <span class='ocrx_word' id='word_1_37' title='bbox 1199 991 1343 1060; x_wconf 81' lang='lat' dir='ltr'><strong>forenses</strong></span> 
     </span>
     <span class='ocr_line' id='line_1_6' title="bbox 90 1096 1335 1180; baseline 0.002 -19"><span class='ocrx_word' id='word_1_38' title='bbox 90 1097 220 1164; x_wconf 87' lang='lat' dir='ltr'><strong>uadunt</strong></span> <span class='ocrx_word' id='word_1_39' title='bbox 240 1105 273 1164; x_wconf 90' lang='lat' dir='ltr'><strong>et</strong></span> <span class='ocrx_word' id='word_1_40' title='bbox 294 1105 402 1165; x_wconf 89' lang='lat' dir='ltr'><strong>emunt</strong></span> <span class='ocrx_word' id='word_1_41' title='bbox 427 1100 533 1164; x_wconf 87' lang='lat' dir='ltr'><strong>vinum</strong></span> <span class='ocrx_word' id='word_1_42' title='bbox 554 1100 586 1164; x_wconf 93' lang='lat' dir='ltr'><strong>iu</strong></span> <span class='ocrx_word' id='word_1_43' title='bbox 609 1098 731 1164; x_wconf 79' lang='lat' dir='ltr'><strong>Puncta</strong></span> <span class='ocrx_word' id='word_1_44' title='bbox 760 1105 792 1164; x_wconf 86' lang='lat' dir='ltr'><strong>et</strong></span> <span class='ocrx_word' id='word_1_45' title='bbox 813 1099 860 1162; x_wconf 88' lang='lat' dir='ltr'><strong>ita</strong></span> <span class='ocrx_word' id='word_1_46' title='bbox 889 1097 948 1164; x_wconf 88' lang='lat' dir='ltr'><strong>sub</strong></span> <span class='ocrx_word' id='word_1_47' title='bbox 980 1097 1040 1164; x_wconf 80' lang='lat' dir='ltr'><strong>hac</strong></span> <span class='ocrx_word' id='word_1_48' title='bbox 1067 1096 1173 1179; x_wconf 88' lang='lat' dir='ltr'><strong>specie</strong></span> <span class='ocrx_word' id='word_1_49' title='bbox 1203 1096 1257 1176; x_wconf 87' lang='lat' dir='ltr'><strong>illi,</strong></span> <span class='ocrx_word' id='word_1_50' title='bbox 1282 1098 1335 1180; x_wconf 83' lang='lat' dir='ltr'><strong>qud</strong></span> 
     </span>
     <span class='ocr_line' id='line_1_7' title="bbox 89 1199 1337 1283; baseline -0.002 -16"><span class='ocrx_word' id='word_1_51' title='bbox 89 1203 274 1268; x_wconf 89' lang='lat' dir='ltr'><strong>uenderent</strong></span> <span class='ocrx_word' id='word_1_52' title='bbox 295 1203 401 1268; x_wconf 85' lang='lat' dir='ltr'><strong>uiuum</strong></span> <span class='ocrx_word' id='word_1_53' title='bbox 416 1211 505 1269; x_wconf 83' lang='lat' dir='ltr'><strong>extra</strong></span> <span class='ocrx_word' id='word_1_54' title='bbox 520 1203 679 1268; x_wconf 90' lang='lat' dir='ltr'><strong>ciuitatem</strong></span> <span class='ocrx_word' id='word_1_55' title='bbox 695 1207 881 1283; x_wconf 88' lang='lat' dir='ltr'><strong>praesertim</strong></span> <span class='ocrx_word' id='word_1_56' title='bbox 907 1203 940 1266; x_wconf 92' lang='lat' dir='ltr'><strong>in</strong></span> <span class='ocrx_word' id='word_1_57' title='bbox 956 1201 1067 1281; x_wconf 83' lang='lat' dir='ltr'><strong>burgo,</strong></span> <span class='ocrx_word' id='word_1_58' title='bbox 1090 1201 1173 1265; x_wconf 89' lang='lat' dir='ltr'><strong>irent</strong></span> <span class='ocrx_word' id='word_1_59' title='bbox 1195 1199 1337 1268; x_wconf 87' lang='lat' dir='ltr'><strong>nonnulli</strong></span> 
     </span>
     <span class='ocr_line' id='line_1_8' title="bbox 91 1303 1341 1390; baseline -0.002 -19"><span class='ocrx_word' id='word_1_60' title='bbox 91 1306 135 1371; x_wconf 89' lang='lat' dir='ltr'><strong>ad</strong></span> <span class='ocrx_word' id='word_1_61' title='bbox 160 1307 332 1372; x_wconf 86' lang='lat' dir='ltr'><strong>emendum</strong></span> <span class='ocrx_word' id='word_1_62' title='bbox 355 1307 460 1372; x_wconf 89' lang='lat' dir='ltr'><strong>vinum</strong></span> <span class='ocrx_word' id='word_1_63' title='bbox 483 1307 516 1370; x_wconf 91' lang='lat' dir='ltr'><strong>iu</strong></span> <span class='ocrx_word' id='word_1_64' title='bbox 538 1308 659 1372; x_wconf 81' lang='lat' dir='ltr'><strong>Puncta</strong></span> <span class='ocrx_word' id='word_1_65' title='bbox 682 1307 722 1372; x_wconf 92' lang='lat' dir='ltr'><strong>de</strong></span> <span class='ocrx_word' id='word_1_66' title='bbox 745 1313 836 1371; x_wconf 88' lang='lat' dir='ltr'><strong>nocte</strong></span> <span class='ocrx_word' id='word_1_67' title='bbox 860 1313 894 1372; x_wconf 91' lang='lat' dir='ltr'><strong>et</strong></span> <span class='ocrx_word' id='word_1_68' title='bbox 915 1311 1027 1390; x_wconf 87' lang='lat' dir='ltr'><strong>postea</strong></span> <span class='ocrx_word' id='word_1_69' title='bbox 1048 1305 1224 1371; x_wconf 86' lang='lat' dir='ltr'><strong>uenderent</strong></span> <span class='ocrx_word' id='word_1_70' title='bbox 1239 1303 1341 1370; x_wconf 90' lang='lat' dir='ltr'><strong>foren-</strong></span> 
     </span>
     <span class='ocr_line' id='line_1_9' title="bbox 92 1409 1342 1493; baseline -0.002 -19"><span class='ocrx_word' id='word_1_71' title='bbox 92 1409 187 1475; x_wconf 87' lang='lat' dir='ltr'><strong>sibus</strong></span> <span class='ocrx_word' id='word_1_72' title='bbox 211 1417 246 1475; x_wconf 86' lang='lat' dir='ltr'><strong>et</strong></span> <span class='ocrx_word' id='word_1_73' title='bbox 268 1411 348 1492; x_wconf 72' lang='lat' dir='ltr'><strong>aliis,</strong></span> <span class='ocrx_word' id='word_1_74' title='bbox 382 1429 462 1492; x_wconf 91' lang='lat' dir='ltr'><strong>quae</strong></span> <span class='ocrx_word' id='word_1_75' title='bbox 493 1429 544 1476; x_wconf 90' lang='lat' dir='ltr'><strong>res</strong></span> <span class='ocrx_word' id='word_1_76' title='bbox 574 1417 753 1475; x_wconf 87' lang='lat' dir='ltr'><strong>uerteretur</strong></span> <span class='ocrx_word' id='word_1_77' title='bbox 783 1413 814 1474; x_wconf 90' lang='lat' dir='ltr'><strong>in</strong></span> <span class='ocrx_word' id='word_1_78' title='bbox 845 1429 992 1493; x_wconf 83' lang='lat' dir='ltr'><strong>magnum</strong></span> <span class='ocrx_word' id='word_1_79' title='bbox 1027 1409 1177 1474; x_wconf 90' lang='lat' dir='ltr'><strong>damnum</strong></span> <span class='ocrx_word' id='word_1_80' title='bbox 1205 1410 1342 1476; x_wconf 89' lang='lat' dir='ltr'><strong>omnium</strong></span> 
     </span>
     <span class='ocr_line' id='line_1_10' title="bbox 92 1513 1342 1596; baseline 0.002 -18"><span class='ocrx_word' id='word_1_81' title='bbox 92 1513 224 1593; x_wconf 91' lang='lat' dir='ltr'><strong>ciuium,</strong></span> <span class='ocrx_word' id='word_1_82' title='bbox 249 1515 303 1596; x_wconf 92' lang='lat' dir='ltr'><strong>qui</strong></span> <span class='ocrx_word' id='word_1_83' title='bbox 325 1533 388 1580; x_wconf 89' lang='lat' dir='ltr'><strong>non</strong></span> <span class='ocrx_word' id='word_1_84' title='bbox 410 1516 524 1580; x_wconf 92' lang='lat' dir='ltr'><strong>uiuunt</strong></span> <span class='ocrx_word' id='word_1_85' title='bbox 547 1515 587 1580; x_wconf 91' lang='lat' dir='ltr'><strong>de</strong></span> <span class='ocrx_word' id='word_1_86' title='bbox 610 1516 672 1582; x_wconf 89' lang='lat' dir='ltr'><strong>alio</strong></span> <span class='ocrx_word' id='word_1_87' title='bbox 695 1515 809 1593; x_wconf 86' lang='lat' dir='ltr'><strong>reditu,</strong></span> <span class='ocrx_word' id='word_1_88' title='bbox 834 1534 928 1596; x_wconf 85' lang='lat' dir='ltr'><strong>quam</strong></span> <span class='ocrx_word' id='word_1_89' title='bbox 950 1515 990 1581; x_wconf 90' lang='lat' dir='ltr'><strong>de</strong></span> <span class='ocrx_word' id='word_1_90' title='bbox 1014 1515 1119 1580; x_wconf 92' lang='lat' dir='ltr'><strong>reditu</strong></span> <span class='ocrx_word' id='word_1_91' title='bbox 1141 1513 1221 1580; x_wconf 87' lang='lat' dir='ltr'><strong>vini:</strong></span> <span class='ocrx_word' id='word_1_92' title='bbox 1245 1531 1342 1596; x_wconf 88' lang='lat' dir='ltr'><strong>quare</strong></span> 
     </span>
     <span class='ocr_line' id='line_1_11' title="bbox 91 1619 1342 1702; baseline -0.001 -18"><span class='ocrx_word' id='word_1_93' title='bbox 91 1619 263 1700; x_wconf 86' lang='lat' dir='ltr'><strong>petierunt</strong></span> <span class='ocrx_word' id='word_1_94' title='bbox 286 1625 321 1684; x_wconf 91' lang='lat' dir='ltr'><strong>ut</strong></span> <span class='ocrx_word' id='word_1_95' title='bbox 343 1639 400 1685; x_wconf 90' lang='lat' dir='ltr'><strong>sua</strong></span> <span class='ocrx_word' id='word_1_96' title='bbox 429 1619 663 1702; x_wconf 81' lang='lat' dir='ltr'><strong>magnificentia</strong></span> <span class='ocrx_word' id='word_1_97' title='bbox 691 1620 883 1702; x_wconf 80' lang='lat' dir='ltr'><strong>prouiderat,</strong></span> <span class='ocrx_word' id='word_1_98' title='bbox 908 1639 947 1686; x_wconf 91' lang='lat' dir='ltr'><strong>ne</strong></span> <span class='ocrx_word' id='word_1_99' title='bbox 980 1620 1043 1685; x_wconf 91' lang='lat' dir='ltr'><strong>tale</strong></span> <span class='ocrx_word' id='word_1_100' title='bbox 1069 1619 1218 1684; x_wconf 86' lang='lat' dir='ltr'><strong>damnum</strong></span> <span class='ocrx_word' id='word_1_101' title='bbox 1252 1638 1342 1700; x_wconf 85' lang='lat' dir='ltr'><strong>prae-</strong></span> 
     </span>
     <span class='ocr_line' id='line_1_12' title="bbox 93 1723 1343 1806; baseline 0 -18"><span class='ocrx_word' id='word_1_102' title='bbox 93 1723 191 1788; x_wconf 90' lang='lat' dir='ltr'><strong>dictis</strong></span> <span class='ocrx_word' id='word_1_103' title='bbox 215 1723 337 1790; x_wconf 90' lang='lat' dir='ltr'><strong>ciuibus</strong></span> <span class='ocrx_word' id='word_1_104' title='bbox 361 1725 555 1803; x_wconf 81' lang='lat' dir='ltr'><strong>succederet,</strong></span> <span class='ocrx_word' id='word_1_105' title='bbox 579 1723 663 1804; x_wconf 88' lang='lat' dir='ltr'><strong>quod</strong></span> <span class='ocrx_word' id='word_1_106' title='bbox 679 1724 862 1806; x_wconf 86' lang='lat' dir='ltr'><strong>prohiberet</strong></span> <span class='ocrx_word' id='word_1_107' title='bbox 880 1724 993 1790; x_wconf 83' lang='lat' dir='ltr'><strong>amodo</strong></span> <span class='ocrx_word' id='word_1_108' title='bbox 1009 1725 1041 1788; x_wconf 91' lang='lat' dir='ltr'><strong>in</strong></span> <span class='ocrx_word' id='word_1_109' title='bbox 1058 1731 1160 1798; x_wconf 79' lang='lat' dir='ltr'><strong>antea,</strong></span> <span class='ocrx_word' id='word_1_110' title='bbox 1186 1729 1221 1788; x_wconf 91' lang='lat' dir='ltr'><strong>ut</strong></span> <span class='ocrx_word' id='word_1_111' title='bbox 1239 1723 1343 1788; x_wconf 86' lang='lat' dir='ltr'><strong>nullus</strong></span> 
     </span>
     <span class='ocr_line' id='line_1_13' title="bbox 93 1827 1341 1910; baseline 0.001 -18"><span class='ocrx_word' id='word_1_112' title='bbox 93 1827 324 1909; x_wconf 88' lang='lat' dir='ltr'><strong>cuiuscumque</strong></span> <span class='ocrx_word' id='word_1_113' title='bbox 342 1829 530 1896; x_wconf 89' lang='lat' dir='ltr'><strong>conditionis</strong></span> <span class='ocrx_word' id='word_1_114' title='bbox 552 1829 709 1907; x_wconf 77' lang='lat' dir='ltr'><strong>existeret</strong></span> <span class='ocrx_word' id='word_1_115' title='bbox 734 1827 852 1895; x_wconf 85' lang='lat' dir='ltr'><strong>audeat</strong></span> <span class='ocrx_word' id='word_1_116' title='bbox 881 1827 1020 1893; x_wconf 88' lang='lat' dir='ltr'><strong>uendere</strong></span> <span class='ocrx_word' id='word_1_117' title='bbox 1043 1827 1147 1892; x_wconf 91' lang='lat' dir='ltr'><strong>vinum</strong></span> <span class='ocrx_word' id='word_1_118' title='bbox 1170 1828 1202 1892; x_wconf 91' lang='lat' dir='ltr'><strong>iu</strong></span> <span class='ocrx_word' id='word_1_119' title='bbox 1231 1827 1341 1910; x_wconf 71' lang='lat' dir='ltr'><strong>burgo⁸</strong></span> 
     </span>
    </p>

    <p class='ocr_par' dir='ltr' id='par_1_3' title="bbox 93 1931 1344 2644">
     <span class='ocr_line' id='line_1_14' title="bbox 138 1931 1342 2025; baseline 0.001 -29"><span class='ocrx_word' id='word_1_120' title='bbox 138 1931 215 2009; x_wconf 85' lang='lat' dir='ltr'><strong>Qua</strong></span> <span class='ocrx_word' id='word_1_121' title='bbox 236 1933 276 1998; x_wconf 89' lang='lat' dir='ltr'><strong>de</strong></span> <span class='ocrx_word' id='word_1_122' title='bbox 298 1951 333 1998; x_wconf 89' lang='lat' dir='ltr'><strong>re</strong></span> <span class='ocrx_word' id='word_1_123' title='bbox 355 1931 517 2014; x_wconf 86' lang='lat' dir='ltr'><strong>praelatus</strong></span> <span class='ocrx_word' id='word_1_124' title='bbox 540 1931 896 2025; x_wconf 70' lang='lat' dir='ltr'><strong>magnificusdominus</strong></span> <span class='ocrx_word' id='word_1_125' title='bbox 928 1949 1033 1998; x_wconf 90' lang='lat' dir='ltr'><strong>comes</strong></span> <span class='ocrx_word' id='word_1_126' title='bbox 1063 1932 1118 1996; x_wconf 83' lang='lat' dir='ltr'><strong>tali</strong></span> <span class='ocrx_word' id='word_1_127' title='bbox 1148 1931 1257 1997; x_wconf 86' lang='lat' dir='ltr'><strong>audita</strong></span> <span class='ocrx_word' id='word_1_128' title='bbox 1287 1950 1342 2014; x_wconf 80' lang='lat' dir='ltr'><strong>pe</strong></span> 
     </span>
     <span class='ocr_line' id='line_1_15' title="bbox 95 2035 1340 2118; baseline 0.001 -17"><span class='ocrx_word' id='word_1_129' title='bbox 95 2035 212 2104; x_wconf 89' lang='lat' dir='ltr'><strong>titione</strong></span> <span class='ocrx_word' id='word_1_130' title='bbox 235 2045 350 2118; x_wconf 86' lang='lat' dir='ltr'><strong>putans</strong></span> <span class='ocrx_word' id='word_1_131' title='bbox 371 2037 489 2102; x_wconf 88' lang='lat' dir='ltr'><strong>iustam</strong></span> <span class='ocrx_word' id='word_1_132' title='bbox 512 2056 581 2103; x_wconf 83' lang='lat' dir='ltr'><strong>esse</strong></span> <span class='ocrx_word' id='word_1_133' title='bbox 604 2037 835 2116; x_wconf 75' lang='lat' dir='ltr'><strong>ethonestatis,</strong></span> <span class='ocrx_word' id='word_1_134' title='bbox 860 2037 1067 2102; x_wconf 88' lang='lat' dir='ltr'><strong>consideretis</strong></span> <span class='ocrx_word' id='word_1_135' title='bbox 1088 2035 1340 2112; x_wconf 67' lang='lat' dir='ltr'><strong>considerandis</strong></span> 
     </span>
     <span class='ocr_line' id='line_1_16' title="bbox 95 2140 1342 2224; baseline 0.002 -20"><span class='ocrx_word' id='word_1_136' title='bbox 95 2140 326 2208; x_wconf 87' lang='lat' dir='ltr'><strong>determiuauit</strong></span> <span class='ocrx_word' id='word_1_137' title='bbox 348 2149 382 2208; x_wconf 87' lang='lat' dir='ltr'><strong>ct</strong></span> <span class='ocrx_word' id='word_1_138' title='bbox 404 2143 618 2222; x_wconf 78' lang='lat' dir='ltr'><strong>seutentiauit</strong></span> <span class='ocrx_word' id='word_1_139' title='bbox 644 2149 803 2224; x_wconf 85' lang='lat' dir='ltr'><strong>quatenus</strong></span> <span class='ocrx_word' id='word_1_140' title='bbox 827 2141 886 2206; x_wconf 86' lang='lat' dir='ltr'><strong>sub</strong></span> <span class='ocrx_word' id='word_1_141' title='bbox 917 2159 1021 2224; x_wconf 87' lang='lat' dir='ltr'><strong>poena</strong></span> <span class='ocrx_word' id='word_1_142' title='bbox 1050 2142 1270 2222; x_wconf 81' lang='lat' dir='ltr'><strong>inerperorum</strong></span> <span class='ocrx_word' id='word_1_143' title='bbox 1292 2159 1342 2207; x_wconf 89' lang='lat' dir='ltr'><strong>se·</strong></span> 
     </span>
     <span class='ocr_line' id='line_1_17' title="bbox 93 2245 1344 2329; baseline 0 -20"><span class='ocrx_word' id='word_1_144' title='bbox 93 2247 230 2327; x_wconf 82' lang='lat' dir='ltr'><strong>xaginta</strong></span> <span class='ocrx_word' id='word_1_145' title='bbox 251 2247 420 2329; x_wconf 90' lang='lat' dir='ltr'><strong>uuicuique</strong></span> <span class='ocrx_word' id='word_1_146' title='bbox 435 2246 683 2326; x_wconf 87' lang='lat' dir='ltr'><strong>contrafacienti,</strong></span> <span class='ocrx_word' id='word_1_147' title='bbox 706 2247 791 2328; x_wconf 91' lang='lat' dir='ltr'><strong>quod</strong></span> <span class='ocrx_word' id='word_1_148' title='bbox 806 2265 898 2312; x_wconf 90' lang='lat' dir='ltr'><strong>nemo</strong></span> <span class='ocrx_word' id='word_1_149' title='bbox 919 2247 1141 2327; x_wconf 87' lang='lat' dir='ltr'><strong>cuiuscumque</strong></span> <span class='ocrx_word' id='word_1_150' title='bbox 1158 2245 1344 2312; x_wconf 87' lang='lat' dir='ltr'><strong>conditionis</strong></span> 
     </span>
     <span class='ocr_line' id='line_1_18' title="bbox 95 2349 1344 2433; baseline 0.001 -18"><span class='ocrx_word' id='word_1_151' title='bbox 95 2352 225 2430; x_wconf 74' lang='lat' dir='ltr'><strong>existat</strong></span> <span class='ocrx_word' id='word_1_152' title='bbox 248 2358 282 2416; x_wconf 88' lang='lat' dir='ltr'><strong>et</strong></span> <span class='ocrx_word' id='word_1_153' title='bbox 303 2358 369 2416; x_wconf 88' lang='lat' dir='ltr'><strong>tom</strong></span> <span class='ocrx_word' id='word_1_154' title='bbox 390 2351 557 2432; x_wconf 89' lang='lat' dir='ltr'><strong>masculus,</strong></span> <span class='ocrx_word' id='word_1_155' title='bbox 582 2371 675 2433; x_wconf 85' lang='lat' dir='ltr'><strong>quam</strong></span> <span class='ocrx_word' id='word_1_156' title='bbox 699 2349 816 2418; x_wconf 84' lang='lat' dir='ltr'><strong>femina</strong></span> <span class='ocrx_word' id='word_1_157' title='bbox 832 2351 957 2428; x_wconf 85' lang='lat' dir='ltr'><strong>audeat,</strong></span> <span class='ocrx_word' id='word_1_158' title='bbox 980 2369 1040 2416; x_wconf 88' lang='lat' dir='ltr'><strong>neo</strong></span> <span class='ocrx_word' id='word_1_159' title='bbox 1054 2357 1244 2432; x_wconf 81' lang='lat' dir='ltr'><strong>praesumat,</strong></span> <span class='ocrx_word' id='word_1_160' title='bbox 1267 2369 1344 2416; x_wconf 88' lang='lat' dir='ltr'><strong>uen-</strong></span> 
     </span>
     <span class='ocr_line' id='line_1_19' title="bbox 94 2455 1333 2539; baseline 0 -19"><span class='ocrx_word' id='word_1_161' title='bbox 94 2455 173 2521; x_wconf 83' lang='lat' dir='ltr'><strong>dere</strong></span> <span class='ocrx_word' id='word_1_162' title='bbox 196 2457 304 2520; x_wconf 87' lang='lat' dir='ltr'><strong>viuum</strong></span> <span class='ocrx_word' id='word_1_163' title='bbox 328 2457 360 2520; x_wconf 93' lang='lat' dir='ltr'><strong>in</strong></span> <span class='ocrx_word' id='word_1_164' title='bbox 384 2457 484 2539; x_wconf 85' lang='lat' dir='ltr'><strong>burgo</strong></span> <span class='ocrx_word' id='word_1_165' title='bbox 515 2463 580 2520; x_wconf 89' lang='lat' dir='ltr'><strong>tam</strong></span> <span class='ocrx_word' id='word_1_166' title='bbox 616 2456 670 2534; x_wconf 81' lang='lat' dir='ltr'><strong>illi,</strong></span> <span class='ocrx_word' id='word_1_167' title='bbox 694 2456 925 2538; x_wconf 74' lang='lat' dir='ltr'><strong>quinctilem,</strong></span> <span class='ocrx_word' id='word_1_168' title='bbox 949 2475 1007 2521; x_wconf 88' lang='lat' dir='ltr'><strong>seu</strong></span> <span class='ocrx_word' id='word_1_169' title='bbox 1029 2455 1211 2521; x_wconf 85' lang='lat' dir='ltr'><strong>habitarent</strong></span> <span class='ocrx_word' id='word_1_170' title='bbox 1240 2457 1272 2522; x_wconf 89' lang='lat' dir='ltr'><strong>in</strong></span> <span class='ocrx_word' id='word_1_171' title='bbox 1295 2455 1333 2520; x_wconf 88' lang='lat' dir='ltr'><strong>lu·</strong></span> 
     </span>
     <span class='ocr_line' id='line_1_20' title="bbox 96 2561 1343 2644; baseline 0.001 -19"><span class='ocrx_word' id='word_1_172' title='bbox 96 2569 207 2625; x_wconf 90' lang='lat' dir='ltr'><strong>turum</strong></span> <span class='ocrx_word' id='word_1_173' title='bbox 230 2562 262 2625; x_wconf 90' lang='lat' dir='ltr'><strong>in</strong></span> <span class='ocrx_word' id='word_1_174' title='bbox 284 2561 368 2626; x_wconf 90' lang='lat' dir='ltr'><strong>dioto</strong></span> <span class='ocrx_word' id='word_1_175' title='bbox 391 2561 491 2642; x_wconf 81' lang='lat' dir='ltr'><strong>burgo</strong></span> <span class='ocrx_word' id='word_1_176' title='bbox 515 2563 573 2627; x_wconf 90' lang='lat' dir='ltr'><strong>sub</strong></span> <span class='ocrx_word' id='word_1_177' title='bbox 596 2563 761 2644; x_wconf 84' lang='lat' dir='ltr'><strong>praedicta</strong></span> <span class='ocrx_word' id='word_1_178' title='bbox 797 2581 908 2644; x_wconf 87' lang='lat' dir='ltr'><strong>poena,</strong></span> <span class='ocrx_word' id='word_1_179' title='bbox 931 2561 1102 2626; x_wconf 90' lang='lat' dir='ltr'><strong>diuidenda</strong></span> <span class='ocrx_word' id='word_1_180' title='bbox 1127 2563 1159 2626; x_wconf 90' lang='lat' dir='ltr'><strong>in</strong></span> <span class='ocrx_word' id='word_1_181' title='bbox 1183 2569 1248 2628; x_wconf 89' lang='lat' dir='ltr'><strong>tres</strong></span> <span class='ocrx_word' id='word_1_182' title='bbox 1270 2579 1343 2644; x_wconf 86' lang='lat' dir='ltr'><strong>par·</strong></span> 
     </span>
    </p>
   </div>
   <div class='ocr_carea' id='block_1_3' title="bbox 95 2663 1342 2959">
    <p class='ocr_par' dir='ltr' id='par_1_4' title="bbox 95 2663 1342 2959">
     <span class='ocr_line' id='line_1_21' title="bbox 95 2663 1342 2764; baseline -0.001 -33"><span class='ocrx_word' id='word_1_183' title='bbox 95 2673 157 2748; x_wconf 87' lang='lat' dir='ltr'><strong>tes,</strong></span> <span class='ocrx_word' id='word_1_184' title='bbox 183 2667 282 2764; x_wconf 76' lang='lat' dir='ltr'><strong>tertio</strong></span> <span class='ocrx_word' id='word_1_185' title='bbox 304 2663 469 2748; x_wconf 84' lang='lat' dir='ltr'><strong>magnifico</strong></span> <span class='ocrx_word' id='word_1_186' title='bbox 492 2667 617 2731; x_wconf 91' lang='lat' dir='ltr'><strong>domino</strong></span> <span class='ocrx_word' id='word_1_187' title='bbox 642 2669 757 2746; x_wconf 83' lang='lat' dir='ltr'><strong>comiti,</strong></span> <span class='ocrx_word' id='word_1_188' title='bbox 781 2667 844 2732; x_wconf 87' lang='lat' dir='ltr'><strong>alia</strong></span> <span class='ocrx_word' id='word_1_189' title='bbox 867 2667 1081 2732; x_wconf 85' lang='lat' dir='ltr'><strong>communitati</strong></span> <span class='ocrx_word' id='word_1_190' title='bbox 1113 2673 1145 2731; x_wconf 89' lang='lat' dir='ltr'><strong>et</strong></span> <span class='ocrx_word' id='word_1_191' title='bbox 1167 2666 1229 2730; x_wconf 87' lang='lat' dir='ltr'><strong>alia</strong></span> <span class='ocrx_word' id='word_1_192' title='bbox 1251 2683 1342 2731; x_wconf 86' lang='lat' dir='ltr'><strong>accu-</strong></span> 
     </span>
     <span class='ocr_line' id='line_1_22' title="bbox 96 2771 573 2852; baseline -0.002 -16"><span class='ocrx_word' id='word_1_193' title='bbox 96 2772 198 2838; x_wconf 79' lang='lat' dir='ltr'><strong>satori</strong></span> <span class='ocrx_word' id='word_1_194' title='bbox 223 2778 258 2836; x_wconf 90' lang='lat' dir='ltr'><strong>et</strong></span> <span class='ocrx_word' id='word_1_195' title='bbox 278 2771 433 2852; x_wconf 86' lang='lat' dir='ltr'><strong>perdendi</strong></span> <span class='ocrx_word' id='word_1_196' title='bbox 457 2772 573 2835; x_wconf 88' lang='lat' dir='ltr'><strong>uinum.</strong></span> 
     </span>
     <span class='ocr_line' id='line_1_23' title="bbox 141 2877 604 2959; baseline -0.009 -17"><span class='ocrx_word' id='word_1_197' title='bbox 141 2877 180 2942; x_wconf 93' lang='lat' dir='ltr'><strong>lu</strong></span> <span class='ocrx_word' id='word_1_198' title='bbox 205 2877 286 2942; x_wconf 89' lang='lat' dir='ltr'><strong>libro</strong></span> <span class='ocrx_word' id='word_1_199' title='bbox 309 2877 538 2942; x_wconf 77' lang='lat' dir='ltr'><strong>contentionum</strong></span> <span class='ocrx_word' id='word_1_200' title='bbox 561 2877 604 2959; x_wconf 89' lang='lat' dir='ltr'><strong>iij.</strong></span> 
     </span>
    </p>
   </div>
   <div class='ocr_carea' id='block_1_4' title="bbox 97 3089 1343 3242">
    <p class='ocr_par' dir='ltr' id='par_1_5' title="bbox 97 3089 1343 3242">
     <span class='ocr_line' id='line_1_24' title="bbox 541 3089 897 3133; baseline 0 -1"><span class='ocrx_word' id='word_1_201' title='bbox 541 3091 604 3132; x_wconf 75' lang='lat' dir='ltr'><strong>nvi.</strong></span> <span class='ocrx_word' id='word_1_202' title='bbox 629 3091 750 3133; x_wconf 78' lang='lat' dir='ltr'><strong>nnciam</strong></span> <span class='ocrx_word' id='word_1_203' title='bbox 774 3089 897 3132; x_wconf 76' lang='lat' dir='ltr'><strong>contras</strong></span> 
     </span>
     <span class='ocr_line' id='line_1_25' title="bbox 97 3169 1343 3242; baseline -0.003 -16"><span class='ocrx_word' id='word_1_204' title='bbox 97 3170 130 3226; x_wconf 88' lang='lat' dir='ltr'><strong>de</strong></span> <span class='ocrx_word' id='word_1_205' title='bbox 147 3170 333 3242; x_wconf 82' lang='lat' dir='ltr'><strong>piscatoribus</strong></span> <span class='ocrx_word' id='word_1_206' title='bbox 352 3169 513 3240; x_wconf 75' lang='lat' dir='ltr'><strong>forensibus,</strong></span> <span class='ocrx_word' id='word_1_207' title='bbox 532 3170 604 3238; x_wconf 86' lang='lat' dir='ltr'><strong>quod</strong></span> <span class='ocrx_word' id='word_1_208' title='bbox 630 3187 682 3224; x_wconf 90' lang='lat' dir='ltr'><strong>uon</strong></span> <span class='ocrx_word' id='word_1_209' title='bbox 706 3171 812 3238; x_wconf 83' lang='lat' dir='ltr'><strong>possint</strong></span> <span class='ocrx_word' id='word_1_210' title='bbox 836 3171 936 3239; x_wconf 88' lang='lat' dir='ltr'><strong>piscari</strong></span> <span class='ocrx_word' id='word_1_211' title='bbox 960 3185 1020 3222; x_wconf 83' lang='lat' dir='ltr'><strong>cunr</strong></span> <span class='ocrx_word' id='word_1_212' title='bbox 1048 3169 1141 3236; x_wconf 85' lang='lat' dir='ltr'><strong>quovis</strong></span> <span class='ocrx_word' id='word_1_213' title='bbox 1166 3171 1343 3227; x_wconf 84' lang='lat' dir='ltr'><strong>instrumento</strong></span> 
     </span>
    </p>
   </div>
   <div class='ocr_carea' id='block_1_5' title="bbox 99 3256 1343 4929">
    <p class='ocr_par' dir='ltr' id='par_1_6' title="bbox 316 3256 1127 3330">
     <span class='ocr_line' id='line_1_26' title="bbox 316 3256 1127 3330; baseline -0.002 -16"><span class='ocrx_word' id='word_1_214' title='bbox 316 3260 473 3330; x_wconf 86' lang='lat' dir='ltr'><strong>piscatorio,</strong></span> <span class='ocrx_word' id='word_1_215' title='bbox 493 3260 545 3313; x_wconf 87' lang='lat' dir='ltr'><strong>nisi</strong></span> <span class='ocrx_word' id='word_1_216' title='bbox 564 3260 592 3312; x_wconf 91' lang='lat' dir='ltr'><strong>in</strong></span> <span class='ocrx_word' id='word_1_217' title='bbox 611 3258 678 3314; x_wconf 91' lang='lat' dir='ltr'><strong>locis</strong></span> <span class='ocrx_word' id='word_1_218' title='bbox 696 3259 723 3312; x_wconf 89' lang='lat' dir='ltr'><strong>in</strong></span> <span class='ocrx_word' id='word_1_219' title='bbox 743 3259 802 3326; x_wconf 87' lang='lat' dir='ltr'><strong>ipsa</strong></span> <span class='ocrx_word' id='word_1_220' title='bbox 821 3258 954 3312; x_wconf 82' lang='lat' dir='ltr'><strong>decisione</strong></span> <span class='ocrx_word' id='word_1_221' title='bbox 973 3256 1127 3326; x_wconf 82' lang='lat' dir='ltr'><strong>designatis.</strong></span> 
     </span>
    </p>

    <p class='ocr_par' dir='ltr' id='par_1_7' title="bbox 141 3381 666 3468">
     <span class='ocr_line' id='line_1_27' title="bbox 141 3381 666 3468; baseline -0.008 -20"><span class='ocrx_word' id='word_1_222' title='bbox 141 3383 205 3448; x_wconf 83' lang='lat' dir='ltr'><strong>Die</strong></span> <span class='ocrx_word' id='word_1_223' title='bbox 226 3385 310 3450; x_wconf 70' lang='lat' dir='ltr'><strong>atio.</strong></span> <span class='ocrx_word' id='word_1_224' title='bbox 333 3383 467 3468; x_wconf 80' lang='lat' dir='ltr'><strong>Aprilis.</strong></span> <span class='ocrx_word' id='word_1_225' title='bbox 492 3381 666 3466; x_wconf 76' lang='lat' dir='ltr'><strong>Mccocccaj.</strong></span> 
     </span>
    </p>

    <p class='ocr_par' dir='ltr' id='par_1_8' title="bbox 99 3503 1341 4111">
     <span class='ocr_line' id='line_1_28' title="bbox 145 3503 1341 3590; baseline -0.003 -19"><span class='ocrx_word' id='word_1_226' title='bbox 145 3505 335 3590; x_wconf 84' lang='lat' dir='ltr'><strong>Magnificus</strong></span> <span class='ocrx_word' id='word_1_227' title='bbox 358 3510 392 3570; x_wconf 90' lang='lat' dir='ltr'><strong>et</strong></span> <span class='ocrx_word' id='word_1_228' title='bbox 414 3523 587 3588; x_wconf 84' lang='lat' dir='ltr'><strong>generosus</strong></span> <span class='ocrx_word' id='word_1_229' title='bbox 610 3505 755 3570; x_wconf 88' lang='lat' dir='ltr'><strong>domiuus</strong></span> <span class='ocrx_word' id='word_1_230' title='bbox 778 3503 960 3568; x_wconf 87' lang='lat' dir='ltr'><strong>Dominicus</strong></span> <span class='ocrx_word' id='word_1_231' title='bbox 990 3503 1166 3585; x_wconf 87' lang='lat' dir='ltr'><strong>Theupulo,</strong></span> <span class='ocrx_word' id='word_1_232' title='bbox 1190 3521 1247 3584; x_wconf 89' lang='lat' dir='ltr'><strong>pro</strong></span> <span class='ocrx_word' id='word_1_233' title='bbox 1271 3504 1341 3568; x_wconf 91' lang='lat' dir='ltr'><strong>illu-</strong></span> 
     </span>
     <span class='ocr_line' id='line_1_29' title="bbox 99 3608 1341 3678; baseline -0.001 -4"><span class='ocrx_word' id='word_1_234' title='bbox 99 3612 256 3678; x_wconf 86' lang='lat' dir='ltr'><strong>strissimo</strong></span> <span class='ocrx_word' id='word_1_235' title='bbox 278 3617 312 3676; x_wconf 90' lang='lat' dir='ltr'><strong>et</strong></span> <span class='ocrx_word' id='word_1_236' title='bbox 334 3609 600 3676; x_wconf 83' lang='lat' dir='ltr'><strong>excellentissimo</strong></span> <span class='ocrx_word' id='word_1_237' title='bbox 624 3609 727 3672; x_wconf 85' lang='lat' dir='ltr'><strong>ducali</strong></span> <span class='ocrx_word' id='word_1_238' title='bbox 751 3608 888 3673; x_wconf 88' lang='lat' dir='ltr'><strong>dominio</strong></span> <span class='ocrx_word' id='word_1_239' title='bbox 915 3608 1120 3673; x_wconf 79' lang='lat' dir='ltr'><strong>venetiarum</strong></span> <span class='ocrx_word' id='word_1_240' title='bbox 1144 3615 1203 3673; x_wconf 89' lang='lat' dir='ltr'><strong>etc.</strong></span> <span class='ocrx_word' id='word_1_241' title='bbox 1235 3625 1341 3674; x_wconf 88' lang='lat' dir='ltr'><strong>comes</strong></span> 
     </span>
     <span class='ocr_line' id='line_1_30' title="bbox 100 3713 1341 3796; baseline -0.002 -17"><span class='ocrx_word' id='word_1_242' title='bbox 100 3714 258 3782; x_wconf 82' lang='lat' dir='ltr'><strong>Curculae</strong></span> <span class='ocrx_word' id='word_1_243' title='bbox 276 3715 489 3796; x_wconf 82' lang='lat' dir='ltr'><strong>dignissimus,</strong></span> <span class='ocrx_word' id='word_1_244' title='bbox 513 3713 628 3779; x_wconf 87' lang='lat' dir='ltr'><strong>auditis</strong></span> <span class='ocrx_word' id='word_1_245' title='bbox 652 3713 815 3780; x_wconf 87' lang='lat' dir='ltr'><strong>aduocatis</strong></span> <span class='ocrx_word' id='word_1_246' title='bbox 839 3714 1009 3778; x_wconf 89' lang='lat' dir='ltr'><strong>communis</strong></span> <span class='ocrx_word' id='word_1_247' title='bbox 1025 3731 1089 3778; x_wconf 86' lang='lat' dir='ltr'><strong>una</strong></span> <span class='ocrx_word' id='word_1_248' title='bbox 1105 3725 1175 3778; x_wconf 86' lang='lat' dir='ltr'><strong>cum</strong></span> <span class='ocrx_word' id='word_1_249' title='bbox 1198 3713 1341 3794; x_wconf 87' lang='lat' dir='ltr'><strong>pluribus</strong></span> 
     </span>
     <span class='ocr_line' id='line_1_31' title="bbox 99 3817 1340 3900; baseline -0.001 -17"><span class='ocrx_word' id='word_1_250' title='bbox 99 3819 258 3887; x_wconf 89' lang='lat' dir='ltr'><strong>nobilibus</strong></span> <span class='ocrx_word' id='word_1_251' title='bbox 291 3825 324 3884; x_wconf 83' lang='lat' dir='ltr'><strong>et</strong></span> <span class='ocrx_word' id='word_1_252' title='bbox 357 3819 478 3884; x_wconf 91' lang='lat' dir='ltr'><strong>ciuibus</strong></span> <span class='ocrx_word' id='word_1_253' title='bbox 511 3817 750 3900; x_wconf 75' lang='lat' dir='ltr'><strong>exponentibus,</strong></span> <span class='ocrx_word' id='word_1_254' title='bbox 782 3817 867 3898; x_wconf 90' lang='lat' dir='ltr'><strong>quod</strong></span> <span class='ocrx_word' id='word_1_255' title='bbox 901 3837 958 3899; x_wconf 88' lang='lat' dir='ltr'><strong>per</strong></span> <span class='ocrx_word' id='word_1_256' title='bbox 991 3818 1132 3882; x_wconf 90' lang='lat' dir='ltr'><strong>aduenas</strong></span> <span class='ocrx_word' id='word_1_257' title='bbox 1165 3817 1340 3898; x_wconf 82' lang='lat' dir='ltr'><strong>piscatores</strong></span> 
     </span>
     <span class='ocr_line' id='line_1_32' title="bbox 100 3919 1340 4006; baseline -0.002 -17"><span class='ocrx_word' id='word_1_258' title='bbox 100 3925 201 3991; x_wconf 86' lang='lat' dir='ltr'><strong>multa</strong></span> <span class='ocrx_word' id='word_1_259' title='bbox 222 3924 337 3990; x_wconf 62' lang='lat' dir='ltr'><strong>burna</strong></span> <span class='ocrx_word' id='word_1_260' title='bbox 358 3923 432 3990; x_wconf 93' lang='lat' dir='ltr'><strong>huic</strong></span> <span class='ocrx_word' id='word_1_261' title='bbox 453 3924 577 3989; x_wconf 86' lang='lat' dir='ltr'><strong>insulae</strong></span> <span class='ocrx_word' id='word_1_262' title='bbox 596 3922 781 4001; x_wconf 78' lang='lat' dir='ltr'><strong>inferantur,</strong></span> <span class='ocrx_word' id='word_1_263' title='bbox 806 3927 953 4004; x_wconf 83' lang='lat' dir='ltr'><strong>petentes</strong></span> <span class='ocrx_word' id='word_1_264' title='bbox 978 3929 1014 3987; x_wconf 90' lang='lat' dir='ltr'><strong>ut</strong></span> <span class='ocrx_word' id='word_1_265' title='bbox 1035 3941 1093 3987; x_wconf 89' lang='lat' dir='ltr'><strong>sua</strong></span> <span class='ocrx_word' id='word_1_266' title='bbox 1108 3919 1340 4006; x_wconf 81' lang='lat' dir='ltr'><strong>magnificentia</strong></span> 
     </span>
     <span class='ocr_line' id='line_1_33' title="bbox 99 4030 432 4111; baseline -0.006 -16"><span class='ocrx_word' id='word_1_267' title='bbox 99 4030 269 4111; x_wconf 83' lang='lat' dir='ltr'><strong>prouidere</strong></span> <span class='ocrx_word' id='word_1_268' title='bbox 290 4030 432 4096; x_wconf 89' lang='lat' dir='ltr'><strong>deberet.</strong></span> 
     </span>
    </p>

    <p class='ocr_par' dir='ltr' id='par_1_9' title="bbox 100 4131 1343 4844">
     <span class='ocr_line' id='line_1_34' title="bbox 142 4131 1341 4216; baseline -0.006 -14"><span class='ocrx_word' id='word_1_269' title='bbox 142 4137 267 4202; x_wconf 90' lang='lat' dir='ltr'><strong>Idcirco</strong></span> <span class='ocrx_word' id='word_1_270' title='bbox 291 4134 452 4216; x_wconf 85' lang='lat' dir='ltr'><strong>praelatus</strong></span> <span class='ocrx_word' id='word_1_271' title='bbox 475 4131 668 4215; x_wconf 88' lang='lat' dir='ltr'><strong>magnificus</strong></span> <span class='ocrx_word' id='word_1_272' title='bbox 691 4134 835 4198; x_wconf 89' lang='lat' dir='ltr'><strong>dominus</strong></span> <span class='ocrx_word' id='word_1_273' title='bbox 859 4151 963 4198; x_wconf 90' lang='lat' dir='ltr'><strong>comes</strong></span> <span class='ocrx_word' id='word_1_274' title='bbox 987 4133 1192 4198; x_wconf 87' lang='lat' dir='ltr'><strong>senteutiauit</strong></span> <span class='ocrx_word' id='word_1_275' title='bbox 1214 4137 1248 4197; x_wconf 89' lang='lat' dir='ltr'><strong>et</strong></span> <span class='ocrx_word' id='word_1_276' title='bbox 1276 4137 1341 4196; x_wconf 88' lang='lat' dir='ltr'><strong>ter-</strong></span> 
     </span>
     <span class='ocr_line' id='line_1_35' title="bbox 100 4237 1342 4321; baseline -0.004 -18"><span class='ocrx_word' id='word_1_277' title='bbox 100 4241 241 4311; x_wconf 83' lang='lat' dir='ltr'><strong>miuauit,</strong></span> <span class='ocrx_word' id='word_1_278' title='bbox 267 4241 350 4321; x_wconf 88' lang='lat' dir='ltr'><strong>quod</strong></span> <span class='ocrx_word' id='word_1_279' title='bbox 372 4241 476 4305; x_wconf 89' lang='lat' dir='ltr'><strong>nullus</strong></span> <span class='ocrx_word' id='word_1_280' title='bbox 499 4241 637 4321; x_wconf 88' lang='lat' dir='ltr'><strong>piscator</strong></span> <span class='ocrx_word' id='word_1_281' title='bbox 658 4239 793 4305; x_wconf 85' lang='lat' dir='ltr'><strong>lorensis</strong></span> <span class='ocrx_word' id='word_1_282' title='bbox 816 4239 929 4302; x_wconf 85' lang='lat' dir='ltr'><strong>amodo</strong></span> <span class='ocrx_word' id='word_1_283' title='bbox 952 4237 984 4301; x_wconf 93' lang='lat' dir='ltr'><strong>in</strong></span> <span class='ocrx_word' id='word_1_284' title='bbox 1007 4245 1102 4302; x_wconf 88' lang='lat' dir='ltr'><strong>antea</strong></span> <span class='ocrx_word' id='word_1_285' title='bbox 1134 4237 1259 4316; x_wconf 84' lang='lat' dir='ltr'><strong>audeat,</strong></span> <span class='ocrx_word' id='word_1_286' title='bbox 1284 4253 1342 4300; x_wconf 88' lang='lat' dir='ltr'><strong>uec</strong></span> 
     </span>
     <span class='ocr_line' id='line_1_36' title="bbox 100 4341 1340 4428; baseline -0.004 -19"><span class='ocrx_word' id='word_1_287' title='bbox 100 4351 282 4425; x_wconf 85' lang='lat' dir='ltr'><strong>praesumat</strong></span> <span class='ocrx_word' id='word_1_288' title='bbox 304 4345 417 4427; x_wconf 89' lang='lat' dir='ltr'><strong>piscari</strong></span> <span class='ocrx_word' id='word_1_289' title='bbox 441 4363 511 4410; x_wconf 91' lang='lat' dir='ltr'><strong>cum</strong></span> <span class='ocrx_word' id='word_1_290' title='bbox 535 4345 648 4426; x_wconf 89' lang='lat' dir='ltr'><strong>quouis</strong></span> <span class='ocrx_word' id='word_1_291' title='bbox 671 4345 881 4408; x_wconf 87' lang='lat' dir='ltr'><strong>instrumento</strong></span> <span class='ocrx_word' id='word_1_292' title='bbox 906 4343 1075 4423; x_wconf 85' lang='lat' dir='ltr'><strong>piscatorio</strong></span> <span class='ocrx_word' id='word_1_293' title='bbox 1098 4343 1181 4428; x_wconf 82' lang='lat' dir='ltr'><strong>circa</strong></span> <span class='ocrx_word' id='word_1_294' title='bbox 1196 4341 1340 4416; x_wconf 82' lang='lat' dir='ltr'><strong>insulam,</strong></span> 
     </span>
     <span class='ocr_line' id='line_1_37' title="bbox 102 4445 1342 4532; baseline -0.003 -20"><span class='ocrx_word' id='word_1_295' title='bbox 102 4451 158 4515; x_wconf 91' lang='lat' dir='ltr'><strong>nisi</strong></span> <span class='ocrx_word' id='word_1_296' title='bbox 181 4451 347 4514; x_wconf 85' lang='lat' dir='ltr'><strong>dumtaxat</strong></span> <span class='ocrx_word' id='word_1_297' title='bbox 368 4449 545 4532; x_wconf 87' lang='lat' dir='ltr'><strong>incipiendo</strong></span> <span class='ocrx_word' id='word_1_298' title='bbox 568 4468 588 4513; x_wconf 91' lang='lat' dir='ltr'><strong>a</strong></span> <span class='ocrx_word' id='word_1_299' title='bbox 611 4448 739 4513; x_wconf 86' lang='lat' dir='ltr'><strong>ciuitate</strong></span> <span class='ocrx_word' id='word_1_300' title='bbox 762 4448 802 4513; x_wconf 91' lang='lat' dir='ltr'><strong>de</strong></span> <span class='ocrx_word' id='word_1_301' title='bbox 824 4447 910 4510; x_wconf 92' lang='lat' dir='ltr'><strong>intus</strong></span> <span class='ocrx_word' id='word_1_302' title='bbox 934 4465 1034 4528; x_wconf 88' lang='lat' dir='ltr'><strong>usque</strong></span> <span class='ocrx_word' id='word_1_303' title='bbox 1064 4446 1105 4510; x_wconf 89' lang='lat' dir='ltr'><strong>ad</strong></span> <span class='ocrx_word' id='word_1_304' title='bbox 1136 4445 1249 4510; x_wconf 78' lang='lat' dir='ltr'><strong>vallent</strong></span> <span class='ocrx_word' id='word_1_305' title='bbox 1279 4445 1342 4508; x_wconf 89' lang='lat' dir='ltr'><strong>Ra·</strong></span> 
     </span>
     <span class='ocr_line' id='line_1_38' title="bbox 102 4550 1341 4636; baseline -0.004 -19"><span class='ocrx_word' id='word_1_306' title='bbox 102 4555 236 4620; x_wconf 87' lang='lat' dir='ltr'><strong>ciscbiae</strong></span> <span class='ocrx_word' id='word_1_307' title='bbox 260 4561 294 4619; x_wconf 90' lang='lat' dir='ltr'><strong>et</strong></span> <span class='ocrx_word' id='word_1_308' title='bbox 315 4561 405 4619; x_wconf 86' lang='lat' dir='ltr'><strong>extra</strong></span> <span class='ocrx_word' id='word_1_309' title='bbox 427 4553 604 4636; x_wconf 87' lang='lat' dir='ltr'><strong>incipiendo</strong></span> <span class='ocrx_word' id='word_1_310' title='bbox 640 4571 660 4617; x_wconf 89' lang='lat' dir='ltr'><strong>a</strong></span> <span class='ocrx_word' id='word_1_311' title='bbox 689 4553 817 4617; x_wconf 89' lang='lat' dir='ltr'><strong>ciuitate</strong></span> <span class='ocrx_word' id='word_1_312' title='bbox 849 4569 949 4631; x_wconf 88' lang='lat' dir='ltr'><strong>usque</strong></span> <span class='ocrx_word' id='word_1_313' title='bbox 977 4551 1018 4616; x_wconf 87' lang='lat' dir='ltr'><strong>ad</strong></span> <span class='ocrx_word' id='word_1_314' title='bbox 1048 4551 1161 4614; x_wconf 89' lang='lat' dir='ltr'><strong>vallem</strong></span> <span class='ocrx_word' id='word_1_315' title='bbox 1191 4550 1341 4615; x_wconf 84' lang='lat' dir='ltr'><strong>Persicae</strong></span> 
     </span>
     <span class='ocr_line' id='line_1_39' title="bbox 104 4655 1343 4738; baseline -0.003 -14"><span class='ocrx_word' id='word_1_316' title='bbox 104 4659 186 4726; x_wconf 90' lang='lat' dir='ltr'><strong>etin</strong></span> <span class='ocrx_word' id='word_1_317' title='bbox 209 4659 359 4738; x_wconf 76' lang='lat' dir='ltr'><strong>Persina,</strong></span> <span class='ocrx_word' id='word_1_318' title='bbox 384 4665 418 4723; x_wconf 91' lang='lat' dir='ltr'><strong>et</strong></span> <span class='ocrx_word' id='word_1_319' title='bbox 439 4659 525 4723; x_wconf 85' lang='lat' dir='ltr'><strong>ultra</strong></span> <span class='ocrx_word' id='word_1_320' title='bbox 546 4677 609 4724; x_wconf 93' lang='lat' dir='ltr'><strong>non</strong></span> <span class='ocrx_word' id='word_1_321' title='bbox 633 4659 692 4724; x_wconf 90' lang='lat' dir='ltr'><strong>sub</strong></span> <span class='ocrx_word' id='word_1_322' title='bbox 716 4675 820 4738; x_wconf 91' lang='lat' dir='ltr'><strong>poena</strong></span> <span class='ocrx_word' id='word_1_323' title='bbox 842 4655 994 4738; x_wconf 88' lang='lat' dir='ltr'><strong>perdendi</strong></span> <span class='ocrx_word' id='word_1_324' title='bbox 1018 4656 1106 4734; x_wconf 82' lang='lat' dir='ltr'><strong>retia,</strong></span> <span class='ocrx_word' id='word_1_325' title='bbox 1130 4655 1184 4719; x_wconf 90' lang='lat' dir='ltr'><strong>uel</strong></span> <span class='ocrx_word' id='word_1_326' title='bbox 1202 4655 1265 4720; x_wconf 87' lang='lat' dir='ltr'><strong>alia</strong></span> <span class='ocrx_word' id='word_1_327' title='bbox 1280 4655 1343 4736; x_wconf 84' lang='lat' dir='ltr'><strong>pis·</strong></span> 
     </span>
     <span class='ocr_line' id='line_1_40' title="bbox 104 4757 1341 4844; baseline -0.005 -14"><span class='ocrx_word' id='word_1_328' title='bbox 104 4765 220 4830; x_wconf 77' lang='lat' dir='ltr'><strong>tatoris</strong></span> <span class='ocrx_word' id='word_1_329' title='bbox 237 4764 458 4842; x_wconf 73' lang='lat' dir='ltr'><strong>incumbente,</strong></span> <span class='ocrx_word' id='word_1_330' title='bbox 482 4781 552 4830; x_wconf 90' lang='lat' dir='ltr'><strong>oum</strong></span> <span class='ocrx_word' id='word_1_331' title='bbox 568 4763 683 4844; x_wconf 79' lang='lat' dir='ltr'><strong>quous</strong></span> <span class='ocrx_word' id='word_1_332' title='bbox 699 4757 902 4844; x_wconf 81' lang='lat' dir='ltr'><strong>piscarentur</strong></span> <span class='ocrx_word' id='word_1_333' title='bbox 915 4769 948 4826; x_wconf 89' lang='lat' dir='ltr'><strong>et</strong></span> <span class='ocrx_word' id='word_1_334' title='bbox 963 4759 1129 4837; x_wconf 65' lang='lat' dir='ltr'><strong>barcham</strong></span> <span class='ocrx_word' id='word_1_335' title='bbox 1153 4777 1223 4824; x_wconf 88' lang='lat' dir='ltr'><strong>cum</strong></span> <span class='ocrx_word' id='word_1_336' title='bbox 1240 4760 1341 4824; x_wconf 82' lang='lat' dir='ltr'><strong>uassia</strong></span> 
     </span>
    </p>

    <p class='ocr_par' dir='ltr' id='par_1_10' title="bbox 1150 4867 1189 4929">
     <span class='ocr_line' id='line_1_41' title="bbox 1150 4867 1189 4929; baseline 0.051 -2"><span class='ocrx_word' id='word_1_337' title='bbox 1150 4867 1189 4929; x_wconf 83' lang='lat'><strong>14</strong></span> 
     </span>
    </p>
   </div>
   <div class='ocr_carea' id='block_1_6' title="bbox 0 0 1699 5392">
    <p class='ocr_par' dir='ltr' id='par_1_11' title="bbox 0 0 1699 5392">
     <span class='ocr_line' id='line_1_42' title="bbox 0 0 1699 5392; baseline 0 0"><span class='ocrx_word' id='word_1_338' title='bbox 0 0 1699 5392; x_wconf 95' lang='lat' dir='ltr'><strong> </strong></span> 
     </span>
    </p>
   </div>
  </div>
 </body>
</html>
