3376 5392
1291 495 1351 560 179

112 697 261 780 aqueda
282 703 370 766 terra
404 703 437 764 οῖ
466 715 588 782 auegna
610 697 668 764 che
690 699 738 765 sia
759 699 822 765 ben
844 717 901 781 per
923 698 1043 782 signrtt
1065 700 1105 766 de
1127 699 1233 782 quella
1254 703 1349 785 terra,

117 802 219 869 anche
242 821 315 869 sera
338 802 370 868 in
391 820 470 868 onor
491 808 524 869 et
546 802 640 868 laude
663 803 747 869 delta
768 809 876 870 vostra
897 805 1110 871 illustrissima
1133 806 1279 890 signoria.

162 907 519 991 Respondeatur,
544 907 628 990 quod
651 927 759 974 sumus
782 911 921 975 contenti
944 909 1118 976 concedere
1140 913 1355 978 communitati

115 1013 300 1094 praedictae
332 1013 476 1078 denarios
507 1011 660 1093 praedicti
690 1015 866 1079 trentesimi
899 1020 933 1080 et
955 1015 1029 1080 salis
1052 1015 1155 1082 adhuc
1176 1035 1234 1098 per
1256 1036 1354 1084 annos

116 1117 208 1198 duos,
240 1135 320 1199 quos
348 1135 405 1199 pro
437 1117 567 1183 arbitrio
596 1119 729 1184 rectoris
752 1120 851 1185 nostri
874 1119 988 1185 deinde
1011 1121 1195 1202 despensari
1218 1121 1355 1188 debeant

116 1223 149 1287 in
173 1224 375 1305 reparatione
406 1241 565 1288 murorum
593 1222 679 1288 illius
709 1224 845 1288 ciuitatis
875 1230 1011 1304 nostrae,
1043 1225 1126 1292 sicut
1154 1226 1222 1307 ipse
1251 1231 1355 1292 rector

115 1333 230 1394 noster
260 1346 389 1394 necesse
420 1345 490 1394 esse
520 1327 681 1413 iudicabit,
714 1328 753 1394 de
783 1345 917 1410 quorum
947 1329 1220 1396 administratione
1251 1331 1355 1396 teneri

116 1432 217 1499 faciat
238 1433 356 1499 bonum
378 1437 412 1498 et
434 1431 612 1498 ordinatum
636 1437 825 1514 computum,
849 1434 903 1514 qui
925 1453 1050 1516 semper
1072 1435 1173 1501 uideri
1196 1436 1304 1518 possit.

161 1537 212 1604 Ad
234 1544 366 1604 sextum.
390 1537 472 1602 Item
494 1536 610 1619 perche
633 1536 731 1602 multe
754 1555 889 1618 persone
912 1539 1051 1620 tegnude
1074 1538 1138 1605 alle
1159 1540 1292 1622 guardia
1315 1541 1354 1607 de

117 1661 264 1710 commun
287 1662 344 1726 per
365 1642 388 1706 li
411 1643 509 1725 tempi
539 1641 657 1723 passati
686 1659 744 1724 per
766 1639 808 1706 fin
833 1661 853 1708 a
876 1645 927 1708 md
950 1661 1027 1710 sono
1049 1649 1133 1710 state
1156 1643 1278 1711 absolte
1300 1663 1357 1726 per

115 1747 141 1813 li
165 1748 265 1814 nostri
288 1747 400 1813 rettori
422 1747 526 1814 alcuni
548 1766 606 1830 per
628 1748 785 1828 scriptura
807 1753 841 1812 et
863 1747 967 1812 alcuni
990 1749 1030 1814 de
1049 1748 1132 1814 iacto
1148 1767 1243 1816 senna
1259 1751 1356 1832 scrip

116 1861 194 1919 tura
216 1859 251 1918 et
272 1852 375 1918 dauni
398 1853 627 1919 occnltamente
649 1851 725 1918 nelli
747 1853 845 1934 tempi
868 1853 908 1918 de
930 1851 976 1918 tal
999 1855 1111 1920 rettori
1134 1873 1230 1920 senza
1244 1855 1356 1922 alcuna

115 1959 262 2042 legitima
294 1975 390 2023 cason
423 1959 456 2022 in
489 1955 701 2041 grandissimo
735 1956 839 2023 denno
873 1957 948 2023 delli
982 1957 1054 2022 altri
1086 1961 1198 2042 pouari
1229 1960 1355 2026 homeri

115 2063 254 2146 taguudi
276 2066 296 2128 a
317 2063 362 2128 tal
391 2063 523 2147 guardia
555 2068 588 2128 et
617 2061 765 2144 angaria:
796 2061 912 2146 perche
935 2063 1040 2144 quelli,
1064 2064 1074 2128 i
1097 2065 1171 2146 qual
1194 2083 1256 2132 non
1278 2085 1356 2132 sono

117 2167 246 2248 absolti,
271 2167 404 2234 conuien
427 2167 476 2232 far
498 2167 627 2250 angaria
650 2184 709 2248 per
731 2185 766 2232 sa
789 2173 822 2232 et
844 2185 901 2250 per
923 2167 945 2232 li
962 2167 1114 2234 absoluti:
1139 2170 1221 2236 vnde
1237 2172 1355 2254 snppli-

118 2289 212 2338 camo
235 2272 419 2339 umilmenta
440 2271 504 2338 alla
526 2277 632 2337 νοεῖτε
657 2271 805 2351 εοτεοῖῖεΙΙ
830 2271 887 2338 che
909 2275 992 2338 tutte
1011 2273 1055 2337 tal
1071 2275 1263 2354 οοοοεεεῖοντ,
1280 2294 1357 2341 ouer

118 2377 302 2444 absolution
324 2375 406 2443 fatte
427 2394 485 2458 per
509 2375 566 2442 ohe
588 2381 691 2442 τοῖῖοτ
713 2395 748 2442 εο
771 2377 888 2458 nogiia,
912 2379 1003 2458 oper
1019 2377 1151 2458 qualche
1167 2379 1247 2446 altro
1262 2380 1356 2446 modo

117 2500 158 2547 se
186 2481 234 2548 sia
265 2501 361 2548 senza
391 2498 537 2564 espresso
568 2479 863 2548 commandamento
894 2481 978 2547 della
1008 2488 1115 2548 vostra
1144 2483 1357 2550 illustrissima

120 2587 263 2671 signoria
286 2588 374 2653 siano
397 2604 486 2652 casse
509 2591 542 2652 et
563 2585 732 2652 annultade
754 2591 787 2651 et
810 2585 867 2650 cha
890 2585 930 2650 de
952 2587 1003 2651 md
1026 2587 1133 2652 auanti
1149 2588 1240 2652 alcun
1256 2593 1356 2656 rettor

2 2775 3 2778 Ἴ
119 2693 165 2759 de
187 2690 337 2772 Cumulo,
368 2711 408 2757 ne
431 2691 545 2757 alcuna
567 2691 652 2757 altra
673 2709 811 2774 persona
832 2691 959 2773 publica
981 2710 1059 2757 ouer
1080 2693 1215 2774 priuata,
1238 2696 1278 2758 ne
1300 2712 1357 2775 per

120 2797 156 2863 1ο
178 2801 285 2880 tempo
309 2796 361 2862 del
384 2814 419 2862 so
441 2795 629 2880 regimento,
660 2797 693 2861 ni
712 2815 769 2878 per
790 2815 886 2881 mese,
912 2796 944 2861 ni
967 2814 1025 2880 per
1047 2796 1138 2861 alcun
1160 2797 1271 2879 giorno
1294 2816 1356 2865 non

118 2919 219 2986 possa
241 2919 299 2984 per
322 2901 413 2966 alcun
435 2901 539 2982 modo,
564 2919 642 2968 ouer
663 2901 798 2986 ingagno
821 2901 978 2980 absoluer‚
1001 2901 1033 2966 ni
1055 2919 1163 2968 scusar
1186 2921 1244 2986 per
1259 2903 1357 2984 scrip-

118 3013 195 3074 tura
224 3009 264 3072 nd
294 3005 537 3089 publicamente,
567 3024 607 3071 ne
637 3005 868 3072 occnltamente
897 3006 987 3072 alcun
1017 3005 1092 3072 delli
1123 3007 1195 3072 ditti
1225 3009 1356 3090 tegnudi

120 3111 187 3177 alla
209 3111 351 3195 guardia,
382 3128 461 3177 ouer
491 3111 574 3177 altra
605 3111 743 3192 angaria,
775 3111 902 3193 quando
933 3111 955 3176 li
984 3116 1119 3191 roacare,
1143 3117 1227 3178 εοῖῖο
1250 3113 1357 3194 quella

119 3235 214 3300 pena,
237 3215 270 3281 la
291 3214 364 3298 qual
386 3215 514 3298 piasera
529 3215 592 3281 alla
606 3221 715 3282 νοεῖτε
731 3219 878 3302 serenda,
903 3217 987 3281 accio
1004 3216 1061 3282 che
1077 3217 1151 3298 ogni
1166 3216 1259 3284 homo
1274 3219 1356 3300 porti

121 3339 182 3389 ano
205 3337 293 3404 peso,
317 3339 336 3387 e
357 3339 420 3388 non
444 3321 549 3404 quello
572 3321 646 3387 delli
670 3323 845 3406 compagni,
869 3321 995 3403 quando
1018 3321 1041 3386 li
1063 3325 1196 3388 toccera.

165 3425 522 3509 Respondentur,
555 3427 639 3508 quod
668 3427 724 3508 illi,
754 3427 807 3509 qui
837 3429 975 3509 exempti
1003 3432 1077 3493 sunt
1106 3445 1126 3492 a
1153 3425 1302 3510 custodijs
1326 3432 1358 3494 et

121 3531 263 3616 angarijs
294 3531 464 3614 praedictis
495 3550 553 3614 per
582 3532 754 3614 scripturas
786 3533 979 3612 autenticas,
1010 3531 1257 3612 terminationes,
1289 3532 1357 3598 siue

120 3635 296 3722 privilegijs
326 3639 485 3703 rectorum
515 3642 705 3721 nostromm‚
735 3643 921 3703 remaneant
942 3637 987 3703 sic
1009 3637 1156 3719 exempti,
1185 3636 1285 3702 donec
1307 3653 1357 3702 co·

120 3748 302 3828 gnoscatur‚
328 3742 355 3807 si
377 3741 460 3807 tales
484 3742 702 3808 concessiones
724 3741 837 3807 merito
861 3740 1071 3824 iactassent,
1095 3741 1147 3806 uel
1170 3759 1240 3806 non.
1278 3739 1357 3823 Alijs

121 3866 212 3926 uero,
245 3847 298 3928 qui
329 3864 407 3914 voce
437 3853 559 3912 tantum
592 3845 730 3928 exempti
761 3851 882 3927 essent,
915 3845 1069 3932 notumne,
1101 3850 1138 3911 ut
1168 3845 1233 3913 ullo
1263 3845 1357 3912 modo

122 3953 264 4034 exempti
287 3951 360 4035 sint,
383 3950 440 4016 sed
462 3967 533 4016 cum
555 3951 625 4034 alijs
647 3951 766 4033 pariter
785 3949 982 4017 substineant
997 3969 1102 4032 opera,
1119 3951 1170 4016 nel
1187 3968 1292 4016 onera
1314 3950 1358 4016 Et

123 4057 165 4125 de
189 4062 295 4124 cetero
317 4061 422 4122 rector
444 4055 558 4138 aliquis
580 4062 690 4122 noster
705 4053 862 4122 Curzulae
884 4055 1040 4122 neminem
1058 4061 1238 4138 exemptum
1252 4053 1358 4122 tacere

122 4163 227 4246 possit
246 4161 315 4228 sine
337 4178 486 4243 expressa
507 4159 633 4227 licentia
655 4164 688 4226 et
710 4177 866 4228 consensu
888 4159 1014 4244 dominij
1039 4161 1138 4226 nostri
1171 4161 1228 4226 sub
1255 4179 1358 4243 poena

122 4268 314 4333 ducatorum
336 4271 461 4331 centurn
484 4265 517 4329 in
539 4265 604 4331 suis
628 4265 766 4349 proprijs
790 4267 880 4332 bonis
903 4265 1063 4354 erigenda
1081 4284 1138 4347 per
1152 4267 1360 4332 aduocatores

123 4371 317 4450 communia3
341 4375 374 4436 et
395 4371 422 4435 si
445 4370 524 4435 tales
547 4369 762 4452 exemptiones
785 4369 936 4449 facerent,
958 4371 1020 4436 sint
1041 4369 1158 4436 nullius
1181 4370 1308 4437 ualeris.

168 4475 218 4542 Ad
240 4475 417 4557 septimum.
440 4474 556 4541 Siando
578 4493 636 4557 per
658 4475 688 4542 el
711 4480 819 4542 nostro
843 4495 946 4542 mesor
966 4473 999 4541 1ο
1022 4481 1114 4543 conte
1138 4481 1188 4541 εῖε
1202 4475 1360 4542 rechiesta

122 4599 188 4647 una
209 4579 304 4660 iusta,
327 4580 359 4646 la
379 4585 487 4647 vostra
509 4580 649 4645 aaronita
671 4579 712 4644 ha
735 4578 825 4658 tatto,
851 4580 907 4645 che
930 4579 941 4642 i
962 4579 995 4645 la
1018 4578 1105 4645 fosse
1124 4579 1215 4658 data;
1238 4579 1358 4661 impert

123 4685 351 4769 supplichemo,
384 4685 441 4751 che
464 4684 618 4766 piazendo
641 4685 704 4750 allo
725 4689 833 4751 vostra
855 4684 1001 4765 aaronita,
1033 4683 1086 4750 dia
1107 4683 1214 4765 quella
1237 4701 1306 4748 cum
1328 4683 1359 4750 le

122 4790 278 4858 munition
301 4791 508 4858 conueniente
531 4793 551 4854 a
573 4789 688 4871 quella
1186 4889 1206 4924 ἃ

1494 4803 1685 4959 f*
