3422 5364
316 428 378 490 296

314 633 441 700 satoris.
466 632 510 697 Et
533 629 666 697 eandem
689 647 803 712 penam
820 630 949 715 incidet,
973 630 1153 713 quicunque
1170 648 1206 696 se
1221 629 1430 698 intromiserit
1445 629 1562 710 eundo,

311 738 364 802 nel
389 736 546 802 mittendo
571 739 628 800 aut
649 733 859 816 impediendo,
883 741 919 800 ut
942 753 1049 817 supra.
1071 735 1117 800 Et
1132 735 1277 801 similiter
1292 736 1426 802 eundem
1444 752 1561 816 penam

314 842 444 921 incidat,
469 841 523 923 qui
545 838 695 906 habuerit
722 844 912 920 presentare
941 839 1118 922 scripturas
1148 839 1280 921 collegio
1312 845 1347 906 et
1369 839 1565 905 decisionem

318 963 388 1012 cum
420 945 466 1012 eis
496 948 612 1026 postea
640 941 805 1028 assignare
835 943 982 1027 regimini
1012 943 1151 1011 ciuitatis
1182 942 1314 1025 Spelati,
1352 943 1381 1010 si
1414 941 1562 1008 fraudem

318 1048 509 1116 commiserit
531 1048 625 1116 mode
649 1048 754 1129 aliquo
777 1047 810 1113 in
833 1047 996 1129 predictis.

359 1152 404 1218 Et
425 1151 572 1236 predicta
593 1156 753 1234 ponantur
774 1151 808 1217 in
830 1150 991 1219 uolumine
1014 1155 1217 1218 statutarum.

319 1400 385 1446 car.
411 1398 472 1448 cvr.
502 1401 544 1443 nn
565 1399 763 1445 armamus
792 1399 919 1445 nonme
948 1399 1013 1443 nou
1042 1399 1197 1445 nmrmrnrs
1227 1399 1270 1444 sn
1292 1399 1444 1444 naman
1467 1398 1567 1444 suan

869 1486 1006 1530 roncum.

361 1603 530 1672 Millesimc
554 1601 680 1670 ccclxix.
712 1603 763 1669 die
785 1603 826 1686 vi.
857 1603 944 1686 iunij,
977 1603 1010 1669 in
1033 1604 1206 1686 quatern0¹
1227 1603 1405 1672 Alberthnli
1437 1607 1568 1685 captum
1686 1653 1688 1708 3

317 1709 388 1789 fuit,
413 1708 500 1790 quod
522 1707 672 1774 animalia
694 1707 813 1774 bouina
835 1726 995 1791 nunquam
1019 1713 1191 1775 teneantur
1212 1709 1253 1775 de
1284 1713 1378 1775 nocte
1401 1707 1444 1774 ad
1467 1707 1568 1789 ripam

319 1812 417 1880 marie
448 1831 547 1894 super
568 1818 664 1895 portu
686 1813 746 1879 sub
768 1829 855 1894 pena
877 1813 1041 1880 soldorum
1062 1813 1121 1879 and¹
1149 1833 1206 1897 pro
1230 1813 1373 1895 quolibet
1388 1813 1520 1879 animali
1535 1817 1569 1877 et
1687 1843 1688 1884 1

322 1919 393 1983 uice
417 1917 568 1999 quelibet.
592 1916 690 1983 Cuius
713 1934 798 1999 pene
820 1917 976 1986 medietas
996 1921 1038 1985 sit
1056 1918 1229 1987 communis
1246 1924 1281 1985 et
1296 1917 1360 1984 alia
1374 1913 1568 1983 accusaturis
1686 1961 1688 1984 2

324 2027 359 2089 et
382 2021 517 2105 quilibet
538 2023 643 2105 possit
664 2039 824 2089 accusare.

368 2271 437 2316 on.
462 2271 537 2314 ovn.
563 2271 606 2312 ml
629 2271 769 2315 BONUS
784 2271 884 2315 111an
898 2271 1002 2316 MUBOS
1018 2249 1191 2317 mmmm?
1205 2273 1269 2317 NON
1286 2248 1525 2317 ΔΠῙῦΤΔΗῺῐῦι.

363 2386 533 2454 Millesimo
557 2387 672 2454 ccclxx.
696 2387 748 2454 die
769 2388 810 2469 xj.
835 2387 1028 2466 nouembris,
1051 2387 1084 2454 in
1100 2387 1382 2456 reformationibus
1398 2387 1514 2470 Angeli
1529 2387 1568 2452 de

317 2491 479 2558 Fabriano
504 2496 631 2574 captum
654 2490 724 2570 fuit,
749 2492 834 2574 quod
857 2492 945 2557 nulla
968 2511 1107 2576 persona
1129 2493 1193 2572 det,
1217 2493 1269 2560 uel
1292 2493 1417 2560 affictet
1436 2493 1479 2558 ad
1493 2509 1568 2556 nuu-

319 2596 396 2682 lum‚
421 2615 478 2664 seu
501 2596 542 2662 ad
566 2594 707 2662 affictum
729 2596 867 2677 aliquam
884 2597 1022 2681 domum,
1047 2598 1185 2680 positam
1200 2599 1289 2664 iuxta
1303 2616 1413 2664 muros
1429 2595 1567 2662 ciuitatis
1686 2613 1688 2638 ³

320 2699 445 2783 Spalati
464 2701 559 2767 alicui
576 2717 732 2783 persene;
748 2718 807 2766 nec
822 2701 930 2783 aliqua
944 2719 1082 2783 persona
1097 2703 1235 2785 aliquam
1256 2702 1296 2769 de
1312 2702 1405 2768 dictis
1421 2701 1566 2768 domibus

321 2805 456 2887 recipiat
479 2805 520 2870 ad
545 2802 696 2884 affictum,
729 2805 798 2871 sine
821 2823 971 2887 expressa
994 2806 1124 2871 licentia
1146 2807 1267 2890 censilij
1292 2806 1455 2889 generalis
1485 2805 1567 2885 dictq

320 2910 459 2976 ciuitatis
491 2909 549 2975 sub
581 2928 666 2992 pena
696 2908 849 2976 librarum
878 2910 1110 2992 quinquaginta
1138 2929 1310 2993 perucrum
1339 2929 1398 2993 pre
1421 2910 1564 2992 qnalibet

324 3013 584 3082 contrafaciente.
607 3014 651 3080 Et
673 3013 746 3081 talla
764 3014 882 3081 locatio
898 3014 950 3081 uel
965 3013 1090 3081 affictus
1106 3033 1167 3081 non
1182 3014 1299 3100 ualeat,
1323 3032 1428 3097 neque
1442 3017 1561 3080 tenent

322 3262 388 3306 OAP·
419 3261 505 3306 dvm.
530 3262 613 3315 QUOD
643 3263 750 3306 mm
778 3262 920 3306 PEBBOM
949 3264 1077 3364 ΑἨἿΑΤ
1103 3262 1284 3307 memsam
1306 3261 1373 3306 dunt
1394 3262 1480 3324 snm,
1509 3261 1570 3305 m

841 3350 906 3394 dull
933 3351 1019 3394 dms
1039 3377 1046 3391 .

363 3465 457 3532 Dicto
481 3465 648 3533 millesimo
672 3469 706 3533 et
727 3465 821 3546 libro,
847 3465 899 3532 die
921 3466 1015 3549 xxvij.
1039 3467 1222 3534 nouembris
1246 3471 1374 3550 captum
1390 3465 1462 3543 fuit,
1486 3464 1569 3547 qued

321 3569 411 3635 nulla
433 3588 580 3652 persona,
605 3588 668 3652 quq
691 3571 806 3637 emerit
828 3569 966 3652 aliquem
989 3571 1150 3637 incentum
1169 3571 1360 3654 communie,
1384 3569 1503 3636 audeat
1518 3569 1568 3635 uel

322 3680 486 3756 presumat
509 3675 626 3741 dictum
650 3681 820 3741 encantum
840 3694 910 3741 cunr
926 3675 999 3760 alio,
1024 3677 1076 3742 uel
1092 3695 1163 3743 cum
1179 3677 1250 3758 elijs
1265 3677 1440 3752 incantare,
1465 3692 1568 3756 nequa

325 3779 429 3860 ipsum
453 3779 614 3844 incentum
639 3780 709 3861 ulijs
731 3779 882 3858 uendere,
914 3781 965 3846 uel
988 3781 1125 3864 tradere,
1156 3799 1260 3862 neque
1283 3798 1341 3862 pre
1365 3779 1437 3862 alijs
1460 3797 1567 3844 emere

326 3885 387 3948 nisi
410 3900 468 3966 pro
492 3903 527 3949 se
551 3888 585 3949 et
607 3884 701 3967 socijs
726 3884 800 3962 sule,
832 3901 902 3949 curn
926 3886 1041 3966 quibus
1065 3885 1183 3950 dictum
1213 3885 1377 3950 incantum
1398 3883 1568 3967 participa-

220 4017 222 4022 ’
328 3987 412 4054 uerit
433 3992 502 4055 tcto
526 3994 672 4070 ternpore
695 3988 770 4054 dicti
792 3988 948 4067 incantus
971 3989 1030 4055 sub
1054 4005 1135 4070 pena
1161 3989 1314 4054 librarum
1348 3995 1475 4054 centum
1503 4005 1572 4068 par-

325 4096 438 4158 uarum
456 4097 635 4175 citantem,
653 4098 806 4174 quantum
817 4093 933 4160 luisset
947 4095 1101 4160 incantus.
1116 4093 1160 4160 Et
1172 4095 1257 4175 quod
1273 4093 1419 4159 dominus
1435 4091 1570 4156 uicarius

321 4201 355 4262 et
381 4195 503 4262 iudices
532 4203 701 4264 teneantur
731 4197 856 4263 uinculo
880 4197 1071 4264 sacramenti
1102 4216 1199 4279 super
1220 4197 1385 4279 premissis
1407 4195 1569 4276 inquirere

323 4305 356 4365 et
378 4300 546 4380 prouidere
569 4301 637 4369 sine
660 4321 783 4386 accusa,
807 4301 860 4368 uel
884 4301 1044 4367 denuntia.

374 4529 949 4610 ¹Ood.Ohind.:„quaternett0“.
1064 4526 1192 4591 ²Deeat
1221 4529 1312 4590 ibid.
1431 4526 1572 4588 ³ibid.:

327 4617 515 4701 „tenendis“.
622 4615 879 4694 *Inscriptienem
902 4619 978 4679 hanc
1001 4618 1193 4694 apposuimus
1215 4615 1375 4676 secundum
1399 4615 1573 4676 sententiam

326 4705 415 4782 hujus
438 4706 568 4780 capituli,
594 4723 772 4780 quamquam
793 4705 877 4766 deest
898 4705 928 4764 in
947 4706 1081 4766 omnibus
1104 4703 1170 4764 cod.
