3376 5392
363 425 422 489 162

359 637 600 720 quingentarum
621 642 654 702 et
676 635 780 702 standi
802 654 857 702 serr
879 654 1003 703 menses
1025 635 1057 700 in
1081 635 1260 702 carceribus
1284 641 1317 701 et
1340 636 1440 700 etiam
1463 635 1521 702 sub
1541 635 1593 700 illa

360 741 470 807 maiori
494 760 605 823 poena,
638 758 718 821 quae
747 740 877 806 arbitrio
900 747 1007 808 uestro
1029 740 1198 824 uidebitur,
1223 740 1424 806 considerata
1447 739 1594 821 qualitate

359 865 584 928 personarum3
616 851 650 910 et
678 845 800 912 faciatis
829 846 886 911 has
918 852 1043 912 nostras
1065 845 1190 910 litteras
1212 847 1244 910 in
1272 844 1463 910 cancellaria
1493 850 1595 910 uestm

362 949 517 1016 Ouraulae
546 951 589 1016 ad
618 967 834 1016 successorum
864 957 1043 1018 uestrorum
1066 951 1248 1018 memoriam
1270 951 1437 1032 registrari
1462 955 1495 1015 et
1516 951 1594 1031 regi·

360 1061 479 1120 stratas
503 1054 595 1120 dietis
618 1055 775 1122 nobilibus
797 1057 993 1138 consignare.

402 1161 520 1225 Datum
541 1160 575 1224 in
596 1165 704 1225 nostro
728 1160 830 1226 ducali
858 1160 976 1242 palatio
1005 1160 1116 1226 ultima
1138 1160 1338 1239 Nouembris
1364 1159 1537 1226 indictione
1556 1178 1591 1236 a,

359 1265 515 1332 Mececxli.

564 1369 593 1434 A
624 1377 763 1450 tergo:

402 1474 568 1540 Nobilibus
599 1481 632 1541 et
661 1474 855 1556 sapientibus
879 1474 955 1539 viris
978 1473 1117 1542 Thomas
1141 1475 1286 1555 Michael‚
1310 1475 1417 1541 comiti
1442 1474 1592 1540 Curaulae

359 1585 392 1645 et
414 1580 648 1646 suecessoribus
670 1581 743 1646 suis.
1150 1595 1156 1606 ·

746 1811 811 1852 xrv.
835 1811 969 1855 mannas
991 1811 1124 1856 nconms
1146 1799 1204 1870 11⁸,

360 1894 459 1962 inqua
484 1892 636 1948 declaratur
663 1893 777 1947 intentio
805 1891 837 1945 de
859 1891 1023 1961 supradietis
1047 1892 1291 1948 coniunctionibus
1310 1899 1338 1947 et
1356 1893 1501 1962 statuitur,
1525 1892 1592 1961 qnod

360 1979 463 2049 denarij
482 1979 624 2048 detiorum,
642 1979 765 2050 deputati
782 1996 832 2048 pro
850 1979 950 2035 salario
968 1980 1075 2035 comitis
1088 1995 1142 2034 non
1155 1981 1261 2049 possint
1277 1981 1361 2050 tangi,
1379 1983 1423 2035 rel
1442 1980 1592 2050 dispensari

358 2082 408 2138 pro
421 2067 483 2137 ulijs
497 2068 631 2138 expensis,
642 2068 694 2122 nisi
706 2083 756 2136 pro
769 2066 840 2121 dicto
854 2066 952 2122 salario
966 2075 993 2122 et
1006 2068 1028 2122 si
1042 2084 1120 2124 secus
1132 2069 1233 2122 facturn
1247 2067 1337 2133 luerit,
1350 2067 1502 2123 reddantur
1514 2075 1591 2124 retro.

402 2189 592 2258 Franciscus
615 2189 754 2273 Foseori,
777 2189 839 2256 Dei
858 2193 966 2276 pretio
989 2191 1055 2257 dac
1084 2189 1283 2258 Venetioram
1304 2201 1358 2258 cte.

401 2315 567 2381 Nobilibus
589 2320 622 2380 et
643 2315 838 2395 sapientibus
868 2315 945 2379 viris
968 2314 1109 2381 Thomae
1132 2315 1268 2380 blichael
1291 2315 1331 2380 de
1353 2334 1412 2380 suo
1442 2315 1589 2380 mandato

358 2422 464 2488 comiti
491 2419 646 2486 Curzulae
670 2425 702 2485 et
724 2421 959 2485 suecessoribus
989 2421 1055 2485 suis
1077 2419 1223 2487 fidelibus
1247 2421 1370 2487 dilectis
1400 2421 1589 2486 salutemet

359 2526 535 2591 dilectionis
557 2523 713 2590 affectum.

401 2629 532 2696 Nobiles
555 2637 587 2696 et
607 2631 776 2712 populares
801 2628 966 2708 Curzulae,
991 2630 1045 2710 qui
1060 2649 1162 2710 nuper
1177 2629 1306 2695 fuerunt
1320 2631 1361 2694 ad
1377 2630 1588 2710 praesentiam

358 2736 460 2800 nostri
482 2735 618 2816 dominijff
643 2737 802 2816 petierunt
825 2735 979 2800 declarari
1002 2736 1250 2816 responsionem,
1275 2753 1367 2816 qnam
1383 2735 1444 2800 sibi
1460 2734 1590 2800 fecimus

358 2841 409 2906 die
432 2859 481 2904 xx.
504 2841 621 2907 mensis
653 2841 838 2906 Decembris
868 2839 941 2904 anni
971 2840 1135 2920 praeteriti
1166 2858 1264 2921 snper
1294 2839 1394 2904 uineis
1420 2859 1484 2905 non
1508 2839 1589 2904 ultra

358 2947 546 3028 plantandis
571 2947 599 3010 si
621 2946 775 3023 uolumus
800 2945 884 3027 qnod
904 2947 1014 3026 campi,
1042 2947 1094 3026 qui
1117 2945 1232 3026 incepti
1256 2951 1330 3010 sunt
1344 2943 1494 3026 plantari,
1519 2964 1588 3027 pos

358 3052 421 3116 siut
433 3051 592 3134 compleri,
617 3051 669 3116 uel
682 3069 760 3130 non;
785 3057 817 3115 et
832 3050 993 3116 intellecta
1015 3051 1219 3132 responsione
1235 3057 1310 3115 tunc
1324 3048 1417 3128 lacta,
1442 3067 1480 3115 ac
1495 3051 1590 3116 etiam

358 3155 539 3222 conditione
561 3155 645 3221 illins
667 3156 798 3232 insulae,
823 3153 966 3220 fidelitati
990 3162 1117 3221 uestrae
1139 3155 1344 3232 declaramus,
1373 3155 1460 3236 quod
1481 3161 1589 3221 nostra

358 3261 489 3327 intentio
513 3267 572 3344 est,
597 3261 681 3343 quod
704 3261 804 3342 campi
827 3261 943 3342 incepti
966 3261 1101 3342 plantari
1118 3277 1217 3340 usque
1233 3261 1316 3326 diem
1332 3280 1381 3324 ar.
1405 3261 1588 3326 Decembris

357 3365 481 3447 possint
503 3365 653 3446 compleri
674 3364 854 3446 plantandi;
883 3364 940 3430 sed
965 3364 1048 3429 ultra
1069 3364 1169 3429 dictos
1191 3365 1335 3445 inceptos
1359 3383 1490 3446 campos
1515 3364 1589 3429 nihil

357 3469 441 3535 ultra
464 3470 600 3552 plantari
623 3469 724 3550 possit
746 3469 804 3534 sub
828 3485 931 3550 poena
954 3467 1075 3546 statuti,
1099 3486 1158 3533 nec
1172 3487 1229 3550 per
1244 3469 1409 3535 consilium
1433 3469 1588 3536 Curzulae

356 3593 415 3642 nec
437 3593 494 3656 per
515 3593 574 3640 uos
590 3575 657 3640 dari
672 3575 774 3656 possit
797 3573 900 3639 denuo
924 3573 1050 3640 licentia
1072 3572 1235 3654 plantandi
1259 3573 1368 3640 musas
1382 3576 1414 3639 in
1431 3575 1588 3656 aliquibus

230 3705 246 3718 ·
357 3679 428 3762 alijs
459 3680 577 3760 campis
608 3680 667 3743 sub
697 3697 800 3760 poena
830 3680 1014 3744 ducatomm
1045 3679 1081 3743 D.
1107 3679 1138 3742 in
1162 3678 1217 3742 illa
1246 3683 1356 3744 nostra
1384 3681 1588 3761 responsione

357 3790 558 3850 statutorum.
590 3785 740 3850 Preterca
770 3790 990 3866 exposuerunt,
1022 3783 1106 3864 quod
1130 3783 1297 3865 aliquando
1321 3783 1440 3850 faciunt
1462 3786 1587 3868 nuptias

356 3895 413 3954 aut
435 3907 470 3954 se
494 3894 688 3971 congregant
710 3907 768 3970 pro
791 3889 944 3954 mittendo
974 3887 1200 3954 ambasciatam
1229 3887 1378 3955 Venetias
1402 3895 1435 3956 et
1458 3909 1587 3974 recnpe

356 3995 455 4059 rande
478 3993 625 4060 denarios
649 4013 707 4076 pro
731 3994 875 4075 expensis
898 3993 1081 4058 nunciorum
1104 4011 1233 4058 suorum
1249 3999 1282 4058 et
1301 3999 1432 4076 propter
1447 3998 1586 4062 ordinem
1681 4053 1682 4058 ,

355 4105 495 4164 nostrum
520 4099 560 4163 de
583 4097 825 4164 adunationibus
845 4097 997 4162 faciendis
1021 4098 1080 4162 sub
1104 4115 1207 4178 poena
1222 4099 1344 4184 timent,
1370 4099 1587 4183 supplicarunt
1681 4113 1682 4140 ³

354 4203 525 4285 prouideri,
549 4203 633 4284 quod
656 4202 688 4267 in
710 4203 773 4267 illis
794 4203 919 4269 casibus
942 4221 1005 4268 non
1027 4202 1189 4268 incurrant
1211 4219 1355 4284 poenam.

396 4308 463 4374 Nos
486 4307 583 4389 igitur
604 4307 816 4392 intelligentes
844 4314 966 4389 partem
992 4308 1031 4372 de
1054 4307 1296 4374 adunationibus
1312 4325 1375 4372 non
1389 4307 1542 4376 iaciendis
1557 4315 1586 4374 et

352 4410 538 4478 fidelitatem
569 4411 823 4491 Curzulcnsium,
855 4412 1051 4479 declaramus
1075 4413 1175 4491 uobis,
1206 4411 1290 4493 quod
1313 4412 1340 4478 si
1363 4417 1429 4478 tam
1451 4415 1583 4490 nobiles,

354 4534 448 4598 quam
471 4517 640 4599 populares
663 4537 697 4584 se
720 4518 982 4601 congregauerint
1004 4533 1061 4598 pro
1078 4515 1306 4582 festiuitatibus
1318 4519 1502 4600 nuptiarum
1518 4535 1585 4584 sua-

354 4639 422 4686 rum
446 4628 501 4686 ant
524 4622 653 4687 tristitia
674 4628 868 4686 mortuorum
891 4640 1028 4700 suorum,
1053 4625 1108 4686 aut
1131 4620 1361 4702 promittendis
1384 4621 1580 4689 ambasciatis

353 4725 394 4796 ad
418 4731 558 4792 nostrum
583 4727 750 4792 dominium
764 4733 797 4793 et
808 4727 1031 4810 recuperandis
1048 4726 1184 4809 denarijs
1199 4745 1256 4809 pro
1274 4727 1428 4794 soluenda
1446 4745 1579 4810 expansa
