3416 5350
349 397 393 462 ab

351 601 477 664 thorum
499 597 666 664 uiduitatis
688 597 878 679 possiderit:
901 601 1047 662 mutuato
1069 615 1147 662 uero
1182 595 1289 676 thoro,
1320 595 1372 660 uel
1395 611 1491 660 uxore
1513 591 1582 660 defi-

349 702 461 784 ciente,
486 702 569 766 bona
591 701 763 766 deueniant
785 700 826 765 ad
849 699 1094 782 propinquiores
1118 698 1267 764 defuncti.

390 806 435 870 Et
469 805 496 870 si
526 805 660 870 maritus
689 809 833 869 mortuus
863 802 960 867 luerit
990 802 1058 866 sine
1090 806 1280 868 testamento
1316 801 1385 866 siue
1408 801 1582 880 intestatus,

335 909 434 988 quod
456 919 521 972 tam
545 909 618 984 dos,
652 925 746 988 quam
776 907 839 971 alia
868 909 952 972 bona
981 907 1082 986 ipsius
1105 901 1247 970 mulieris
1271 904 1336 971 sint
1358 905 1453 969 salua
1473 911 1506 969 et
1527 905 1583 985 ipsi

351 1011 487 1089 domine,
513 1009 539 1075 si
563 1013 688 1074 mutare
705 1009 842 1074 uoluerit
857 1008 973 1074 lectum
989 1009 1153 1074 uiduitatis
1169 1011 1391 1086 restituantur,
1416 1007 1468 1072 uel
1483 1025 1581 1072 earum

354 1114 526 1179 estimatio.

664 1342 731 1386 cAP.
755 1345 830 1385 XXV.
861 1343 903 1384 DE
925 1342 1130 1384 TESTAMENTO
1152 1343 1281 1385 Ioanne.

346 1467 358 1487 ‘
394 1459 475 1523 Item
490 1462 644 1523 statutum
659 1464 693 1523 et
708 1458 887 1523 ordinatum
918 1463 975 1536 est,
1000 1457 1126 1538 quodsi
1143 1457 1272 1538 aliquis¹
1287 1455 1400 1522 fecerit
1416 1461 1575 1521 testamen-

352 1567 419 1626 tum
442 1561 495 1624 uel
512 1561 651 1640 aliquam
667 1561 761 1625 aliam
778 1561 920 1624 ultimam
937 1561 1144 1643 uoluntatem,
1168 1561 1242 1625 licet
1256 1560 1412 1624 iurauerit
1427 1559 1467 1623 ad
1482 1567 1598 1635 sancta,

351 1665 403 1729 dei
426 1665 594 1744 euangelia
616 1663 695 1728 illud
719 1669 953 1744 testamentum,
979 1665 1030 1730 uel
1053 1665 1146 1728 aliam
1169 1664 1314 1728 ultimam
1340 1663 1531 1728 uoluntatem
1551 1679 1581 1726 se

351 1774 464 1848 postea
488 1786 550 1831 non
562 1773 766 1845 mutaturum,
788 1767 991 1833 nihilominus
1009 1774 1116 1833 tamen
1132 1768 1159 1832 si
1174 1785 1323 1847 expresse
1338 1766 1411 1830 uult
1425 1765 1580 1846 premiterc

353 1877 387 1936 et
409 1888 574 1936 remouere
597 1870 732 1951 primum
756 1877 990 1948 testamentum,
1014 1871 1110 1936 liceat
1132 1870 1191 1935 sibi
1210 1869 1289 1934 illud
1304 1875 1429 1934 mutare
1445 1875 1478 1932 ot
1492 1885 1580 1932 remo

355 1990 431 2038 uere
463 1972 504 2037 ad
535 1990 623 2037 suam
645 1972 871 2056 uoluntatem,
907 1975 982 2054 quia
1005 1991 1096 2038 nemo
1120 1979 1226 2054 potest
1248 1973 1308 2038 sibi
1330 1974 1392 2054 ipsi
1415 1971 1513 2051 legem
1533 1971 1580 2033 im-

357 2093 487 2158 ponere,
511 2094 531 2139 a
553 2093 617 2155 qua
639 2093 702 2140 nou
718 2075 809 2142 licet³
823 2077 884 2141 sibi
900 2076 1061 2160 recedere,
1086 2082 1120 2141 et
1134 2077 1210 2140 nihil
1225 2082 1290 2141 tam
1306 2073 1477 2152 naturale⁴,
1499 2090 1581 2154 quam

353 2179 621 2260 unumquodque
645 2178 774 2244 dissolui
797 2197 836 2242 eo
859 2197 984 2262 genere,
1009 2197 1071 2260 quo
1095 2179 1236 2261 legatum
1259 2183 1320 2245 est.

512 2407 580 2452 GAP.
603 2408 692 2450 xxw.
722 2408 764 2450 DE
786 2407 923 2450 aucum
945 2407 1080 2452 numera
1102 2408 1161 2450 1²30
1184 2409 1272 2450 MALE
1295 2407 1438 2450 nutam.

308 2553 312 2560 ·
400 2523 482 2590 item
506 2527 662 2588 statutum
685 2528 719 2588 et
741 2523 922 2588 ordinatum
944 2530 1004 2602 est,
1028 2523 1113 2603 quod
1136 2523 1163 2588 si
1185 2523 1257 2605 quis
1272 2523 1305 2587 in
1319 2528 1518 2598 testamento,
1538 2519 1581 2586 nel

357 2627 468 2692 ultima
497 2627 663 2694 uoluntate
697 2625 861 2706 reliquerit
883 2625 1021 2706 aliquam
1043 2628 1176 2708 pecunie
1200 2629 1412 2707 quantitatem
1435 2644 1490 2706 pro
1510 2623 1581 2688 male

358 2730 480 2808 ablatis,
505 2731 641 2795 dandam
670 2729 758 2802 illisl,
790 2731 843 2811 qui
873 2732 987 2796 iustam
1018 2731 1249 2810 querimoniam
1279 2731 1319 2796 de
1352 2732 1422 2812 ipso
1445 2728 1582 2803 facerent,

360 2835 446 2915 quod
476 2833 561 2898 dicta
590 2834 753 2914 quantitas
784 2835 899 2899 debeat
929 2834 1065 2916 expendi
1087 2853 1145 2916 pro
1177 2836 1282 2898 anima
1303 2833 1445 2900 defuncti
1466 2833 1504 2897 ad
1524 2831 1582 2912 pios

362 2955 474 3002 causas
489 2955 548 3018 per
563 2943 749 3003 executores
765 2941 799 3002 et
813 2939 1044 3004 commissarios
1059 2939 1253 3017 testamenti,
1273 2937 1325 3003 uel
1340 2938 1472 3002 alterius
1486 2936 1582 3014 utone

360 3040 544 3106 uoluntatis.

403 3269 469 3313 OAP.
494 3269 594 3311 XXVII.
619 3270 660 3310 ml
683 3267 829 3332 aucum,
853 3271 915 3321 Qun
937 3271 1038 3312 DEBET
1060 3269 1222 3314 umbrarum
1243 3271 1303 3312 m
1320 3270 1546 3313 (remeamus.

402 3383 485 3449 ltem
509 3388 665 3449 statutum
688 3389 722 3448 et
744 3384 922 3449 ordinatum
945 3389 1004 3469 est,
1027 3385 1162 3466 quodsi
1185 3386 1255 3466 quis
1272 3385 1304 3450 in
1319 3390 1519 3464 testamento,
1539 3382 1584 3447 uel

361 3488 424 3552 alia
447 3489 558 3552 ultima
576 3489 740 3554 uoluntate
757 3489 922 3570 reliquerit
938 3490 1075 3571 aliquam
1096 3493 1261 3571 pecuniam
1278 3491 1523 3557 distribuendam
1537 3507 1585 3570 per

362 3610 437 3657 suos
461 3592 702 3676 commissoriae,
738 3597 774 3656 ut
796 3592 984 3672 ubicumque
1004 3593 1080 3674 ipsis
1103 3595 1355 3660 commissalibus
1378 3595 1489 3658 melius
1510 3592 1586 3658 uide

363 3695 450 3760 bitur
472 3695 651 3779 conuenire,
676 3695 778 3778 quod6
801 3698 1013 3781 commissales
1037 3716 1098 3762 non
1120 3699 1242 3778 possint
1261 3697 1346 3762 illam
1363 3697 1523 3778 pecuniam
1536 3713 1585 3777 pro

361 3817 397 3864 se
428 3798 568 3864 retinere
596 3797 650 3864 uel
680 3799 713 3863 in
743 3817 819 3865 suos
850 3801 1101 3882 consanguineos
1135 3802 1188 3865 uel
1219 3799 1329 3866 affines
1363 3807 1418 3866 aut
1450 3801 1481 3864 in
1509 3816 1586 3865 suam

360 3902 631 3983 propinquitatem
651 3921 720 3968 eam
738 3904 824 3988 dare,
848 3903 901 3970 uel
917 3903 1120 3983 distribuere,
1144 3904 1200 3970 sed
1216 3905 1393 3970 debeantur
1411 3923 1480 3970 eam
1494 3900 1587 3970 distri·

362 4005 462 4071 buere
484 4005 525 4071 ad
547 4005 617 4086 pias
639 4023 750 4072 causas
773 4025 831 4088 pro
854 4007 959 4072 anima
982 4006 1122 4072 defuncti
1146 4013 1179 4072 et
1201 4026 1330 4074 suorum
1353 4015 1527 4090 parentum.

407 4214 418 4249 ¹
440 4216 497 4292 Ap.
521 4217 547 4274 L
551 4216 649 4291 jub:
675 4209 790 4298 „quis“.
861 4211 981 4276 ΒΟοᾱ.
1005 4216 1114 4276 acad.
1138 4217 1182 4277 B:
1208 4212 1441 4298 „uoluptatem“.
1511 4215 1589 4291 ³llp.

360 4296 649 4384 Ljub.:„liceat“.
730 4297 1012 4378 ‘ibid.:„est“.
1092 4299 1591 4380 ⁶Cod.acad.A:,daudem.

360 4389 440 4446 uol“.
512 4386 638 4447 lDeest
660 4405 708 4462 ap.
733 4387 841 4463 Ljub.
