3422 5364
370 503 433 570 260

367 709 416 778 De
440 709 625 778 custodibus
640 709 804 777 uinearum
823 761 1429 780 ...............
1547 715 1597 798 luj.

368 811 417 884 De
439 821 550 881 tenuta
573 815 678 881 danda
701 815 732 880 in
756 815 944 882 solutionem
960 816 1110 882 creditori
1125 815 1152 883 si
1168 834 1230 883 tlon
1247 819 1431 900 apparuerit

408 919 491 986 elius
514 920 546 985 in
564 919 717 1003 principio
736 969 1430 988 .................
1533 921 1591 1006 lsijn

361 1023 410 1091 De
437 1043 500 1091 non
532 1024 735 1108 impediendo
765 1023 1019 1108 appellationem,
1055 1025 1180 1108 quando
1204 1023 1368 1092 deferatur
1389 1026 1431 1092 ad

405 1127 573 1212 collegium
603 1178 1428 1194 ....................
1526 1129 1593 1213 lsiij.

361 1230 411 1300 De
433 1231 622 1299 animalibus
644 1231 767 1298 bouinis
791 1250 853 1299 non
875 1232 1024 1298 tenendis
1045 1231 1087 1298 ad
1112 1234 1299 1299 marinam.
1336 1283 1342 1297 .
1379 1283 1386 1298 .
1422 1283 1428 1298 .
1546 1232 1594 1298 lix.

361 1335 411 1405 De
433 1336 581 1405 domibus
603 1338 690 1403 iuxta
712 1355 821 1405 muros
844 1355 907 1404 non
923 1334 1102 1404 uslutondis
1121 1387 1344 1403 ......
1373 1347 1387 1402 ‘.
1422 1388 1429 1402 .
1554 1337 1591 1404 ln

361 1441 409 1511 De
432 1441 497 1526 liga
521 1441 753 1512 nonfacienda
775 1443 807 1509 in
830 1443 964 1511 emendo
986 1444 1132 1510 inuentus
1162 1491 1427 1508 .......
1545 1441 1592 1523 li.

754 1677 789 1720 nt
811 1675 935 1721 mmm
957 1675 1079 1720 Nom
1104 1674 1203 1720 munt.

404 1791 516 1858 Partes
538 1791 601 1858 ism
625 1792 742 1857 dudum
767 1811 824 1874 per
846 1790 982 1875 longene
1012 1797 1156 1873 tempora
1179 1795 1272 1874 capte
1303 1790 1336 1855 in
1360 1788 1500 1872 generali
1522 1805 1591 1855 oon-
1686 1773 1688 1818 ³

362 1895 434 1962 silio
457 1895 609 1962 nobilium
630 1895 763 1978 Spoleti,
787 1895 927 1962 diuersis
950 1895 1146 1976 temporibus
1161 1901 1195 1962 et
1209 1893 1384 1960 millesimis
1407 1899 1441 1959 et
1463 1893 1591 1961 dinemis
1687 1897 1688 1900 ’

361 1999 536 2068 rectoribus
558 2005 592 2068 et
612 1999 645 2065 in
668 1999 806 2065 diuersis
837 1999 926 2064 libris
949 1999 1045 2066 etde
1068 1999 1148 2079 ipsis
1181 1998 1270 2065 libris
1301 1999 1402 2079 electe
1435 2003 1468 2063 et
1499 1995 1591 2062 inter¹
1686 2043 1688 2072 2

363 2102 442 2169 alias
465 2109 572 2186 partes
594 2111 735 2183 extracto
755 2109 789 2169 et
805 2103 838 2167 in
863 2101 924 2168 hoo
947 2102 1027 2168 libro
1051 2101 1190 2184 redacte,
1214 2101 1306 2184 quia²
1328 2102 1430 2184 magis
1451 2101 1593 2168 nidenan
1686 2125 1688 2196 ἦ

362 2207 394 2272 in
417 2225 453 2274 se
475 2206 593 2275 habers
617 2207 840 2273 necessitatem
865 2205 1067 2288 obseruandi,
1092 2211 1129 2270 nt
1143 2205 1170 2271 si
1192 2205 1323 2272 consilio
1345 2205 1516 2287 uidebitur,
1539 2206 1590 2271 ad-

360 2310 477 2377 dantur
505 2311 537 2376 in
568 2317 689 2378 statuto
722 2311 896 2376 eommunis
931 2308 1053 2392 Spalati
1087 2328 1145 2392 per
1178 2311 1266 2377 uiros
1300 2310 1423 2378 nobiles
1452 2309 1593 2376 Bilseiam

359 2413 517 2498 Cypriani,
548 2414 702 2483 Thomam
724 2414 857 2483 Dobroli
889 2419 923 2480 et
953 2413 1089 2480 laneum
1112 2413 1225 2496 Doymi
1255 2414 1297 2482 nd
1329 2414 1389 2482 hoe
1420 2415 1593 2497 specialiter

361 2519 539 2602 deputatos.

794 2680 862 2726 OAP·
885 2681 907 2723 1.
930 2681 972 2724 DE
994 2679 1159 2726 ΜΔΙΜῙΠΒ.

404 2795 573 2864 Millesimo
597 2797 822 2865 trecentesimo
846 2797 1007 2880 trigesimo
1032 2797 1178 2880 seeundo,
1196 2796 1247 2864 die
1263 2797 1327 2881 xiij.
1346 2797 1430 2881 maij,
1454 2803 1593 2880 tempore

360 2901 522 2986 regiminis
546 2901 663 2968 domini
687 2899 800 2969 Jaeobi
826 2901 1018 2981 Gradenieo,
1053 2901 1175 2969 comitis
1199 2899 1321 2985 Spnlnti
1342 2910 1471 2986 captum
1493 2909 1528 2971 et
1548 2921 1596 2971 re·

361 3005 533 3074 formatum
555 3004 626 3089 fuit,
650 3005 734 3088 quod
757 3005 893 3072 malsani
916 3005 1098 3073 morentnr⁸
1112 3013 1147 3073 et
1160 3007 1294 3074 morari*
1312 3007 1450 3076 debeant
1464 3007 1507 3075 de
1522 3007 1594 3074 loris

365 3117 398 3178 et
421 3110 545 3179 dnobus
567 3129 605 3179 ex
627 3111 674 3179 eis
691 3111 788 3177 lineat
809 3111 921 3178 uenire
938 3110 979 3176 ad
995 3111 1155 3178 deitatem
1171 3108 1293 3196 Spalati
1315 3111 1400 3181 omni
1422 3111 1475 3180 die
1497 3112 1590 3180 domi·

360 3214 430 3282 nien
452 3221 485 3283 et
507 3216 652 3286 omnibus
676 3215 787 3286 diebus
810 3216 1004 3284 solemnibus
1026 3221 1149 3283 tantum
1172 3223 1205 3284 et
1227 3216 1321 3285 aliter
1342 3216 1431 3285 nonl.

359 3447 425 3494 ΟΠ.
446 3449 481 3492 11.
511 3449 554 3493 DE
584 3449 711 3505 QUEM
741 3449 914 3494 euoenon
945 3448 1097 3505 suumn,
1130 3449 1297 3494 emmens
1325 3447 1477 3496 nouom
1504 3449 1594 3495 ΒΜ·

788 3536 901 3580 nullm
923 3536 964 3579 AB
987 3536 1168 3581 ΙΜἭΤΔΤΟ.

404 3654 526 3724 Eodem
549 3653 718 3722 millesimo
741 3660 774 3722 et
797 3661 951 3736 tempore,
975 3653 1027 3720 die
1050 3652 1160 3720 ultimo
1184 3654 1311 3738 augusti
1334 3659 1460 3737 captum
1483 3653 1593 3721 luitis

360 3759 444 3827 dieto
469 3758 609 3842 nonullo,
634 3759 719 3841 quod
741 3761 892 3844 syndicus
916 3761 1089 3826 eommunis
1105 3759 1221 3826 debeat
1243 3775 1378 3826 euocare
1396 3777 1592 3842 possessores

358 3863 512 3933 bonorum
545 3863 764 3932 decedentium
795 3865 836 3932 ab
866 3866 1019 3932 intestato
1050 3871 1083 3932 et
1112 3865 1152 3930 ab
1186 3865 1233 3930 eis
1266 3870 1376 3946 petere
1409 3871 1443 3931 et
1472 3865 1593 3948 exigere

358 3973 503 4050 quartam
533 3973 731 4050 spectantem
762 3967 967 4052 pauperibus,
997 3975 1034 4035 ut
1056 3969 1159 4050 deea
1180 3967 1284 4050 possit
1311 3965 1380 4034 lieri
1409 3967 1488 4048 quid
1509 3967 1591 4034 iuris

596 4201 662 4246 011².
684 4201 733 4243 111.
755 4202 797 4244 Du
820 4199 1014 4246 ennomus
1036 4200 1100 4244 NON
1123 4200 1353 4245 ffl'flffllmlfl.

399 4315 522 4383 liudem
551 4317 718 4384 millesimo
742 4323 775 4384 et
797 4323 950 4401 tempore,
983 4318 1035 4386 die
1057 4318 1128 4402 xvij.
1153 4318 1270 4385 mensis
1300 4317 1440 4384 octobris
1470 4323 1591 4400 capuam

358 4426 391 4488 et
410 4419 615 4489 reformatum
631 4421 692 4489 luit
706 4423 737 4488 in
754 4423 838 4490 dieto
853 4423 995 4503 consilio,
1019 4423 1104 4506 quod
1120 4427 1275 4490 statutum
1299 4423 1433 4506 loquens
1448 4422 1489 4490 ds
1502 4421 1591 4506 lignis

402 4614 413 4650 ¹
435 4617 521 4679 dod.
537 4617 642 4680 send.
658 4617 701 4679 A:
720 4617 799 4694 „in¹‘.
869 4613 1223 4697 'Ap.11jnb.:„qup“.
1295 4614 1403 4679 8θοὰ.
1421 4617 1527 4678 aoad.
1549 4617 1590 4676 A:

358 4697 586 4778 „morerentnr“.
657 4699 802 4765 ⁴ibid:
828 4705 950 4779 „morib
1013 4701 1095 4780 ὕΔρ.
1120 4703 1245 4782 Ljub.:
1271 4703 1505 4784 „aliteruenira
1542 4719 1591 4764 nee

274 4839 279 4850 e
359 4787 498 4848 secedere
519 4786 664 4863 possins.
