3398 5354
362 459 427 523 288

358 685 425 731 aar.
449 686 505 729 rm.
529 685 612 738 oron
634 685 777 728 umarus
799 683 957 728 mmm
978 684 1096 730 esocen
1110 684 1132 730 a
1146 681 1337 730 sumamus
1352 685 1489 730 rumara
1505 685 1588 728 mm

657 772 936 816 massmannum
957 772 1129 816 assensum
1150 749 1300 818 nonnam&

401 889 483 954 Item
512 892 668 955 statutum
695 895 729 956 et
759 889 938 955 ordinatum
971 894 1029 969 est,
1060 890 1145 970 quod
1173 890 1279 956 nullus
1308 889 1409 972 possit
1436 888 1587 956 emereiu

359 994 488 1061 ciuitate
519 991 653 1076 Spalati,
684 993 736 1060 uel
766 994 833 1060 eius
864 994 1011 1060 districtu
1041 995 1178 1078 aliquam
1213 995 1328 1061 bouem
1360 994 1414 1060 uel
1447 993 1589 1060 uacrbam

360 1096 544 1180 pascualem
567 1097 619 1163 uel
642 1097 684 1163 ad
706 1098 870 1176 arandum,
904 1117 960 1166 seu
991 1099 1086 1165 aliam
1106 1100 1241 1166 bestiam
1263 1117 1417 1184 grossam,
1447 1097 1588 1165 uidehoet

360 1221 476 1284 equum
497 1202 551 1268 arel
573 1203 743 1270 somarium
765 1203 927 1270 masculini
951 1223 1044 1270 sexus
1066 1204 1118 1270 uel
1140 1202 1281 1270 feminini
1295 1205 1335 1270 eb
1358 1203 1464 1286 abquo
1481 1200 1588 1269 Salano

361 1307 414 1372 uel
437 1311 588 1374 extraneo
618 1307 737 1389 absque
761 1309 968 1390 requisicionc
991 1313 1025 1373 et
1046 1325 1203 1374 consensu
1225 1309 1370 1375 adminus
1401 1307 1530 1373 duomm
1549 1307 1587 1373 de

361 1411 573 1494 infrascriptis
603 1413 769 1480 nobilibus.
803 1413 849 1480 ut
878 1413 1080 1480 nihilominus
1110 1419 1258 1480 teneatur
1287 1414 1357 1496 ipse
1380 1418 1509 1494 emptor,
1538 1412 1588 1494 qni

360 1515 514 1583 bestiam’
536 1518 649 1582 emerit
671 1517 711 1582 de
733 1518 884 1599 predictis
906 1517 1011 1586 facere
1041 1517 1136 1585 scribi
1165 1519 1197 1583 in
1221 1519 1299 1585 actis
1322 1516 1440 1585 domini
1462 1515 1585 1594 comilis,

361 1619 415 1702 qui
438 1639 496 1702 pro
520 1625 663 1702 tempore
685 1619 781 1688 fuerit
803 1628 836 1688 et
857 1639 973 1687 nomen
996 1627 1029 1689 et
1044 1622 1238 1704 pronomen⁸
1253 1627 1287 1690 et
1303 1623 1407 1688 locum
1421 1621 1587 1688 uenditoris

362 1729 395 1791 et
417 1724 512 1791 etiam
534 1726 662 1792 nomina
684 1725 846 1807 nobilium,
871 1727 924 1807 qui
947 1725 1150 1793 interfuerint
1165 1733 1198 1793 et
1213 1727 1432 1794 consenserint
1445 1724 1501 1808 ipsi
1514 1741 1586 1791 uen-

362 1828 483 1896 ditioni.
508 1826 568 1906 Qui
591 1847 668 1896 nero
690 1829 913 1897 contrafecerit
934 1835 967 1897 et
989 1831 1074 1911 quod
1096 1831 1234 1915 aliquam
1251 1831 1408 1898 dictarum
1422 1831 1585 1898 bestiarum

362 1934 476 2000 emerit
498 1933 678 2016 supradicto
702 1934 812 2000 ordine
834 1953 896 2000 nou
919 1942 1046 2002 semato
1070 1941 1103 2002 et
1124 1935 1231 2018 aliqua
1252 1935 1380 2024 questio
1409 1935 1461 2002 uel
1489 1933 1585 2015 queri·

363 2038 471 2104 monia
492 2039 568 2121 pro⁴
590 2039 675 2104 dicta
696 2039 801 2105 bestia
820 2043 927 2122 empta
946 2057 1003 2122 per
1018 2039 1154 2121 aliquem
1170 2040 1336 2106 deneniret
1351 2057 1456 2106 coram
1471 2038 1583 2104 domino

364 2142 481 2210 comite
502 2142 556 2208 uel
578 2143 647 2208 eius
669 2143 765 2222 curia,
788 2143 959 2210 asserendo
981 2144 1100 2226 ipsam⁶
1120 2145 1254 2212 bestiam
1269 2144 1330 2210 sibi
1347 2142 1446 2210 fuisse
1459 2142 1584 2208 inmun

363 2247 415 2314 uel
439 2246 633 2328 derobatam,
657 2248 741 2330 quod
763 2249 831 2331 ipse
853 2254 978 2330 emptor
999 2253 1147 2314 teneatur
1167 2252 1200 2315 et
1214 2248 1330 2316 debeat
1345 2247 1447 2330 ipsam
1461 2247 1582 2313 bestium

360 2351 495 2418 reddere
525 2355 559 2418 et
586 2351 754 2418 restituere
785 2352 938 2435 perditori
971 2353 1091 2434 absque
1121 2351 1227 2435 aliqua
1254 2353 1455 2419 restitutione
1484 2350 1581 2432 praui,

358 2455 432 2521 dum
462 2461 569 2522 tamen
597 2456 666 2538 ipse
695 2457 838 2539 perditor
867 2457 1007 2540 legitime
1036 2458 1158 2540 probet,
1195 2457 1315 2540 ipsam⁶
1336 2457 1469 2524 bestiam
1490 2453 1581 2542 fnisse

359 2578 469 2641 suam;
491 2565 525 2626 et
545 2561 578 2626 in
600 2559 662 2626 hoc
683 2578 758 2627 casu
780 2561 968 2628 admittatur
990 2567 1023 2629 et
1045 2562 1153 2629 ualeat
1167 2562 1381 2629 testimonium
1397 2559 1581 2632 Schuomm

364 2665 470 2747 aliquo
493 2663 555 2732 alio
578 2665 717 2748 capitulo
740 2683 803 2731 non
825 2666 982 2734 obstante.

405 2768 537 2838 Nobiles
558 2789 646 2850 nero,
670 2770 723 2852 qui
745 2767 863 2838 fuerint
884 2771 925 2837 ad
947 2772 1086 2853 ipsorum
1108 2772 1297 2854 emptionem
1315 2769 1470 2854 requisiti,
1501 2773 1581 2833 tane

363 2879 457 2942 antur
479 2873 603 2941 uinculo
626 2877 813 2943 sacramenti
832 2877 890 2957 ipsi
905 2876 1079 2942 uenditioni
1093 2878 1247 2943 interesse
1263 2881 1296 2942 et
1313 2874 1481 2957 diligenter
1494 2871 1582 2954 inspi-

364 2997 436 3046 cere
468 2978 674 3065 uenditorem,
705 2998 798 3062 quem
834 2979 861 3046 si
897 2983 1104 3062 cognouerint
1134 2980 1291 3045 bominem
1320 2983 1507 3061 suspectum,
1533 2974 1581 3041 uel

362 3084 445 3164 male
469 3084 657 3151 conditionis
680 3089 714 3149 et
735 3082 830 3164 fame,
857 3084 943 3150 nullo
966 3085 1060 3150 modo
1083 3083 1144 3166 ipsi
1167 3084 1342 3151 uenditioni
1364 3083 1499 3150 debeant
1518 3097 1582 3148 con·

361 3187 490 3255 sentire.
523 3188 584 3266 Qui
614 3187 737 3254 nobiles
769 3187 833 3253 sint
862 3195 895 3254 et
917 3207 989 3254 esse
1012 3189 1149 3256 debeant
1170 3207 1301 3256 numero
1323 3187 1488 3255 duodecim
1508 3191 1539 3252 et
1559 3183 1583 3250 si

362 3292 540 3376 contigerit,
564 3292 701 3374 aliquem
725 3311 832 3359 eorum
855 3292 897 3358 ad
919 3293 1037 3358 dictum
1059 3291 1195 3360 officium
1218 3311 1288 3360 esee
1303 3312 1367 3360 non
1382 3311 1475 3375 posse
1492 3294 1583 3357 morte

361 3397 414 3465 uel
437 3395 501 3463 alia
523 3396 607 3462 iusta
630 3414 738 3477 causa,
771 3397 854 3480 quod
884 3397 954 3464 loco
983 3397 1083 3480 ipsius
1113 3398 1193 3463 alius
1215 3397 1358 3480 ydoneus
1381 3403 1415 3464 et
1436 3395 1582 3464 sufficiam

361 3520 420 3585 per
441 3499 602 3567 dominum
624 3505 769 3568 comitem
792 3507 825 3569 et
846 3502 976 3584 iudices,
1007 3503 1060 3584 qui
1078 3521 1137 3585 pro
1159 3510 1303 3585 tempore
1325 3501 1456 3588 fuerint,
1480 3501 1583 3567 debeat

362 3606 546 3688 subrogari3
577 3606 704 3673 nomina
736 3623 869 3688 quorum
892 3613 967 3674 sunt
989 3605 1058 3689 hec,
1087 3607 1252 3674 uidelicet:
1284 3607 1431 3673 dominus
1452 3606 1583 3672 Andreas

362 3709 465 3790 Dese,
506 3711 650 3777 dominus
683 3711 845 3794 Philippus
880 3711 994 3796 Doymi
1028 3711 1238 3792 Paruoslaui⁷‚
1278 3712 1423 3778 dominus
1460 3711 1584 3776 Thomas

362 3814 509 3896 Luchari,
539 3816 684 3883 dominus
711 3815 823 3883 Nicola
846 3816 1026 3900 Theodosij‚
1056 3818 1200 3884 dominus
1230 3817 1416 3883 Franciscus
1438 3813 1583 3892 Damiani

363 3919 509 3987 dominus
531 3919 722 3988 Laurentius
745 3921 866 4007 Nicolq,
890 3923 1035 3990 dominus
1057 3923 1183 3988 Madius
1205 3921 1339 4006 hiberti,
1367 3921 1511 3988 dominus
1531 3918 1584 3985 Cu·

363 4025 502 4091 murcius
525 4025 694 4093 Francisci.

411 4217 423 4254 ¹
446 4221 494 4282 Sic
515 4239 564 4298 ap.
588 4222 613 4279 L
617 4221 695 4298 jub.
724 4219 809 4280 God.
832 4221 936 4281 acad.
959 4219 986 4279 Α
1016 4220 1147 4281 inscribit
1168 4235 1309 4296 praesens
1337 4219 1496 4296 capitulum
1516 4216 1586 4278 haud

364 4307 453 4369 dubio
476 4309 581 4369 mendo
602 4308 763 4382 scripturae
790 4308 986 4388 inscriptione,
1014 4309 1171 4383 capitulum
1195 4308 1276 4367 VIII.
1300 4311 1469 4382 spectante:
1494 4303 1587 4390 „Quod

366 4395 506 4474 forenses,
538 4397 588 4471 qni
617 4395 768 4454 steterint“
794 4399 865 4473 etc.;
896 4395 974 4454 cod.
998 4393 1151 4454 acad.B
1180 4395 1274 4453 minus
1306 4393 1442 4454 idoneam
1465 4393 1510 4452 hia
1531 4393 1587 4450 loco

367 4484 491 4560 praebet
520 4482 752 4558 inscriptionem:
785 4482 850 4563 „De
872 4481 1034 4541 ementibus
1055 4499 1103 4540 res
1125 4480 1248 4540 furtinas
1270 4499 1290 4540 a
1311 4480 1424 4540 Sclauis
1446 4483 1476 4540 et
1497 4477 1586 4554 cuju.

369 4563 462 4645 'Ap
485 4570 611 4646 Ljub.:
637 4574 676 4652 „t
693 4569 711 4629 i.
734 4571 848 4644 emptor
863 4569 995 4645 bestiam,
1020 4567 1145 4643 quam“;
1170 4569 1198 4626 in
1220 4568 1299 4628 aod.
1323 4567 1428 4628 acad.
1452 4567 1478 4627 B
1499 4566 1586 4626 deest:
