3398 5354
285 361 349 422 216

284 562 407 629 miserit
428 561 549 643 aliquid
565 562 605 630 de
621 562 718 629 rebus
740 562 848 644 barse,
871 561 1029 630 delesset
1051 563 1235 642 serebatis,
1260 563 1407 630 dominus
1426 566 1506 648 barre

287 686 352 733 non
374 666 494 732 habeat
516 672 710 749 potestatem
733 672 845 734 tenere
868 686 904 733 se
928 667 969 734 ad
992 672 1168 748 uenturam,
1192 668 1246 735 uel
1270 668 1356 750 quod
1378 668 1436 751 ipsi
1454 689 1508 736 mu-

285 771 394 853 rinarij
418 771 590 837 restituant
613 788 723 837 omnes
745 790 797 837 res
820 771 927 851 beree,
952 787 1014 852 que
1038 772 1187 852 ammisse
1210 771 1339 838 fuerint.
1364 769 1425 837 Sed
1446 773 1509 840 diei·

284 894 367 955 mus,
399 875 485 956 quod
515 873 689 940 conductor
718 873 814 956 barne
845 879 994 941 teneatur
1025 875 1153 941 soluere
1183 874 1311 941 domino
1343 875 1436 955 barre
1463 895 1510 958 pru

287 979 343 1047 illo
366 985 521 1061 tempore,
545 996 608 1060 que
624 996 693 1044 eam
709 978 742 1043 in
758 965 817 1044 sue
841 978 977 1046 semieio
1001 979 1159 1064 tenuerit3
1182 978 1241 1044 sed
1263 979 1511 1060 sicondngeret,

288 1084 375 1165 quod
397 1083 482 1149 dieta
504 1081 623 1148 bureha
645 1086 679 1148 et
701 1101 754 1147 res
777 1082 878 1164 ipsius
908 1081 1029 1148 fuerint
1050 1083 1175 1166 perdite
1199 1082 1292 1164 eulpa
1316 1081 1511 1166 conductoris,

290 1192 366 1253 tune
390 1191 538 1254 teneatur
560 1185 733 1252 conductor
765 1185 892 1252 domino
922 1187 1019 1266 barce
1052 1186 1239 1253 satisfacere
1261 1193 1327 1251 tam
1350 1186 1391 1252 de
1411 1185 1514 1254 barche

288 1297 320 1357 et
342 1290 437 1358 rebus
459 1290 568 1372 ipsius,
593 1308 688 1371 quam
711 1290 752 1357 de
774 1295 913 1356 eentum.

351 1537 418 1583 ΟΔΡ.
441 1539 508 1579 m.
532 1537 574 1580 DE
596 1535 701 1580 meme
723 1536 837 1580 INSUIAE
858 1535 956 1580 SOLTE
976 1536 1173 1580 nmmum
1194 1537 1238 1580 An
1260 1538 1463 1582 mannum.

330 1655 412 1721 Item
436 1657 588 1720 statutum
611 1655 645 1719 et
667 1651 849 1718 ordinatum
879 1658 937 1730 est,
969 1653 1055 1734 quud
1086 1653 1229 1719 homines
1260 1653 1300 1719 de
1322 1651 1413 1718 Soita
1439 1654 1516 1720 nullo

288 1759 382 1824 modo
406 1758 458 1824 uel
482 1757 608 1839 ingenio
631 1761 820 1839 presumant
841 1755 981 1822 uendere
1005 1757 1056 1823 uel
1082 1757 1159 1822 dare
1181 1756 1269 1839 ligna
1292 1757 1450 1838 aliquibus
1469 1758 1518 1824 he

291 1862 427 1929 minibus
450 1881 489 1928 ea
512 1861 714 1944 portantibus
746 1878 803 1942 per
825 1879 914 1926 mare
936 1861 976 1926 ad
1000 1859 1095 1926 alium
1125 1861 1239 1945 locum,
1270 1879 1365 1943 quam
1389 1861 1429 1927 ad
1450 1861 1518 1926 eini-

285 1971 385 2033 tatem
408 1965 539 2050 Spalati‚
573 1965 633 2032 nisi
663 1965 727 2029 illis
758 1963 939 2031 hominibus
962 1969 996 2030 et
1018 1965 1164 2046 persenis
1196 1969 1329 2048 tantum,
1362 1965 1414 2048 qui
1444 1966 1522 2032 dieta

286 2070 373 2154 ligne
403 2090 462 2154 per
494 2069 600 2135 mare²
622 2067 820 2152 portauerint
843 2068 884 2134 ad
905 2067 1067 2134 ciuitatem
1091 2067 1221 2150 Spalati.
1257 2069 1302 2134 Et
1333 2071 1388 2152 qui
1419 2076 1521 2136 mnus

286 2173 423 2255 feeerit,-
442 2175 513 2240 uice
549 2173 692 2254 qualibet
706 2165 756 2236 ’in
790 2191 866 2238 xxv
895 2171 985 2238 libris
1018 2172 1342 2239 irremissienabiliter
1375 2174 1524 2239 communi

287 2275 412 2360 Spalati
428 2278 591 2344 soluendis
608 2276 724 2344 debeat
740 2275 961 2342 condemnare
976 2276 1056 2341 etin
1073 2277 1295 2344 emendatione
1317 2278 1523 2344 extimationis

287 2381 455 2464 lignorum,
487 2398 550 2462 que
581 2379 764 2446 uendiderit
786 2380 838 2446 uel
868 2379 1002 2460 dederit,
1033 2379 1178 2447 similiter
1207 2381 1423 2462 persoluenda
1445 2382 1524 2447 ultra

290 2485 405 2552 dietam
427 2503 542 2568 penem
565 2504 640 2552 xxv
662 2483 823 2550 librarum.

332 2587 425 2666 Quod
449 2594 604 2655 statutum
636 2587 819 2655 notificetur
842 2578 1029 2654 ¹hominibus
1051 2589 1091 2654 de
1114 2586 1205 2654 Soita
1228 2593 1262 2655 et
1283 2589 1325 2654 ad
1348 2590 1451 2654 minus
1472 2609 1525 2670 po·

288 2697 391 2760 testas
422 2694 472 2758 bis
494 2693 527 2758 in
549 2711 632 2759 anno
664 2692 780 2758 dietum
813 2695 968 2760 statutum
999 2691 1096 2758 faeiat
1125 2693 1258 2772 bandiri‚
1290 2698 1328 2757 ut
1357 2693 1462 2758 nullus
1487 2691 1526 2758 de

289 2795 382 2863 Sultu
403 2797 505 2878 possit
525 2797 739 2880 ignorantiam
769 2798 919 2877 allegere.
949 2795 994 2859 Et
1016 2795 1146 2861 cuilibet
1167 2797 1209 2862 sit
1231 2796 1353 2862 licitum
1381 2813 1525 2862 accusare

288 2901 341 2964 uel
364 2900 552 2966 denuntiare
575 2905 609 2966 et
631 2899 750 2966 hebeat
781 2901 987 2966 medietatem
1008 2899 1114 2979 benni,
1144 2906 1178 2967 et
1198 2899 1404 2966 nihilominus
1426 2905 1527 2966 rector

290 3000 414 3086 Spalati
437 3005 533 3071 etiam
555 3004 596 3071 de
619 3003 680 3070 hoe
702 3004 819 3070 habeat
841 3003 1051 3086 potestatem*
1072 3003 1260 3085 inquirendi.
1370 2994 1371 2997 ’

468 3249 536 3295 ΟΔΡ.
560 3251 614 3293 XX·
636 3251 679 3294 DE
702 3249 813 3296 enom
835 3250 927 3297 IMIS
950 3253 992 3295 An
1015 3252 1216 3298 mumma!
1236 3252 1343 3296 HGM-

329 3365 410 3431 Item
442 3370 599 3431 statutum
628 3370 661 3431 et
691 3366 871 3432 ordinatum
901 3371 959 3449 est,
995 3367 1080 3447 qued
1112 3369 1139 3432 si
1171 3367 1242 3450 quis
1276 3368 1402 3435 dederit
1436 3369 1527 3434 alieni

287 3467 437 3534 barchum
462 3487 554 3534 suam
570 3469 611 3536 ad
626 3469 829 3536 incidendum
851 3470 937 3553 ligna
952 3471 1005 3536 uel
1028 3471 1146 3550 tedam,
1169 3489 1232 3538 non
1254 3477 1402 3539 teneatur
1425 3472 1527 3540 refun-

289 3571 366 3638 dere
389 3571 430 3638 de
453 3573 598 3654 expensis
620 3573 682 3639 nisi
705 3573 746 3639 de
768 3573 843 3664 uino
862 3579 896 3639 et
917 3591 1038 3642 secure.

616 3820 684 3865 on.
708 3821 774 3865 XXI.
797 3821 840 3864 DE
861 3821 972 3866 sums
994 3822 1202 3868 NATAMIBUS.

328 3933 419 4010 Item
433 3939 586 4001 statutum
611 3940 644 4002 et
666 3937 845 4004 ordinatum
869 3942 927 4016 est,
960 3939 1045 4020 quod
1075 3941 1253 4024 quicunque
1283 3941 1444 4009 inuenerit
1465 3943 1523 4010 ali·

152 4041 154 4045 '
285 4054 382 4118 quam
404 4038 553 4104 barcham
578 4039 629 4105 uel
652 4041 753 4106 nolam
785 4047 949 4109 natantem
973 4043 1042 4110 sine
1066 4043 1244 4112 hominibus
1267 4049 1300 4111 et
1321 4063 1394 4112 eam
1416 4051 1526 4130 porta-

284 4139 368 4206 uerit
399 4159 418 4206 a
448 4147 542 4222 portu
576 4143 731 4210 ciuitatis⁵
754 4151 844 4212 extra
872 4146 905 4211 in
935 4147 1061 4228 uallem,
1091 4149 1161 4215 siue
1191 4151 1224 4216 in
1256 4149 1395 4232 uliquem
1426 4151 1528 4218 lorum

286 4247 402 4324 tutum,
426 4261 490 4309 non
513 4247 625 4313 ualens
656 4265 726 4313 eam
758 4249 874 4316 ducere
898 4251 938 4316 ad
962 4251 1140 4336 ciuitatem3
1171 4253 1288 4322 habeat
1310 4273 1370 4336 pro
1394 4256 1527 4322 sermea

324 4432 345 4500 ,¹
367 4436 424 4512 Ap.
448 4436 807 4518 Ljub.:‚,eontigerit“.
884 4439 917 4502 ².
961 4461 992 4503 er
1014 4439 1114 4504 mare“
1139 4444 1221 4504 deest
1243 4445 1333 4508 ibid.
1407 4444 1525 4508 ⁸Ood.

286 4523 744 4672 ἓίᾓᾱᾱθῗεειῖοὲἷιὲοωρηπί“.
815 4524 898 4604 ⁴Ap.
950 4530 1048 4606 jub:
1076 4528 1279 4606 „arbitrium“.
1343 4529 1420 4616 ⁵„u
1440 4537 1528 4610 portu
