3396 5402
344 448 404 511 122

339 655 466 722 melium
501 657 647 724 domnum
683 660 822 724 dentium
856 657 898 722 ad
931 657 1097 723 iurandum
1128 663 1161 722 et
1183 653 1393 721 confitendum
1426 655 1468 721 de
1501 655 1575 736 ipso

337 780 468 828 numero
492 763 683 829 animalium.
718 764 809 829 Etsi
832 767 941 846 postor
973 762 1161 844 ellegouerit
1193 754 1314 828 nescire
1347 779 1518 827 numerere
1538 765 1577 826 et

335 873 505 949 propterea
525 867 630 934 iurare
653 874 823 948 recusaret,
847 867 930 950 quod
963 873 1039 932 tunc
1060 865 1147 932 fecte
1169 867 1367 932 estimatione
1389 883 1449 947 per
1470 867 1574 947 posti·

336 969 434 1051 chios,
471 972 598 1040 soluere
630 979 776 1040 teneatur
798 979 907 1055 pastor
929 973 1029 1054 ipsum
1053 971 1283 1037 estimationem
1317 970 1405 1037 bledi
1426 976 1574 1052 tempore

335 1078 476 1158 proximo
510 1097 671 1146 messurae
693 1085 726 1146 et
753 1079 835 1144 ultro
868 1078 994 1145 nornine
1026 1093 1148 1158 poenas
1181 1076 1308 1142 soluere
1338 1093 1396 1158 pro
1426 1074 1574 1158 quolibet

337 1185 451 1262 quarto
473 1183 562 1265 graui
585 1201 729 1266 grossum
751 1200 856 1262 vnum,
878 1199 937 1264 pro
960 1181 1103 1264 quelibet
1121 1185 1235 1262 quarte
1249 1179 1339 1246 ordei
1354 1180 1475 1246 solidos
1492 1178 1574 1246 duos

258 1275 261 1294 '
335 1293 370 1352 et
391 1305 449 1368 pro
472 1287 614 1368 quolibet
637 1293 749 1370 quarto
772 1286 905 1353 eliorum
932 1287 1096 1354 bladorum
1118 1303 1263 1366 grossum
1285 1284 1443 1364 medium,
1479 1285 1572 1350 cuius

235 1385 237 1388 ’
336 1408 458 1472 poenae
491 1393 645 1460 modiolos
668 1394 711 1460 sit
732 1392 856 1476 petroni
885 1397 919 1459 et
947 1392 1010 1458 ulio
1039 1389 1281 1475 postichiorum:
1315 1396 1348 1456 et
1376 1407 1435 1473 pro
1467 1407 1573 1473 poeno

336 1497 443 1563 stetim
466 1498 534 1564 dori
556 1498 672 1564 debeat
693 1497 805 1580 pignus
828 1515 932 1580 poene
952 1514 1180 1580 yperperorum
1202 1495 1343 1562 duorum.

424 1709 491 1756 oin.
515 1713 665 1757 onxxxm.
692 1713 735 1756 DE
757 1711 873 1756 ORDINE
895 1710 1025 1754 utinm
1047 1711 1193 1769 nonum,
1215 1711 1274 1754 SEU
1297 1708 1483 1754 unoculus.

378 1821 475 1901 Item,
510 1822 585 1904 quio
607 1822 729 1900 duone,
764 1839 820 1887 seu
843 1821 962 1886 dotium
999 1819 1121 1886 mucelli
1144 1824 1177 1884 et
1199 1819 1361 1885 beccense
1385 1815 1571 1884 Communis

336 1923 491 1992 Curzuloe
514 1926 676 2008 hucusque
706 1931 849 1992 exectum
872 1924 913 1991 sit
934 1925 1044 2006 uigore
1066 1923 1299 1990 consuetudinis
1332 1923 1482 2002 antiquae
1505 1939 1572 1988 ser·

337 2035 439 2110 rotae,
463 2033 548 2097 nullo
571 2036 691 2098 statuto
715 2032 847 2115 scripto,
878 2047 933 2097 seu
957 2029 1066 2094 ordine
1089 2031 1206 2112 scripto
1229 2032 1421 2110 opponente3
1455 2032 1490 2093 et
1512 2044 1573 2109 pro

336 2141 436 2215 tanto,
460 2143 494 2201 vt
514 2137 582 2218 ipse
605 2137 682 2203 ordo
706 2141 851 2203 semotus
875 2155 913 2201 ex
935 2133 1160 2201 consuetudine
1182 2135 1214 2199 in
1230 2139 1391 2215 posterum
1414 2149 1473 2214 pro
1497 2129 1571 2197 Ste-

337 2245 408 2306 tuto
431 2246 465 2307 et
487 2241 558 2325 lege
580 2239 713 2309 firmiter
736 2241 933 2318 obseruetur,
957 2243 1110 2306 statutum
1134 2243 1166 2304 et
1189 2238 1368 2305 ordinatum
1390 2243 1455 2321 est,
1485 2235 1573 2317 qnod

337 2345 527 2426 quicumque
561 2346 748 2413 mcctouerit
780 2347 821 2412 od
855 2344 1021 2410 macellum
1056 2341 1212 2409 Curzulee
1240 2348 1275 2408 et
1308 2342 1375 2410 eins
1408 2341 1572 2408 districtus

336 2449 451 2516 animal
474 2449 692 2533 quodcumque
715 2457 749 2516 et
771 2467 881 2516 comes
897 2449 982 2514 illius
998 2449 1039 2514 ed
1054 2448 1220 2514 macellum
1234 2443 1420 2531 vendiderit,
1444 2446 1573 2512 soluere

336 2559 483 2622 teneatur
505 2555 657 2622 duonorio
680 2556 833 2637 deputato
855 2553 981 2623 nomine
1003 2554 1090 2638 detij,
1114 2571 1172 2636 pro
1189 2551 1332 2634 quolibet
1345 2552 1471 2631 bouino,
1496 2571 1572 2635 por·

336 2659 405 2726 cino
428 2665 461 2727 et
485 2659 692 2726 consimilium
723 2678 867 2746 grossum
889 2679 1001 2741 vnum,
1035 2679 1093 2743 pro
1116 2659 1259 2742 quolibet
1279 2677 1354 2725 uero
1376 2657 1480 2740 cupite
1503 2657 1572 2723 oni·

338 2763 467 2830 mulium
488 2765 681 2831 minutorum
703 2766 854 2848 paruulos
876 2771 957 2844 octo,
981 2783 1062 2848 quoe
1085 2763 1260 2832 solutiones
1275 2762 1344 2831 fieri
1359 2763 1498 2831 debeant
1512 2781 1572 2846 per

337 2868 511 2936 vendentes
533 2870 618 2952 ipsas
641 2889 752 2937 comcs
775 2871 936 2954 dunnerijs
960 2869 1128 2952 deputetis,
1151 2874 1218 2935 tom
1240 2870 1271 2934 in
1295 2867 1439 2949 unitate,
1473 2886 1571 2952 quom

336 2973 369 3038 in
391 2973 480 3054 villis,
504 2976 612 3041 stetim
635 2976 770 3042 venditis
799 2975 877 3058 ipsis
900 2974 1065 3054 caruitne,
1094 2991 1152 3040 nec
1181 2974 1324 3056 recipere
1345 2973 1473 3039 voleent
1494 2992 1572 3040 ven·

337 3077 457 3144 ditores
480 3081 620 3144 carnium
643 3079 742 3162 pelles
765 3080 944 3146 animalium
968 3079 1008 3146 de
1029 3078 1172 3156 mucello,
1196 3077 1256 3144 nisi
1278 3077 1380 3160 primo
1401 3083 1572 3145 contentus

335 3181 432 3248 fuerit
454 3183 625 3249 dnunerius
648 3184 688 3249 de
710 3203 767 3250 suo
790 3183 909 3264 duona,
944 3201 1048 3266 poene
1080 3201 1306 3265 yperperorum
1340 3182 1474 3248 duorum
1509 3200 1569 3266 pro

270 3317 271 3324 κ
336 3285 478 3366 quolibet
501 3293 535 3352 et
556 3289 624 3355 rice
646 3287 795 3371 quolibet,
820 3307 877 3370 pro
901 3287 1071 3354 medietato
1094 3286 1260 3353 Communi
1282 3294 1316 3354 et
1338 3288 1401 3354 elia
1416 3287 1571 3354 duonefio

335 3392 508 3472 accusenti3
531 3393 619 3458 cuius
642 3398 837 3460 sacramento
860 3411 930 3458 cnm
953 3411 1014 3458 vno
1037 3397 1121 3459 teste
1143 3391 1206 3458 fide
1229 3392 1325 3474 digno
1348 3392 1508 3459 credetur.

639 3599 704 3644 CAP.
729 3599 877 3646 CLXXXIV.
900 3601 942 3642 Dm
964 3599 1073 3643 DUANA
1094 3601 1266 3644 momen.

378 3706 460 3772 item
483 3707 523 3772 de
546 3707 667 3786 duuno,
702 3727 762 3774 seu
782 3707 867 3774 detio
890 3707 1044 3790 piscarius
1067 3712 1222 3774 statutum
1244 3712 1351 3774 estet
1380 3707 1571 3787 ordinatum,

337 3811 421 3893 quod
444 3811 577 3893 quilibet
599 3813 736 3894 piscator
758 3812 845 3892 ciuis,
877 3813 927 3878 vel
949 3812 1109 3878 habitator
1132 3810 1288 3879 Curculee
1312 3813 1390 3880 dere
1412 3813 1510 3880 debet
1531 3813 1571 3880 de

337 3917 481 3983 omnibus
504 3921 537 3983 et
559 3917 700 4000 singulis,
724 3929 789 3983 tam
809 3919 1000 3993 recentibus,
1023 3936 1117 4000 quom
1132 3917 1227 3984 salsis
1242 3917 1352 4000 captis,
1375 3917 1427 3984 vel
1442 3919 1569 4001 copien-

336 4021 385 4088 dis
407 4021 491 4088 circu
513 4020 681 4089 Corculum
703 4028 736 4089 et
758 4023 827 4090 eius
861 4021 1038 4089 districtum
1070 4022 1248 4096 conductis,
1283 4022 1324 4088 ed
1354 4023 1516 4091 ciuitatem
1538 4030 1572 4091 et

335 4126 485 4208 insulem,
521 4127 571 4194 vel
594 4127 662 4194 eius
685 4127 876 4209 districtum,
910 4127 962 4194 vel
981 4145 1043 4193 non
1076 4126 1254 4207 conductis,
1288 4126 1338 4194 rel
1360 4128 1461 4210 captis
1494 4129 1570 4196 alibi

334 4230 521 4314 ubicumque
543 4237 577 4298 et
598 4231 639 4298 ud
661 4231 796 4299 insulem
818 4233 991 4312 conductis,
1015 4233 1065 4299 vel
1087 4231 1156 4298 eius
1180 4231 1368 4314 districtum,
1401 4237 1469 4298 tern
1492 4253 1569 4300 ren-

335 4335 455 4416 dendis‚
491 4355 585 4420 quem
609 4357 667 4420 pro
690 4357 748 4406 vsu
771 4339 962 4422 capientium
984 4337 1204 4406 consumendis
1227 4341 1375 4404 tenentur
1396 4343 1431 4405 et
1452 4337 1570 4406 debeat

336 4439 412 4507 dure
434 4441 585 4510 duonario
608 4443 759 4526 deputato
781 4445 905 4512 nomine
928 4443 1092 4512 solutionis
1115 4444 1237 4509 dusnue
1248 4446 1282 4509 et
1296 4442 1382 4524 dutij,
1414 4442 1570 4510 domnioni

337 4552 461 4629 purtem
481 4545 595 4615 iustam
617 4549 758 4632 ipsorum
774 4550 906 4631 piscium
921 4549 1069 4634 omniurn,
1093 4555 1148 4615 out
1162 4547 1317 4615 decimum
1331 4551 1455 4630 partem
1471 4549 1567 4615 denc-

337 4651 453 4718 riorum
476 4655 568 4738 pretij
591 4653 733 4732 illorum;
757 4655 796 4719 *si
817 4654 889 4721 illos
912 4653 1125 4723 demandato
1148 4653 1291 4737 duonerij
1325 4652 1506 4720 uendiderit
1526 4653 1566 4719 nd

337 4757 513 4840 piscarium,
541 4775 643 4840 poena
664 4777 892 4844 yperperorum
915 4759 1049 4827 duorum
1070 4777 1129 4842 pro
1152 4758 1310 4842 quolibet,
1345 4757 1469 4826 otrico
1491 4775 1566 4842 qno·
