3422 5364
902 683 957 750 VI.

787 846 924 891 mum
946 847 1080 891 nudans

545 933 587 974 DE
610 931 718 975 ondens
741 932 837 974 INTER
858 933 993 976 usurus
1016 934 1323 978 cousaonmmmn.

348 1066 538 1149 Exemplum
554 1071 715 1148 sumptum
728 1085 768 1132 ex
782 1066 863 1133 libro
879 1067 1162 1134 instrumentorum
1178 1069 1208 1134 d.
1221 1067 1350 1150 Antouij
1365 1067 1547 1150 obsignari,

307 1171 383 1238 olim
406 1171 585 1253 cancellarij
608 1169 720 1253 magni
743 1171 978 1237 communitatis
1002 1171 1126 1253 Spalsti
1149 1192 1168 1238 a
1191 1181 1278 1238 carte
1300 1172 1417 1256 clxviij.

347 1275 546 1360 Aupustinus
568 1272 759 1358 Barbodica
783 1273 845 1338 Dei
865 1277 973 1358 qratia
995 1276 1063 1340 dac
1091 1275 1290 1340 Venellorum
1313 1285 1367 1342 etc.

347 1378 517 1446 Nobilibus
539 1383 573 1445 et
593 1378 791 1460 sapientibus
813 1379 891 1443 uiris
914 1379 1049 1445 Fantino
1067 1380 1247 1447 Pistemano
1268 1380 1308 1446 de
1324 1400 1383 1447 suo
1399 1381 1547 1446 mandato

303 1483 412 1548 comiti
434 1488 468 1550 et
489 1482 657 1564 capitaneo
681 1481 802 1564 Spalati
824 1489 859 1549 et
888 1485 1126 1551 successoribus
1158 1485 1224 1549 suis
1254 1483 1404 1552 fidelibus
1428 1485 1546 1550 dilectis

303 1587 440 1655 sulutem
464 1595 497 1654 et
520 1587 698 1654 dilectionis
720 1585 879 1654 affectum.

346 1690 486 1759 Veniens
509 1691 551 1756 ud
573 1692 767 1774 presentiam
791 1692 919 1774 dominij
944 1691 1044 1758 nostri
1068 1693 1252 1774 spectabilis
1276 1693 1307 1758 d.
1330 1692 1492 1760 Antonius
1510 1693 1547 1758 de

303 1795 446 1863 albertis
469 1801 503 1862 et
524 1795 668 1863 Joannes
691 1795 828 1876 Natalis,
852 1802 997 1864 oratores
1020 1797 1113 1864 buius
1132 1797 1298 1878 fidelisime
1315 1797 1547 1864 communitatis

302 1905 424 1986 nostre,
449 1900 608 1982 quandam
632 1905 767 1983 partem,
802 1901 872 1967 siue
902 1901 1046 1967 ordinem
1068 1901 1101 1966 in
1132 1902 1265 1968 consilio
1294 1901 1439 1968 eiusdem
1468 1902 1548 1967 inter

302 2003 417 2073 affines
440 2005 646 2072 oriundorum
668 2010 701 2072 et
730 2005 1025 2087 compromittendis
1048 2006 1089 2070 de
1111 2005 1182 2072 iure
1204 2006 1309 2073 causis
1331 2007 1397 2073 suis
1422 2023 1546 2088 ponere,

302 2115 450 2192 petentes
472 2110 575 2193 ipsius
596 2107 879 2177 confirmationem.

346 2214 415 2281 Nos
438 2220 557 2295 autem,
588 2215 643 2297 qui
663 2215 749 2280 omni
779 2215 886 2282 studio
918 2213 1072 2297 cupimus,
1103 2223 1141 2281 ut
1170 2217 1256 2282 ciues
1288 2215 1388 2282 nostri
1419 2212 1547 2297 pacifice

304 2319 429 2402 uiuant,
452 2339 561 2386 sumus
584 2320 727 2388 contenti
749 2325 783 2386 et
803 2319 959 2400 uolumus,
984 2321 1071 2402 quod
1093 2320 1251 2402 usquead
1266 2320 1397 2386 tertium
1413 2319 1545 2403 gradum

301 2431 428 2491 tantum
458 2425 671 2507 compromitti
701 2444 736 2492 se
763 2427 888 2506 possint
915 2426 1003 2491 iuxta
1032 2425 1059 2491 is
1089 2425 1212 2506 incluse
1246 2425 1346 2508 partis
1369 2424 1488 2490 seriem
1514 2431 1546 2488 et

302 2535 458 2610 tenorem,
487 2535 653 2598 reseruato
684 2547 812 2612 semper
841 2530 972 2596 arbitrio
996 2536 1031 2596 et
1052 2531 1243 2597 auctoritato
1274 2529 1414 2595 dominio
1436 2535 1542 2594 nostro

302 2634 451 2722 addendi,
464 2634 628 2702 minuendi
640 2640 673 2702 et
685 2633 874 2718 corrigendi,
888 2636 970 2700 sicut
982 2641 1013 2700 et
1026 2635 1153 2715 quando
1162 2633 1319 2716 placuerit
1330 2645 1364 2700 et
1374 2633 1543 2699 uidebitur.

345 2738 449 2818 Quam
471 2747 614 2806 nostram
636 2738 898 2806 deliberationem
921 2737 1069 2806 uolumus
1100 2745 1134 2806 et
1155 2739 1248 2805 uobis
1281 2739 1480 2820 mandamus,
1512 2743 1545 2800 ut

302 2845 477 2912 obseruare
499 2848 533 2910 et
555 2843 731 2910 obseruare
752 2842 858 2908 innuis
882 2843 1042 2909 stabiliter
1063 2841 1172 2909 facere
1203 2843 1358 2928 debentis,
1394 2840 1544 2908 facientes

300 2947 359 3016 has
382 2953 493 3015 eutem
515 2949 692 3032 registrari,
715 2947 907 3031 registratas
929 2947 1130 3030 presentanti
1152 2948 1288 3014 restitui.

341 3052 428 3121 Data
446 3053 606 3120 innostro
624 3053 730 3120 duculi
743 3053 863 3136 palatio
878 3052 929 3120 die
943 3051 1005 3118 xiv.
1022 3053 1106 3136 maij,
1123 3051 1295 3122 indictione
1313 3053 1354 3117 ix.
1371 3051 1541 3134 llccocxcj.

928 3155 1000 3239 Ego
1023 3155 1164 3224 lacobus
1187 3154 1311 3223 Creneo
1333 3156 1502 3222 coadiutor

1001 3262 1179 3344 exemplaui
1202 3267 1235 3328 et
1257 3261 1407 3343 sigillaui.

882 3365 1039 3433 Dominus
1060 3367 1230 3450 Ligniceus
1253 3377 1344 3432 cunc¹
1368 3365 1543 3431 communis

919 3470 1043 3554 Spalati
1058 3469 1252 3554 exemplauit
1266 3476 1300 3540 et
1315 3471 1510 3552 subscripsit.
