3422 5364
1294 471 1358 542 273

116 677 198 750 libet
226 701 335 748 earum
366 701 431 749 uuo
461 682 592 750 denario
623 683 696 766 plue
727 682 838 749 ordine
868 677 962 750 solito
986 689 1020 750 et
1052 677 1138 766 quod
1161 677 1202 748 ad
1224 701 1359 765 presens

117 787 317 854 obseruator.
341 785 448 854 Finito
471 805 549 854 uero
571 805 681 854 mense
704 792 889 854 reuertatur
910 787 952 853 ad
976 787 1104 854 modum
1119 787 1249 854 solitum
1265 792 1363 870 atque

117 891 319 973 preteritum.

160 994 255 1073 item,
285 994 371 1074 quod
395 993 558 1078 douanarij
590 1000 624 1061 et
646 994 787 1078 becharij
810 1014 868 1078 per
890 1013 939 1075 ae,
971 995 1022 1061 uel
1053 1013 1112 1076 per
1141 994 1362 1077 interpositum

117 1116 289 1181 personam
312 1117 376 1162 nou
398 1099 547 1184 audeant,
571 1117 631 1165 nee
654 1100 799 1178 debeant
823 1115 883 1165 neo
904 1099 1028 1181 possint
1051 1098 1157 1180 aliquo
1176 1098 1270 1165 modo
1286 1117 1363 1164 ueu-

117 1201 197 1267 dere
227 1201 285 1281 lac,
316 1218 375 1266 ueo
405 1219 532 1268 meeum
562 1201 622 1268 sub
652 1219 736 1283 pena
764 1202 926 1268 soldorum
950 1207 1075 1269 eentum
1110 1219 1281 1284 pardorum
1305 1219 1363 1284 pro

117 1305 263 1386 quolibet
285 1312 320 1370 et
341 1305 412 1371 uiae
435 1305 580 1386 qualibet
601 1304 808 1374 contrafaeta.

160 1410 254 1492 Item,
285 1410 371 1490 quod
401 1411 428 1475 ei
460 1409 624 1492 douauorij
656 1416 689 1477 et
709 1411 862 1491 becharij,
894 1413 948 1492 qui
979 1410 1188 1477 conduxerint
1214 1411 1362 1476 animulia

120 1513 234 1595 aliqua
255 1513 420 1596 puseuulie
437 1531 508 1578 eum
524 1513 595 1596 ulije
611 1514 799 1581 animalibus
819 1515 870 1581 uel
887 1515 955 1581 siue
971 1515 1042 1596 allja
1058 1515 1256 1598 animalibus,
1273 1521 1363 1582 tene·

119 1623 217 1684 autur
239 1625 272 1684 et
295 1618 433 1684 debeant
455 1618 557 1699 primo
573 1625 607 1684 et
623 1625 698 1685 ante
721 1619 826 1686 omnia
843 1617 1022 1686 interfluere
1037 1618 1187 1684 animalia
1202 1619 1366 1701 pascualia

118 1721 159 1786 ad
183 1721 366 1787 becharium
396 1729 430 1790 et
460 1722 601 1789 uendere
624 1723 683 1788 sub
706 1741 791 1806 pena
812 1723 966 1790 librarum
994 1741 1055 1788 xxv
1085 1740 1143 1806 pro
1167 1723 1309 1806 quolibet
1331 1729 1365 1790 et

123 1825 195 1892 uiae
217 1825 361 1906 qualibet
383 1825 589 1893 eontrafaeta.

257 2092 325 2136 OAP·
349 2092 439 2134 xm.
462 2093 506 2134 DE
526 2091 614 2146 Aque
635 2092 700 2135 NON
722 2091 869 2137 roxum
890 2094 924 2136 nt
948 2095 1023 2138 mtto
1046 2093 1227 2138 Ummio.

162 2209 247 2276 Item
270 2213 397 2291 eaptum
419 2207 481 2274 fuit
502 2209 555 2276 die
576 2209 804 2291 suprascripto,
828 2209 913 2292 quod
932 2209 1020 2276 nulle
1035 2228 1181 2292 persona,
1205 2211 1365 2278 masculus

119 2313 171 2380 uel
194 2311 325 2394 femina,
349 2312 427 2380 uiuis
449 2313 501 2380 uel
523 2313 683 2380 habitator
707 2313 830 2396 Spalati
853 2313 972 2381 audeat
993 2315 1046 2380 uel
1065 2320 1233 2396 presumat
1246 2333 1367 2399 ponere

121 2435 240 2498 aquam
267 2417 300 2483 iu
329 2417 437 2500 aliquo
467 2418 588 2484 utaello
619 2419 694 2497 uini,
728 2417 815 2501 quod
844 2417 984 2484 uoluerit
1016 2419 1158 2486 uendere
1193 2421 1252 2487 sub
1282 2437 1368 2502 pena

121 2522 277 2588 librarum
299 2521 554 2605 uigintiquiuque
577 2527 612 2589 et
633 2521 770 2604 quilibet
791 2521 895 2605 possit
916 2539 1069 2589 aeousare
1091 2529 1125 2591 et
1144 2523 1261 2591 babeat
1275 2523 1367 2590 dimi·

122 2627 212 2692 dium
237 2643 331 2708 pene.

300 2858 367 2902 οη.
390 2857 494 2900 xxm.
525 2858 567 2900 ux
590 2857 695 2900 eruum
716 2857 781 2901 uox
803 2833 980 2901 raomxua¹
1001 2857 1036 2900 m
1057 2858 1189 2904 auorum.

164 2973 250 3042 Item
274 2973 359 3041 dicto
384 2973 436 3040 die
459 2973 640 3041 consultum
663 2978 715 3040 est
737 2977 771 3041 et
793 2977 930 3056 captum,
961 2973 1047 3056 quud
1075 2975 1247 3060 tabernarii
1280 2974 1367 3044 nullu

120 3077 218 3144 modo
242 3077 363 3144 faciam
385 3095 530 3160 spumam
552 3077 586 3143 iu
608 3076 753 3158 bucinis&
785 3077 844 3144 sed
867 3077 945 3144 dent
966 3078 1093 3161 plenam
1117 3079 1177 3146 aub
1199 3095 1283 3162 pena
1305 3079 1368 3146 aol-

121 3181 237 3250 dorum
259 3181 319 3248 xxi
337 3181 481 3265 qualibet
503 3183 574 3248 uieo
597 3187 630 3248 et
652 3181 786 3262 quilibet
815 3182 919 3265 possit
948 3199 1098 3250 aeeueare
1122 3187 1156 3250 et
1177 3183 1296 3252 babeat
1322 3183 1370 3250 di·

122 3286 252 3353 midiam
274 3303 372 3369 pquq.

436 3519 503 3562 ΟΔΡ.
524 3519 641 3562 xxm.
664 3518 747 3564 OBDO
770 3518 868 3562 surm
889 3517 1056 3563 mflifflss.

164 3633 335 3702 Millesimo
354 3635 519 3718 cmxxxvii.
542 3635 595 3702 die
616 3635 649 3718 ij.
675 3635 861 3719 decembris,
894 3641 1039 3718 tempore
1069 3635 1186 3702 domiui
1211 3633 1367 3704 iohannis

123 3739 300 3806 Fueoariuo
330 3744 459 3820 captum
481 3745 514 3806 et
537 3737 744 3806 reformatum
774 3738 835 3804 luit
864 3739 950 3821 quod
981 3739 1095 3806 amodo
1116 3740 1150 3805 iu
1172 3744 1267 3808 autea
1289 3740 1367 3808 ordo

122 3841 347 3924 infrascriptos
370 3831 562 3910 obaeruetur
585 3862 682 3926 super
706 3844 875 3910 mensuris.

168 3947 288 4030 Primo,
319 3947 405 4028 quod
428 3949 555 4031 sudus,
588 3948 670 4014 eitum
692 3954 743 4015 est
766 3948 807 4014 ad
829 3965 972 4031 presens,
1004 3949 1052 4015 aie
1080 3955 1168 4016 stare
1197 3950 1313 4018 debeat
1335 3955 1369 4016 et

125 4069 196 4116 eum
219 4052 290 4133 ipso
313 4051 431 4118 debeat
458 4052 636 4118 mensurari
667 4070 760 4118 omne
789 4051 919 4120 bladum
942 4059 976 4118 et
998 4070 1108 4120 omues
1139 4071 1192 4120 res
1215 4059 1368 4135 consuete

128 4156 226 4222 uendi
248 4173 320 4220 eum
342 4157 452 4237 atario,
482 4163 592 4222 tamen
615 4174 685 4222 oum
710 4157 823 4240 culmo,
855 4157 937 4230 sieut
958 4154 1020 4222 fuit
1041 4157 1207 4239 hueusque
1229 4163 1263 4222 et
1284 4158 1371 4240 quod

126 4256 183 4323 liet
204 4275 265 4340 per
287 4275 452 4325 commuue
473 4259 559 4324 aliud
582 4261 713 4326 starium
738 4261 778 4326 de
802 4259 888 4342 liguo
912 4259 1015 4326 simile
1039 4259 1094 4345 illi,
1118 4259 1220 4342 quod³
1241 4267 1306 4326 stat
1327 4261 1369 4327 ad

127 4361 313 4442 plancham
338 4364 364 4428 si
380 4362 590 4446 frangeretur,
614 4362 671 4429 fiat
693 4363 789 4429 aliud.
812 4364 856 4428 Et
872 4363 959 4445 quod
974 4363 1081 4428 nullus
1098 4364 1216 4432 audeat
1231 4365 1370 4432 uendere

126 4467 179 4531 uel
210 4483 318 4532 emere
350 4467 477 4550 aliquod
509 4467 638 4533 bladum
670 4469 703 4532 iu
733 4467 863 4533 ciuitate
893 4465 1025 4550 Spaleti,
1060 4485 1120 4532 neo
1151 4467 1248 4533 alium
1279 4485 1370 4534 uuum
1422 4532 1425 4535 ,

174 4657 186 4692 ¹
219 4660 306 4721 Ood.
340 4659 447 4720 acad.
479 4659 523 4721 A:
562 4658 736 4743 „iaoiente“.
860 4656 872 4694 ²
904 4657 1014 4720 ibid:
1050 4663 1130 4742 ,mm
1166 4660 1195 4719 iu
1227 4659 1369 4721 bueieie“.

131 4741 143 4780 ⁸
164 4745 275 4807 ibid:
301 4745 402 4824 „qui“.

1227 4847 1267 4913 18
