3388 5356
5 29 275 269 π

101 633 161 680 nec
186 615 339 682 damnum
362 619 501 683 incurrat
523 623 557 683 et
578 617 663 683 unde
688 617 790 685 uoluit
813 617 960 684 omnibus
983 618 1065 684 bene
1089 615 1202 696 lacere,
1226 617 1286 697 ipsi
1310 635 1347 682 ac

104 715 246 800 singulis
268 738 333 785 non
354 721 436 786 male
459 719 530 786 fiat:
562 727 596 786 et
627 726 797 803 propterea
818 719 982 804 praefatus
1007 739 1166 802 exponens
1190 720 1273 786 dicto
1297 739 1354 788 no·

104 821 193 887 mine
217 824 353 904 petebat
367 823 520 890 declarari
536 831 569 890 et
584 825 746 890 terminari
764 824 880 890 debere
904 823 987 889 circa
1005 825 1215 905 quantitatem
1233 831 1354 904 tempo-

102 925 157 1009 ris,
196 944 262 1007 quo
292 928 393 1009 gratis
424 933 534 994 tenere
566 929 697 1004 ualeant
728 945 903 1008 magazena
935 929 1110 993 communis
1142 927 1354 992 conducentes

105 1027 243 1094 bladum
267 1037 422 1114 utsupra
445 1038 477 1097 et
500 1031 584 1098 circa
605 1033 751 1113 pretium,
776 1031 862 1112 quod
883 1030 1053 1096 refundere
1076 1031 1172 1097 debet
1191 1048 1354 1096 commune

103 1149 162 1212 pro
189 1131 264 1216 alijs
287 1135 467 1217 magazenis
491 1135 658 1200 bladorum
682 1135 843 1216 occupatis
860 1136 1005 1200 omnibus
1020 1133 1199 1218 magazenis
1216 1151 1354 1198 commu-

104 1236 239 1301 nitatis:
263 1238 333 1302 uiso
357 1245 488 1317 statuto,
513 1238 553 1302 de
577 1257 639 1320 quo
663 1257 774 1320 supra3
807 1239 878 1302 uisa
906 1245 1118 1304 mercatorum
1148 1239 1268 1302 malitia
1298 1255 1355 1318 per

102 1339 324 1420 corruptelam
345 1341 498 1407 hactenus
531 1342 726 1420 introducta3
756 1342 833 1407 uisis
863 1342 1053 1422 quibusdum
1083 1341 1352 1419 attestationibus,

103 1441 184 1506 uisis
208 1443 356 1509 uidendis
379 1449 412 1510 et
434 1444 645 1510 consideratis
667 1447 699 1510 in
723 1463 820 1510 causa
842 1444 1058 1525 suprascripto
1081 1444 1193 1508 merito
1210 1444 1352 1510 conside·

1286 413 1348 474 257

103 1545 226 1630 randis,
251 1545 368 1612 Christi
391 1549 519 1614 nomine
542 1549 699 1627 inuocato,
724 1567 743 1612 a
766 1565 829 1628 quo
861 1553 974 1612 cuncta
1005 1547 1089 1612 bona
1112 1553 1145 1612 et
1167 1547 1258 1610 utilia
1280 1563 1353 1627 pro-

103 1647 233 1728 cedunt,
257 1651 479 1716 sententiando
502 1650 699 1716 declaramus
724 1657 757 1716 et
779 1649 997 1724 terminamus
1011 1649 1157 1715 omnibus
1175 1648 1353 1714 conducen-

106 1751 192 1817 tibus
217 1751 349 1817 bladum
380 1751 547 1818 Curzulam
579 1753 647 1818 dari
669 1754 830 1818 bastasios
859 1753 901 1818 ad
930 1771 1085 1833 expensas
1115 1753 1288 1817 communis
1319 1757 1353 1818 et

105 1872 285 1935 magazena
307 1858 483 1924 communis
506 1858 606 1940 gratis
628 1875 686 1938 per
707 1875 832 1922 menses
857 1855 937 1922 duos
962 1875 981 1920 a
1004 1855 1055 1920 die
1070 1861 1269 1936 receptorum
1285 1855 1353 1919 bla-

106 1955 222 2022 dorum
247 1963 281 2022 et
303 1977 365 2024 non
388 1961 488 2038 ultra;
512 1962 626 2040 quibus
650 1961 768 2025 exactis
784 1965 953 2024 teneantur
968 1958 1051 2024 illico
1068 1965 1261 2023 mercatores
1277 1977 1352 2022 eua-

106 2061 194 2125 cuari
218 2059 325 2127 iacere
348 2065 485 2145 proprijs
508 2067 654 2145 expensis
677 2082 850 2151 magazenp
873 2061 1047 2128 communis
1070 2062 1122 2126 uel
1146 2064 1270 2126 comuni
1294 2080 1352 2142 pro

106 2161 216 2230 affictu
240 2164 365 2232 soluere
387 2167 494 2234 soldos
517 2168 630 2249 uiginti
654 2183 710 2248 pro
735 2165 859 2248 singulo
876 2182 991 2242 mense,
1016 2181 1078 2242 quo
1095 2165 1165 2244 ipsa
1180 2181 1352 2244 magazena

5 2267 6 2326 ἶ
107 2269 283 2334 communis
305 2279 461 2351 occupata
484 2273 660 2348 tenuerint;
693 2277 725 2334 et
756 2269 964 2334 existentibus
996 2267 1141 2332 omnibus
1171 2267 1353 2348 magazeuis

5 2435 7 2446 ,
107 2372 283 2436 communis
305 2391 360 2438 occ
383 2375 466 2454 petis
489 2375 735 2455 superueniente
750 2373 845 2438 blado
862 2379 1008 2436 teneatur
1024 2370 1248 2434 commererius
1264 2388 1348 2435 com-

5 2455 7 2470 ’
110 2476 212 2540 munis
235 2477 405 2557 prouidere
430 2477 469 2543 de
492 2477 553 2542 alio
585 2497 756 2560 magazeno
790 2494 847 2558 pro
877 2475 1000 2540 duobus
1029 2475 1190 2538 mensibus
1214 2479 1348 2552 tantum,

5 2577 7 2628 t
109 2579 267 2644 soluendo
290 2599 348 2662 pro
372 2579 479 2646 afficto
503 2581 611 2648 soldos
636 2582 747 2662 uiginti
770 2579 896 2662 singulo
919 2595 1044 2656 mense3
1078 2581 1112 2642 et
1141 2577 1275 2658 quilibet
1296 2577 1351 2652 ba·

109 2681 189 2750 bens
211 2701 429 2766 magazenum
452 2686 556 2766 ipsum
579 2685 703 2750 comuni
718 2684 796 2749 dare
811 2687 960 2749 teneatur
976 2699 1033 2764 pro
1051 2681 1213 2745 mensibus
1229 2679 1353 2745 duobus

14 2845 18 2852 ,
111 2785 213 2866 pretio
236 2792 270 2852 et
293 2785 399 2855 aflictu
431 2788 646 2868 suprascripto
676 2786 837 2852 soldorum
868 2783 981 2866 uiginti
1012 2782 1135 2864 singulo
1160 2801 1269 2848 mense
1293 2782 1353 2847 sub

9 2947 11 2978 ξ
110 2906 213 2970 poena
242 2891 401 2956 recusanti
430 2891 583 2972 perdendi
613 2887 752 2956 aifictum
784 2889 938 2952 mensium
971 2886 1104 2952 duorum
1134 2891 1170 2950 ut
1200 2903 1296 2966 snpra
1319 2889 1353 2950 at

9 2989 13 3088 ἰ
112 2991 329 3074 iperperorum
353 2995 491 3076 quinque
515 2995 671 3059 communi
694 2991 954 3075 applicandorum
983 2995 1016 3056 et
1045 2989 1247 3054 nibilominus
1272 2990 1352 3053 acci-

12 3159 13 3176 2
113 3096 217 3176 piatur
235 3113 447 3180 maganerum
471 3117 529 3179 per
552 3115 715 3162 commune
739 3115 797 3178 pro
820 3102 963 3176 tempore
994 3094 1208 3174 suprascripto
1235 3099 1268 3158 et
1290 3109 1353 3157 non

12 3197 15 3246 t
112 3200 204 3278 ultra,
220 3200 311 3265 saluo
331 3201 422 3266 nobis
438 3201 588 3266 libertate
604 3199 795 3282 prorogandi
812 3198 980 3263 terminum
996 3198 1248 3277 suprascriptum
1266 3213 1352 3260 men-

116 3304 195 3369 sium
218 3303 351 3369 duorum
373 3307 410 3369 ut
432 3323 538 3385 supra,
563 3323 660 3386 quum
684 3303 859 3386 expedierit
880 3307 913 3366 et
928 3318 1024 3364 causa
1040 3299 1183 3382 legitima
1198 3299 1352 3380 exigente.

16 3485 20 3496 ,
153 3405 236 3472 Lata
258 3407 333 3472 data
348 3413 383 3472 et
398 3408 560 3490 publicata
577 3405 636 3472 luit
651 3406 840 3482 terminatio,
865 3405 935 3470 siue
949 3401 1122 3467 declaratio
1138 3401 1354 3483 suprascripta

113 3529 169 3591 per
184 3509 360 3591 praelatum
376 3511 578 3594 magnificum
594 3509 754 3576 dominum
770 3509 925 3586 comitem,
942 3505 1105 3571 sedentem
1119 3505 1177 3570 sub
1193 3504 1277 3585 logia
1288 3524 1353 3568 ma-

17 3619 19 3627 ’
114 3613 200 3678 rinae
216 3614 266 3679 die
287 3633 316 3678 x.
332 3613 419 3698 Julij,
437 3613 563 3679 MDxxi.
580 3614 751 3679 indictione
766 3613 806 3678 ix.
823 3611 1025 3694 presentibus
1041 3609 1169 3674 domino
1185 3607 1353 3672 Francisco

113 3715 279 3784 Petrouich
295 3723 330 3783 et
344 3736 405 3783 scr.
419 3717 646 3800 curistophoro
658 3719 698 3784 de
710 3716 880 3798 blargotijs
895 3715 1031 3781 testibus
1046 3712 1162 3778 habitis
1177 3717 1211 3776 et
1222 3711 1351 3794 rogatis.

157 3818 194 3884 In
216 3819 294 3886 libro
318 3819 650 3888 Extraordinariorum
674 3821 714 3887 ad
739 3839 784 3886 ca.
808 3819 929 3900 cmviij.

474 3999 559 4043 xorv.
583 3999 719 4042 murm
740 3999 873 4042 neonus
897 3980 987 4050 ω’,

115 4092 169 4146 qua
184 4075 293 4132 iubetur
310 4077 465 4145 comitibus,
480 4077 553 4145 quod
571 4077 599 4132 in
617 4077 737 4132 ferendis
755 4076 898 4143 sententiis
918 4081 974 4128 tam
987 4070 1122 4138 ciuilibus,
1135 4084 1215 4138 quam
1228 4069 1354 4124 crimino·

115 4161 185 4218 ntus
204 4162 317 4218 debeant
334 4163 436 4218 habere
455 4165 611 4232 opinionem
623 4179 734 4219 suorum
747 4163 866 4217 iudicum
872 4180 883 4228 ;
902 4167 930 4215 et
943 4158 1014 4227 quod
1028 4157 1130 4224 denarij
1151 4157 1355 4211 communitatis

54 4281 59 4296 ·
116 4248 230 4305 debeant
238 4251 596 4307 administrariadtenorem
606 4257 771 4307 statutorum
783 4256 811 4302 ct
820 4243 1140 4303 consuetudinumdictae
1148 4243 1355 4298 communitatis.

156 4355 344 4423 Laurentius
363 4356 490 4422 Priolue
512 4355 574 4422 Dei
593 4356 703 4442 pratia
726 4357 792 4420 dac
821 4353 1021 4418 Venetiarum
1044 4355 1098 4413 etc.

158 4458 321 4527 Nobilibus
343 4467 379 4526 et
400 4461 598 4542 sapientibus
623 4461 698 4525 uiris
722 4459 845 4525 Marino
868 4457 1022 4533 Barbaro,
1047 4451 1088 4518 de
1111 4467 1170 4516 suo
1198 4451 1347 4517 mandato

80 4544 94 4574 ⁴
120 4563 224 4628 comiti
243 4563 396 4630 Curzulae
418 4571 453 4631 et
475 4565 712 4631 successoribus
727 4563 875 4629 fidelibus
897 4559 1021 4628 dilectis
1045 4554 1182 4622 salutem
1207 4559 1240 4620 et
1260 4555 1353 4621 dilec-

120 4666 214 4732 tionis
236 4665 389 4735 allectum.

1151 4760 1188 4820 17
