3422 5364
1309 489 1371 557 269

101 651 106 662 .
131 695 270 780 porcinis
292 696 345 764 uel
366 695 508 772 lerdillie
540 713 603 779 que
626 695 759 764 ueniunt
782 695 821 763 de
844 693 971 779 Apuleo
992 696 1045 763 uel
1067 695 1108 762 de
1133 694 1285 776 Morchia,
1310 713 1373 779 que

132 801 325 887 uenduntur,
359 801 506 869 uenditor
536 801 653 868 debeat
681 802 806 868 soluere
838 819 936 866 unum
966 800 1130 868 denerium
1161 817 1295 883 peruum
1315 819 1373 884 pro

128 904 214 971 libro
244 905 427 989 ponderum.
462 905 506 972 Et
535 905 589 988 ille
620 921 741 985 cernes,
776 921 838 988 que
870 905 1004 972 ueniunt
1034 905 1074 971 de
1105 903 1275 990 Dalmatio,
1310 923 1373 988 que

130 1009 322 1090 oenduntur,
356 1009 480 1079 soluere
502 1010 642 1078 debeant
663 1009 769 1076 soldos
793 1029 812 1076 v
834 1027 1006 1092 pomorum
1029 1028 1086 1093 pro
1109 1011 1252 1093 quolibet
1273 1027 1369 1093 porco

127 1113 183 1180 uel
206 1131 323 1196 porca3
353 1114 443 1182 saluo
474 1114 560 1196 quod
588 1114 615 1180 si
646 1114 762 1196 aliquis
785 1112 918 1181 Sclauus
948 1115 1126 1197 porteuerit
1148 1115 1189 1180 od
1212 1113 1373 1181 ciuitatem

135 1213 261 1297 Spoleti
289 1235 399 1286 cernes
421 1219 567 1302 porcinas
591 1219 710 1298 salites,
733 1218 819 1301 quod
842 1217 969 1286 soluere
992 1237 1054 1286 nou
1078 1223 1226 1285 teneatur
1247 1217 1374 1302 aliquod

135 1337 196 1404 pro
222 1321 357 1389 douone.
392 1321 436 1388 Et
456 1321 522 1404 itte,
553 1323 607 1406 qui
629 1321 742 1390 emerit
763 1321 865 1390 dictos
887 1340 999 1390 cernes
1022 1327 1056 1390 et
1076 1322 1161 1405 ipsas
1193 1321 1374 1404 extraxerit,

130 1425 185 1492 uel
201 1425 393 1510 uendiderit,
417 1427 544 1494 soluere
566 1432 714 1495 teneatur
736 1427 866 1511 dotium,
889 1427 989 1508 saluo,
1013 1425 1141 1510 quodsi
1157 1425 1244 1510 ipses
1261 1443 1373 1494 cernes

133 1529 234 1598 uellet
256 1549 314 1615 pro
337 1549 396 1598 sue
418 1532 520 1612 domo,
544 1549 607 1599 non
629 1535 777 1598 teneatur
799 1531 924 1599 soluere
947 1531 1078 1615 aliquod
1100 1549 1158 1615 pro
1182 1531 1316 1598 douene.

178 1635 263 1702 item
287 1635 408 1719 siquis
431 1636 509 1704 ciuis
528 1636 581 1704 uel
602 1636 775 1718 habitator,
797 1635 850 1704 uel
872 1635 1008 1706 lorensis
1030 1635 1216 1704 conduxerit
1238 1636 1375 1719 aliquem

131 1737 281 1821 bestiam,
304 1739 524 1824 undecumque
541 1740 701 1817 conduxit,
717 1746 751 1808 et
765 1740 903 1808 uoluerit
916 1741 1018 1824 ipsam
1034 1739 1200 1808 extrahere
1214 1759 1273 1824 per
1287 1758 1375 1808 mere

132 1841 173 1909 de
197 1843 329 1912 ciuitete
348 1842 470 1928 Spoleti
488 1849 523 1911 et
544 1845 613 1912 eius
629 1844 774 1912 deenen
791 1844 898 1912 uiuam
919 1845 972 1912 uel
994 1849 1163 1926 mortuam,
1187 1844 1293 1912 soluat
1314 1862 1372 1928 pro

132 1945 281 2028 quolibet
302 1947 397 2030 boue,
421 1948 533 2034 nacha,
556 1967 654 2032 porco
677 1948 730 2016 uel
744 1967 842 2032 poree
864 1948 971 2018 soldos
993 1954 1130 2032 quotuor
1152 1965 1323 2032 percorum
1341 1952 1375 2016 et

131 2068 190 2134 pro
215 2053 358 2134 quolibet
380 2053 564 2120 centenario
594 2053 768 2120 bestiarum
801 2054 993 2120 minutorum
1016 2053 1115 2119 libras
1139 2072 1168 2119 v.
1191 2071 1373 2136 peruorum,

131 2161 168 2220 ut
192 2157 412 2240 supradictum
442 2164 501 2238 est,
532 2165 598 2224 tem
632 2157 660 2226 si
683 2159 862 2242 corgauertt
892 2176 949 2226 seu
977 2157 1203 2240 pondereuerit
1224 2157 1257 2224 io
1279 2163 1375 2240 portu

132 2257 258 2343 Spoleti
281 2259 332 2328 uel
354 2261 423 2329 eius
447 2263 604 2344 districtu,
636 2281 730 2346 quam
752 2263 850 2329 etiem
873 2265 964 2329 extre
993 2262 1154 2328 ciuitatem
1178 2263 1302 2328 eteius
1325 2261 1371 2327 dl-

132 2364 280 2431 strictum
302 2366 482 2448 ubicunque
505 2367 645 2434 locorum
668 2367 794 2434 soluere
809 2372 958 2433 teneatur
974 2366 1130 2432 dououem
1146 2365 1370 2449 supradictam.

175 2469 260 2536 Item
283 2469 310 2536 si
333 2469 447 2552 aliquis
470 2468 658 2554 Spoletinus
681 2471 732 2538 uel
753 2470 913 2537 habitetur
936 2468 1058 2552 Spoleti
1080 2489 1138 2554 per
1153 2489 1187 2538 se
1203 2469 1253 2538 uel
1269 2471 1367 2536 iuter·

132 2573 272 2655 positem
294 2592 462 2657 personem
485 2575 591 2659 aliquo
614 2575 740 2658 quesite
763 2575 869 2642 colore
890 2573 1084 2658 ponderaret
1106 2574 1229 2657 sliquos
1251 2572 1370 2641 bestias

133 2675 167 2742 in
189 2676 299 2760 ulique
320 2683 422 2762 perte,
446 2697 541 2762 quom
564 2679 597 2745 in
619 2685 714 2762 portu
737 2677 860 2762 Spoleti
883 2679 935 2748 uel
958 2683 1026 2746 eius
1058 2677 1212 2758 districtu,
1250 2676 1377 2746 soluere

134 2787 287 2848 tenentur
310 2781 484 2851 douanorio
508 2782 699 2866 supradicto.

179 2885 226 2952 Et
259 2886 286 2954 si
316 2885 431 2969 aliquis
455 2884 646 2971 sedemus,
677 2887 729 2955 uel
759 2885 922 2955 habitator
951 2891 1007 2954 out
1028 2885 1164 2955 lorensis
1187 2884 1376 2970 ubicumque

136 2989 233 3058 deret
255 2991 295 3058 de
318 2990 385 3058 suis
407 2992 546 3074 denerijs
569 2991 621 3059 uel
643 2992 853 3074 mercimoniis
875 2991 969 3058 alicui
984 3008 1120 3075 persone
1141 3008 1237 3059 oeuse
1251 2990 1376 3058 emendi

136 3093 261 3162 bestias
284 3100 318 3162 et
340 3095 536 3163 conducendi
560 3095 725 3180 Spalatum
747 3101 781 3164 et
795 3097 880 3180 ipsas
895 3095 1098 3181 postmodum
1113 3093 1320 3165 conduceret¹
1334 3095 1376 3162 od

136 3199 235 3267 elium
264 3199 376 3282 locum,
408 3219 504 3284 quom
531 3201 573 3268 ed
604 3201 766 3268 ciuitatem
789 3199 920 3288 Spoleti,
950 3201 1021 3285 ipsi,
1057 3201 1109 3270 uel
1130 3199 1176 3267 illi
1198 3203 1375 3286 emptores,

137 3305 254 3387 quibus
285 3305 370 3387 dicte
398 3305 570 3388 mercontie
594 3305 647 3372 uel
669 3306 802 3389 pecunie
833 3311 1026 3389 spectarent,
1057 3310 1228 3374 teneantur
1250 3303 1377 3373 soluere

139 3409 226 3476 dicto
247 3409 420 3476 douonorio
443 3429 501 3493 pro
524 3409 668 3493 quolibet
683 3411 864 3479 centenario
882 3410 1057 3478 bestiarum
1071 3409 1264 3477 minutorum
1279 3409 1378 3477 libras

139 3515 280 3597 quinque
295 3533 477 3598 pomorum.
501 3514 546 3580 Et
561 3515 588 3582 si
605 3515 719 3598 uliquis
736 3515 767 3580 iu
788 3515 848 3583 hoc
863 3515 1001 3599 aliquem
1017 3515 1161 3584 fraudem
1177 3513 1378 3596 commiserit,

138 3619 236 3686 cedet
265 3620 306 3686 ed
336 3637 450 3703 penem
483 3619 634 3687 librorum
656 3639 715 3686 xxv
738 3637 909 3702 peruerum
937 3637 995 3702 pro
1019 3619 1160 3703 quolibet
1181 3625 1215 3687 et
1236 3618 1380 3703 quolibet

141 3725 224 3804 uice,
249 3741 312 3806 que
335 3723 572 3792 contrafecerit:
604 3725 693 3791 cuius
715 3724 870 3792 medietas
893 3741 976 3807 pene
999 3724 1042 3790 sit
1063 3723 1237 3792 communis
1260 3722 1379 3792 etalio

143 3829 299 3896 medietos
323 3829 500 3912 douanorij,
526 3833 552 3896 si
576 3829 636 3896 hcc
657 3829 798 3912 legitime
819 3830 1006 3912 probauerit
1023 3847 1082 3912 per
1100 3833 1199 3898 testes
1222 3827 1380 3912 ydoneos;

140 3939 263 4001 stetuto
286 3933 393 4017 aliquo
415 3955 477 4002 nou
501 3935 659 4002 obstante.
683 3935 727 4000 Et
740 3933 942 4001 nihilominus
965 3934 1119 4020 integram
1136 3934 1293 4002 uouenom
1315 3931 1378 3999 sol·

142 4057 220 4105 uere
244 4045 392 4106 teueotur
414 4040 589 4106 douonen'o
612 4039 652 4106 de
684 4039 828 4107 omnibus
856 4038 968 4122 bestijs
999 4037 1147 4105 extractis
1170 4043 1280 4104 contra
1302 4036 1380 4116 hoc;

142 4149 177 4210 et
198 4141 301 4225 quot²
323 4148 472 4224 rectores,
496 4145 549 4226 qui
572 4149 647 4210 suut
669 4144 722 4210 uel
743 4161 801 4226 pro
823 4149 967 4226 tempore
982 4141 1107 4222 luerint,
1133 4141 1259 4210 uinculo
1275 4158 1379 4210 secre-

143 4247 244 4314 menti
266 4247 382 4314 dictem
405 4265 519 4331 penem
543 4249 669 4332 exigere
692 4251 862 4314 teneantur
883 4247 1007 4330 integre
1030 4264 1101 4314 cum
1124 4245 1250 4314 ellectu.

190 4351 236 4418 Et
257 4353 333 4418 item
340 4351 360 4436 ⁸,
385 4354 412 4418 si
435 4353 506 4438 quis
529 4351 722 4420 interfecerit
740 4351 875 4435 aliquem
892 4370 1021 4434 porcum
1038 4351 1089 4419 uel
1104 4369 1232 4434 porcom
1247 4357 1280 4418 et
1293 4349 1381 4434 ipses

143 4474 254 4524 cernas
276 4455 444 4524 solemnit*
465 4475 561 4524 couso
591 4455 777 4524 extrahendi
806 4457 846 4523 de
869 4455 999 4523 ciuitete
1021 4453 1144 4538 Spoleti
1167 4460 1201 4522 et
1223 4454 1291 4522 eius
1313 4453 1380 4521 dis·

193 4683 205 4720 ¹
227 4687 286 4763 Ap.
309 4685 437 4763 ejulo:
462 4680 688 4766 „conducetnr“.
748 4682 868 4747 ”cod
891 4685 999 4748 acad.
1022 4685 1066 4746 A:
1093 4677 1212 4762 „quio“.
1276 4679 1380 4745 ⁸(lod.

147 4773 299 4838 chindr
324 4772 449 4856 „ltem“.
520 4771 532 4807 ⁴
553 4771 610 4850 Ap.
633 4773 762 4850 lajolo:
787 4771 955 4850 „soluerit
