<?xml version="1.0" encoding="UTF-8"?>
<!DOCTYPE html PUBLIC "-//W3C//DTD XHTML 1.0 Transitional//EN"
    "http://www.w3.org/TR/xhtml1/DTD/xhtml1-transitional.dtd">
<html xmlns="http://www.w3.org/1999/xhtml" xml:lang="en" lang="en">
 <head>
  <title>
</title>
<meta http-equiv="Content-Type" content="text/html;charset=utf-8" />
  <meta name='ocr-system' content='tesseract 3.04.00' />
  <meta name='ocr-capabilities' content='ocr_page ocr_carea ocr_par ocr_line ocrx_word'/>
</head>
<body>
  <div class='ocr_page' id='page_1' title='image "./statutaetlegesc00yuggoog_0071.png"; bbox 0 0 3434 5368; ppageno 0'>
   <div class='ocr_carea' id='block_1_1' title="bbox 1306 489 1346 550">
    <p class='ocr_par' dir='ltr' id='par_1_1' title="bbox 1306 489 1346 550">
     <span class='ocr_line' id='line_1_1' title="bbox 1306 489 1346 550; baseline 0 0"><span class='ocrx_word' id='word_1_1' title='bbox 1306 489 1346 550; x_wconf 82' lang='lat'><strong>45</strong></span> 
     </span>
    </p>
   </div>
   <div class='ocr_carea' id='block_1_2' title="bbox 139 691 1332 766">
    <p class='ocr_par' dir='ltr' id='par_1_2' title="bbox 139 691 1332 766">
     <span class='ocr_line' id='line_1_2' title="bbox 139 691 1332 766; baseline 0 -8"><span class='ocrx_word' id='word_1_2' title='bbox 139 715 209 758; x_wconf 72' lang='lat' dir='ltr'><strong>cu.</strong></span> <span class='ocrx_word' id='word_1_3' title='bbox 231 717 342 758; x_wconf 74' lang='lat' dir='ltr'><strong>mm.</strong></span> <span class='ocrx_word' id='word_1_4' title='bbox 375 717 415 757; x_wconf 74' lang='lat' dir='ltr'><strong>mr</strong></span> <span class='ocrx_word' id='word_1_5' title='bbox 438 715 694 758; x_wconf 64' lang='lat' dir='ltr'><strong>ascomannorum</strong></span> <span class='ocrx_word' id='word_1_6' title='bbox 717 716 939 758; x_wconf 70' lang='lat' dir='ltr'><strong>eossnsmonurd</strong></span> <span class='ocrx_word' id='word_1_7' title='bbox 963 717 1030 756; x_wconf 77' lang='lat' dir='ltr'><strong>Pion</strong></span> <span class='ocrx_word' id='word_1_8' title='bbox 1053 717 1100 756; x_wconf 81' lang='lat' dir='ltr'><strong>PR</strong></span> <span class='ocrx_word' id='word_1_9' title='bbox 1109 715 1126 756; x_wconf 90' lang='lat'>0</span> <span class='ocrx_word' id='word_1_10' title='bbox 1134 717 1224 766; x_wconf 69' lang='lat' dir='ltr'><strong>Pinio</strong></span> <span class='ocrx_word' id='word_1_11' title='bbox 1235 691 1332 758; x_wconf 76' lang='lat'><strong>[108.1</strong></span> 
     </span>
    </p>
   </div>
   <div class='ocr_carea' id='block_1_3' title="bbox 120 829 1357 1334">
    <p class='ocr_par' dir='ltr' id='par_1_3' title="bbox 120 829 1357 1334">
     <span class='ocr_line' id='line_1_3' title="bbox 165 829 1355 914; baseline 0 -18"><span class='ocrx_word' id='word_1_12' title='bbox 165 831 246 899; x_wconf 82' lang='lat' dir='ltr'><strong>Item</strong></span> <span class='ocrx_word' id='word_1_13' title='bbox 282 833 465 910; x_wconf 72' lang='lat' dir='ltr'><strong>statuimus,</strong></span> <span class='ocrx_word' id='word_1_14' title='bbox 500 832 585 914; x_wconf 89' lang='lat' dir='ltr'><strong>quod</strong></span> <span class='ocrx_word' id='word_1_15' title='bbox 617 851 678 896; x_wconf 88' lang='lat' dir='ltr'><strong>vna</strong></span> <span class='ocrx_word' id='word_1_16' title='bbox 708 849 831 914; x_wconf 88' lang='lat' dir='ltr'><strong>queque</strong></span> <span class='ocrx_word' id='word_1_17' title='bbox 865 831 1008 897; x_wconf 87' lang='lat' dir='ltr'><strong>uendioio</strong></span> <span class='ocrx_word' id='word_1_18' title='bbox 1037 829 1142 896; x_wconf 87' lang='lat' dir='ltr'><strong>fienda</strong></span> <span class='ocrx_word' id='word_1_19' title='bbox 1164 831 1195 895; x_wconf 91' lang='lat' dir='ltr'><strong>iu</strong></span> <span class='ocrx_word' id='word_1_20' title='bbox 1219 830 1355 913; x_wconf 79' lang='lat' dir='ltr'><strong>Curpuie</strong></span> 
     </span>
     <span class='ocr_line' id='line_1_4' title="bbox 121 935 1357 1020; baseline -0.002 -18"><span class='ocrx_word' id='word_1_21' title='bbox 121 937 224 1018; x_wconf 81' lang='lat' dir='ltr'>possit</span> <span class='ocrx_word' id='word_1_22' title='bbox 257 937 340 1020; x_wconf 85' lang='lat' dir='ltr'>exigi</span> <span class='ocrx_word' id='word_1_23' title='bbox 368 942 400 1004; x_wconf 90' lang='lat' dir='ltr'><strong>et</strong></span> <span class='ocrx_word' id='word_1_24' title='bbox 429 938 609 1019; x_wconf 87' lang='lat' dir='ltr'><strong>recuperari</strong></span> <span class='ocrx_word' id='word_1_25' title='bbox 645 956 701 1018; x_wconf 88' lang='lat' dir='ltr'><strong>per</strong></span> <span class='ocrx_word' id='word_1_26' title='bbox 731 937 905 1018; x_wconf 86' lang='lat' dir='ltr'><strong>proximum</strong></span> <span class='ocrx_word' id='word_1_27' title='bbox 939 935 1112 1002; x_wconf 86' lang='lat' dir='ltr'><strong>uenditoris</strong></span> <span class='ocrx_word' id='word_1_28' title='bbox 1146 935 1228 1000; x_wconf 86' lang='lat' dir='ltr'><strong>inira</strong></span> <span class='ocrx_word' id='word_1_29' title='bbox 1263 955 1357 1000; x_wconf 87' lang='lat' dir='ltr'><strong>vnum</strong></span> 
     </span>
     <span class='ocr_line' id='line_1_5' title="bbox 120 1039 1357 1122; baseline 0.001 -17"><span class='ocrx_word' id='word_1_30' title='bbox 120 1060 264 1107; x_wconf 89' lang='lat' dir='ltr'><strong>mensem</strong></span> <span class='ocrx_word' id='word_1_31' title='bbox 280 1047 313 1107; x_wconf 89' lang='lat' dir='ltr'><strong>et</strong></span> <span class='ocrx_word' id='word_1_32' title='bbox 325 1059 421 1106; x_wconf 85' lang='lat' dir='ltr'><strong>vnum</strong></span> <span class='ocrx_word' id='word_1_33' title='bbox 436 1042 519 1107; x_wconf 91' lang='lat' dir='ltr'><strong>diem</strong></span> <span class='ocrx_word' id='word_1_34' title='bbox 534 1041 625 1118; x_wconf 84' lang='lat' dir='ltr'><strong>adie,</strong></span> <span class='ocrx_word' id='word_1_35' title='bbox 638 1041 670 1104; x_wconf 91' lang='lat' dir='ltr'><strong>in</strong></span> <span class='ocrx_word' id='word_1_36' title='bbox 682 1058 743 1121; x_wconf 90' lang='lat' dir='ltr'><strong>quo</strong></span> <span class='ocrx_word' id='word_1_37' title='bbox 756 1039 851 1105; x_wconf 84' lang='lat' dir='ltr'><strong>inerit</strong></span> <span class='ocrx_word' id='word_1_38' title='bbox 863 1040 1003 1105; x_wconf 87' lang='lat' dir='ltr'><strong>uenditio</strong></span> <span class='ocrx_word' id='word_1_39' title='bbox 1027 1040 1151 1122; x_wconf 82' lang='lat' dir='ltr'><strong>scripta,</strong></span> <span class='ocrx_word' id='word_1_40' title='bbox 1166 1059 1223 1122; x_wconf 89' lang='lat' dir='ltr'><strong>pro</strong></span> <span class='ocrx_word' id='word_1_41' title='bbox 1246 1041 1357 1108; x_wconf 89' lang='lat' dir='ltr'><strong>eodem</strong></span> 
     </span>
     <span class='ocr_line' id='line_1_6' title="bbox 120 1143 1357 1229; baseline 0 -19"><span class='ocrx_word' id='word_1_42' title='bbox 120 1147 238 1227; x_wconf 82' lang='lat' dir='ltr'><strong>precio.</strong></span> <span class='ocrx_word' id='word_1_43' title='bbox 272 1145 316 1211; x_wconf 84' lang='lat' dir='ltr'><strong>Et</strong></span> <span class='ocrx_word' id='word_1_44' title='bbox 337 1147 363 1212; x_wconf 91' lang='lat' dir='ltr'><strong>si</strong></span> <span class='ocrx_word' id='word_1_45' title='bbox 387 1146 467 1210; x_wconf 89' lang='lat' dir='ltr'><strong>alius</strong></span> <span class='ocrx_word' id='word_1_46' title='bbox 489 1147 658 1229; x_wconf 86' lang='lat' dir='ltr'>proximior</span> <span class='ocrx_word' id='word_1_47' title='bbox 681 1143 761 1210; x_wconf 89' lang='lat' dir='ltr'><strong>inira</strong></span> <span class='ocrx_word' id='word_1_48' title='bbox 794 1143 881 1208; x_wconf 91' lang='lat' dir='ltr'><strong>ilium</strong></span> <span class='ocrx_word' id='word_1_49' title='bbox 904 1144 1069 1210; x_wconf 83' lang='lat' dir='ltr'><strong>terminum</strong></span> <span class='ocrx_word' id='word_1_50' title='bbox 1104 1146 1206 1211; x_wconf 85' lang='lat' dir='ltr'><strong>adhue</strong></span> <span class='ocrx_word' id='word_1_51' title='bbox 1228 1163 1357 1228; x_wconf 87' lang='lat' dir='ltr'><strong>recupe-</strong></span> 
     </span>
     <span class='ocr_line' id='line_1_7' title="bbox 121 1248 1286 1334; baseline -0.001 -19"><span class='ocrx_word' id='word_1_52' title='bbox 121 1256 217 1332; x_wconf 76' lang='lat' dir='ltr'><strong>raret,</strong></span> <span class='ocrx_word' id='word_1_53' title='bbox 241 1250 369 1316; x_wconf 87' lang='lat' dir='ltr'><strong>tandem</strong></span> <span class='ocrx_word' id='word_1_54' title='bbox 392 1249 574 1332; x_wconf 80' lang='lat' dir='ltr'><strong>proximiori</strong></span> <span class='ocrx_word' id='word_1_55' title='bbox 597 1255 759 1316; x_wconf 86' lang='lat' dir='ltr'><strong>remaneat</strong></span> <span class='ocrx_word' id='word_1_56' title='bbox 783 1254 816 1314; x_wconf 88' lang='lat' dir='ltr'><strong>et</strong></span> <span class='ocrx_word' id='word_1_57' title='bbox 839 1249 883 1314; x_wconf 89' lang='lat' dir='ltr'><strong>sio</strong></span> <span class='ocrx_word' id='word_1_58' title='bbox 905 1248 946 1314; x_wconf 90' lang='lat' dir='ltr'><strong>de</strong></span> <span class='ocrx_word' id='word_1_59' title='bbox 967 1249 1067 1328; x_wconf 88' lang='lat' dir='ltr'><strong>gradu</strong></span> <span class='ocrx_word' id='word_1_60' title='bbox 1089 1249 1120 1314; x_wconf 94' lang='lat' dir='ltr'><strong>in</strong></span> <span class='ocrx_word' id='word_1_61' title='bbox 1143 1250 1286 1334; x_wconf 85' lang='lat' dir='ltr'><strong>gradum.</strong></span> 
     </span>
    </p>
   </div>
   <div class='ocr_carea' id='block_1_4' title="bbox 498 1457 983 1526">
    <p class='ocr_par' dir='ltr' id='par_1_4' title="bbox 498 1457 983 1526">
     <span class='ocr_line' id='line_1_8' title="bbox 498 1457 983 1526; baseline 0.002 -1"><span class='ocrx_word' id='word_1_62' title='bbox 498 1483 564 1526; x_wconf 75' lang='lat' dir='ltr'><strong>our.</strong></span> <span class='ocrx_word' id='word_1_63' title='bbox 588 1482 695 1524; x_wconf 69' lang='lat' dir='ltr'><strong>dxxiv.</strong></span> <span class='ocrx_word' id='word_1_64' title='bbox 720 1483 761 1524; x_wconf 79' lang='lat' dir='ltr'><strong>nn</strong></span> <span class='ocrx_word' id='word_1_65' title='bbox 784 1457 983 1526; x_wconf 72' lang='lat' dir='ltr'><strong>eunomus-²</strong></span> 
     </span>
    </p>
   </div>
   <div class='ocr_carea' id='block_1_5' title="bbox 123 1600 1357 2000">
    <p class='ocr_par' dir='ltr' id='par_1_5' title="bbox 123 1600 1357 2000">
     <span class='ocr_line' id='line_1_9' title="bbox 166 1600 1357 1684; baseline 0.003 -20"><span class='ocrx_word' id='word_1_66' title='bbox 166 1600 249 1666; x_wconf 89' lang='lat' dir='ltr'><strong>Item</strong></span> <span class='ocrx_word' id='word_1_67' title='bbox 273 1601 457 1684; x_wconf 80' lang='lat' dir='ltr'><strong>statuimus,</strong></span> <span class='ocrx_word' id='word_1_68' title='bbox 491 1600 575 1681; x_wconf 92' lang='lat' dir='ltr'><strong>quod</strong></span> <span class='ocrx_word' id='word_1_69' title='bbox 599 1603 624 1665; x_wconf 91' lang='lat' dir='ltr'><strong>si</strong></span> <span class='ocrx_word' id='word_1_70' title='bbox 648 1601 717 1680; x_wconf 88' lang='lat' dir='ltr'><strong>quis</strong></span> <span class='ocrx_word' id='word_1_71' title='bbox 739 1606 812 1680; x_wconf 89' lang='lat' dir='ltr'><strong>post</strong></span> <span class='ocrx_word' id='word_1_72' title='bbox 834 1605 967 1665; x_wconf 89' lang='lat' dir='ltr'><strong>mortem</strong></span> <span class='ocrx_word' id='word_1_73' title='bbox 991 1603 1089 1681; x_wconf 89' lang='lat' dir='ltr'><strong>patris</strong></span> <span class='ocrx_word' id='word_1_74' title='bbox 1110 1609 1288 1668; x_wconf 80' lang='lat' dir='ltr'><strong>remaneret</strong></span> <span class='ocrx_word' id='word_1_75' title='bbox 1310 1603 1357 1668; x_wconf 92' lang='lat' dir='ltr'><strong>iu-</strong></span> 
     </span>
     <span class='ocr_line' id='line_1_10' title="bbox 123 1704 1355 1790; baseline 0.002 -20"><span class='ocrx_word' id='word_1_76' title='bbox 123 1707 224 1787; x_wconf 88' lang='lat' dir='ltr'><strong>uenis,</strong></span> <span class='ocrx_word' id='word_1_77' title='bbox 247 1705 300 1770; x_wconf 90' lang='lat' dir='ltr'><strong>uel</strong></span> <span class='ocrx_word' id='word_1_78' title='bbox 323 1705 513 1784; x_wconf 87' lang='lat' dir='ltr'><strong>insensatus,</strong></span> <span class='ocrx_word' id='word_1_79' title='bbox 548 1707 594 1770; x_wconf 86' lang='lat' dir='ltr'><strong>ita</strong></span> <span class='ocrx_word' id='word_1_80' title='bbox 616 1705 700 1787; x_wconf 88' lang='lat' dir='ltr'><strong>qnod</strong></span> <span class='ocrx_word' id='word_1_81' title='bbox 723 1723 785 1770; x_wconf 93' lang='lat' dir='ltr'><strong>nou</strong></span> <span class='ocrx_word' id='word_1_82' title='bbox 808 1711 894 1772; x_wconf 90' lang='lat' dir='ltr'><strong>esset</strong></span> <span class='ocrx_word' id='word_1_83' title='bbox 917 1704 1076 1772; x_wconf 87' lang='lat' dir='ltr'><strong>suifieiens</strong></span> <span class='ocrx_word' id='word_1_84' title='bbox 1109 1725 1221 1790; x_wconf 83' lang='lat' dir='ltr'><strong>regere</strong></span> <span class='ocrx_word' id='word_1_85' title='bbox 1244 1713 1277 1773; x_wconf 88' lang='lat' dir='ltr'><strong>et</strong></span> <span class='ocrx_word' id='word_1_86' title='bbox 1298 1727 1355 1790; x_wconf 85' lang='lat' dir='ltr'><strong>gu·</strong></span> 
     </span>
     <span class='ocr_line' id='line_1_11' title="bbox 123 1809 1356 1894; baseline 0.002 -20"><span class='ocrx_word' id='word_1_87' title='bbox 123 1810 260 1875; x_wconf 89' lang='lat' dir='ltr'><strong>bernare</strong></span> <span class='ocrx_word' id='word_1_88' title='bbox 283 1829 326 1888; x_wconf 86' lang='lat' dir='ltr'><strong>se,</strong></span> <span class='ocrx_word' id='word_1_89' title='bbox 351 1817 384 1876; x_wconf 88' lang='lat' dir='ltr'><strong>et</strong></span> <span class='ocrx_word' id='word_1_90' title='bbox 406 1809 489 1876; x_wconf 84' lang='lat' dir='ltr'><strong>faeta</strong></span> <span class='ocrx_word' id='word_1_91' title='bbox 512 1830 577 1888; x_wconf 85' lang='lat' dir='ltr'><strong>sua,</strong></span> <span class='ocrx_word' id='word_1_92' title='bbox 613 1811 754 1894; x_wconf 85' lang='lat' dir='ltr'><strong>regimen</strong></span> <span class='ocrx_word' id='word_1_93' title='bbox 776 1829 833 1892; x_wconf 92' lang='lat' dir='ltr'><strong>per</strong></span> <span class='ocrx_word' id='word_1_94' title='bbox 855 1812 923 1876; x_wconf 91' lang='lat' dir='ltr'><strong>eius</strong></span> <span class='ocrx_word' id='word_1_95' title='bbox 946 1817 1175 1876; x_wconf 83' lang='lat' dir='ltr'><strong>sacramentum</strong></span> <span class='ocrx_word' id='word_1_96' title='bbox 1209 1816 1356 1878; x_wconf 87' lang='lat' dir='ltr'><strong>teneatur</strong></span> 
     </span>
     <span class='ocr_line' id='line_1_12' title="bbox 123 1913 913 2000; baseline -0.001 -21"><span class='ocrx_word' id='word_1_97' title='bbox 123 1914 199 1980; x_wconf 91' lang='lat' dir='ltr'><strong>dare</strong></span> <span class='ocrx_word' id='word_1_98' title='bbox 223 1919 355 1996; x_wconf 85' lang='lat' dir='ltr'><strong>tutores,</strong></span> <span class='ocrx_word' id='word_1_99' title='bbox 379 1921 412 1980; x_wconf 91' lang='lat' dir='ltr'><strong>et</strong></span> <span class='ocrx_word' id='word_1_100' title='bbox 433 1915 577 1980; x_wconf 90' lang='lat' dir='ltr'><strong>similiter</strong></span> <span class='ocrx_word' id='word_1_101' title='bbox 599 1913 659 2000; x_wconf 83' lang='lat' dir='ltr'><strong>(si)</strong></span> <span class='ocrx_word' id='word_1_102' title='bbox 681 1921 766 1982; x_wconf 88' lang='lat' dir='ltr'><strong>esset</strong></span> <span class='ocrx_word' id='word_1_103' title='bbox 788 1915 913 1979; x_wconf 85' lang='lat' dir='ltr'><strong>femina.</strong></span> 
     </span>
    </p>
   </div>
   <div class='ocr_carea' id='block_1_6' title="bbox 25 2125 1353 2214">
    <p class='ocr_par' dir='ltr' id='par_1_6' title="bbox 25 2125 1353 2214">
     <span class='ocr_line' id='line_1_13' title="bbox 25 2125 1353 2214; baseline 0.003 -24"><span class='ocrx_word' id='word_1_104' title='bbox 25 2189 27 2196; x_wconf 78' lang='grc'>,</span> <span class='ocrx_word' id='word_1_105' title='bbox 123 2147 189 2190; x_wconf 75' lang='lat' dir='ltr'><strong>aas.</strong></span> <span class='ocrx_word' id='word_1_106' title='bbox 213 2145 311 2190; x_wconf 73' lang='lat' dir='ltr'><strong>mxxv.</strong></span> <span class='ocrx_word' id='word_1_107' title='bbox 328 2147 411 2199; x_wconf 77' lang='lat' dir='ltr'><strong>ouon</strong></span> <span class='ocrx_word' id='word_1_108' title='bbox 426 2148 544 2200; x_wconf 75' lang='lat' dir='ltr'><strong>namna</strong></span> <span class='ocrx_word' id='word_1_109' title='bbox 559 2149 679 2190; x_wconf 81' lang='lat' dir='ltr'><strong>uunrsn</strong></span> <span class='ocrx_word' id='word_1_110' title='bbox 693 2148 756 2190; x_wconf 82' lang='lat' dir='ltr'><strong>nor</strong></span> <span class='ocrx_word' id='word_1_111' title='bbox 772 2149 873 2191; x_wconf 82' lang='lat' dir='ltr'><strong>rossrr</strong></span> <span class='ocrx_word' id='word_1_112' title='bbox 897 2125 1010 2192; x_wconf 76' lang='lat' dir='ltr'><strong>nnus³</strong></span> <span class='ocrx_word' id='word_1_113' title='bbox 1032 2127 1177 2192; x_wconf 70' lang='lat' dir='ltr'><strong>rasum*</strong></span> <span class='ocrx_word' id='word_1_114' title='bbox 1192 2151 1248 2192; x_wconf 78' lang='lat' dir='ltr'><strong>sur</strong></span> <span class='ocrx_word' id='word_1_115' title='bbox 1259 2151 1353 2214; x_wconf 82' lang='lat' dir='ltr'><strong>muro,</strong></span> 
     </span>
    </p>
   </div>
   <div class='ocr_carea' id='block_1_7' title="bbox 537 2235 946 2296">
    <p class='ocr_par' dir='ltr' id='par_1_7' title="bbox 537 2235 946 2296">
     <span class='ocr_line' id='line_1_14' title="bbox 537 2235 946 2296; baseline 0.002 -19"><span class='ocrx_word' id='word_1_116' title='bbox 537 2235 595 2278; x_wconf 83' lang='lat' dir='ltr'><strong>sun</strong></span> <span class='ocrx_word' id='word_1_117' title='bbox 617 2235 710 2296; x_wconf 79' lang='lat' dir='ltr'><strong>muru,</strong></span> <span class='ocrx_word' id='word_1_118' title='bbox 740 2235 828 2287; x_wconf 78' lang='lat' dir='ltr'><strong>ouum</strong></span> <span class='ocrx_word' id='word_1_119' title='bbox 850 2235 946 2278; x_wconf 77' lang='lat' dir='ltr'><strong>auus.</strong></span> 
     </span>
    </p>
   </div>
   <div class='ocr_carea' id='block_1_8' title="bbox 125 2351 1361 2838">
    <p class='ocr_par' dir='ltr' id='par_1_8' title="bbox 125 2351 1361 2838">
     <span class='ocr_line' id='line_1_15' title="bbox 166 2351 1359 2434; baseline 0.004 -18"><span class='ocrx_word' id='word_1_120' title='bbox 166 2351 251 2417; x_wconf 84' lang='lat' dir='ltr'><strong>Item</strong></span> <span class='ocrx_word' id='word_1_121' title='bbox 275 2353 458 2430; x_wconf 80' lang='lat' dir='ltr'><strong>statuimus,</strong></span> <span class='ocrx_word' id='word_1_122' title='bbox 494 2351 578 2432; x_wconf 88' lang='lat' dir='ltr'><strong>quod</strong></span> <span class='ocrx_word' id='word_1_123' title='bbox 600 2351 706 2432; x_wconf 86' lang='lat' dir='ltr'><strong>¹aliqua</strong></span> <span class='ocrx_word' id='word_1_124' title='bbox 727 2351 841 2416; x_wconf 92' lang='lat' dir='ltr'><strong>muiier</strong></span> <span class='ocrx_word' id='word_1_125' title='bbox 863 2369 925 2416; x_wconf 92' lang='lat' dir='ltr'><strong>non</strong></span> <span class='ocrx_word' id='word_1_126' title='bbox 947 2351 1048 2434; x_wconf 86' lang='lat' dir='ltr'><strong>possit</strong></span> <span class='ocrx_word' id='word_1_127' title='bbox 1079 2353 1151 2433; x_wconf 90' lang='lat' dir='ltr'><strong>plus</strong></span> <span class='ocrx_word' id='word_1_128' title='bbox 1173 2355 1284 2421; x_wconf 84' lang='lat' dir='ltr'><strong>testari</strong></span> <span class='ocrx_word' id='word_1_129' title='bbox 1306 2357 1359 2420; x_wconf 94' lang='lat' dir='ltr'><strong>vni</strong></span> 
     </span>
     <span class='ocr_line' id='line_1_16' title="bbox 126 2453 1360 2542; baseline 0.005 -22"><span class='ocrx_word' id='word_1_130' title='bbox 126 2453 199 2536; x_wconf 88' lang='lat' dir='ltr'><strong>filio,</strong></span> <span class='ocrx_word' id='word_1_131' title='bbox 224 2475 321 2538; x_wconf 90' lang='lat' dir='ltr'><strong>quam</strong></span> <span class='ocrx_word' id='word_1_132' title='bbox 344 2457 425 2539; x_wconf 87' lang='lat' dir='ltr'><strong>alijs,</strong></span> <span class='ocrx_word' id='word_1_133' title='bbox 460 2454 998 2538; x_wconf 84' lang='lat' dir='ltr'><strong>neevnifilie‚plusquama1ie;</strong></span> <span class='ocrx_word' id='word_1_134' title='bbox 1034 2477 1143 2524; x_wconf 86' lang='lat' dir='ltr'><strong>uerum</strong></span> <span class='ocrx_word' id='word_1_135' title='bbox 1167 2461 1268 2540; x_wconf 87' lang='lat' dir='ltr'><strong>possit</strong></span> <span class='ocrx_word' id='word_1_136' title='bbox 1289 2459 1360 2542; x_wconf 91' lang='lat' dir='ltr'><strong>plus</strong></span> 
     </span>
     <span class='ocr_line' id='line_1_17' title="bbox 125 2561 1361 2646; baseline 0.003 -20"><span class='ocrx_word' id='word_1_137' title='bbox 125 2563 238 2628; x_wconf 87' lang='lat' dir='ltr'><strong>testari</strong></span> <span class='ocrx_word' id='word_1_138' title='bbox 272 2561 354 2640; x_wconf 88' lang='lat' dir='ltr'><strong>filio,</strong></span> <span class='ocrx_word' id='word_1_139' title='bbox 389 2581 482 2643; x_wconf 90' lang='lat' dir='ltr'><strong>quam</strong></span> <span class='ocrx_word' id='word_1_140' title='bbox 505 2561 585 2640; x_wconf 85' lang='lat' dir='ltr'><strong>filie,</strong></span> <span class='ocrx_word' id='word_1_141' title='bbox 619 2567 652 2628; x_wconf 91' lang='lat' dir='ltr'><strong>et</strong></span> <span class='ocrx_word' id='word_1_142' title='bbox 674 2561 756 2646; x_wconf 86' lang='lat' dir='ltr'><strong>filijs,</strong></span> <span class='ocrx_word' id='word_1_143' title='bbox 789 2581 881 2644; x_wconf 87' lang='lat' dir='ltr'><strong>quam</strong></span> <span class='ocrx_word' id='word_1_144' title='bbox 916 2561 1040 2628; x_wconf 86' lang='lat' dir='ltr'><strong>filiabus</strong></span> <span class='ocrx_word' id='word_1_145' title='bbox 1062 2564 1102 2630; x_wconf 90' lang='lat' dir='ltr'><strong>ad</strong></span> <span class='ocrx_word' id='word_1_146' title='bbox 1126 2563 1257 2628; x_wconf 86' lang='lat' dir='ltr'><strong>libitum.</strong></span> <span class='ocrx_word' id='word_1_147' title='bbox 1293 2565 1361 2632; x_wconf 90' lang='lat' dir='ltr'><strong>Neo</strong></span> 
     </span>
     <span class='ocr_line' id='line_1_18' title="bbox 126 2667 1360 2750; baseline 0.001 -18"><span class='ocrx_word' id='word_1_148' title='bbox 126 2667 226 2750; x_wconf 85' lang='lat' dir='ltr'><strong>possit</strong></span> <span class='ocrx_word' id='word_1_149' title='bbox 251 2667 369 2749; x_wconf 87' lang='lat' dir='ltr'><strong>aliquid</strong></span> <span class='ocrx_word' id='word_1_150' title='bbox 391 2667 551 2732; x_wconf 90' lang='lat' dir='ltr'><strong>immobile</strong></span> <span class='ocrx_word' id='word_1_151' title='bbox 575 2667 733 2732; x_wconf 84' lang='lat' dir='ltr'><strong>dimittere</strong></span> <span class='ocrx_word' id='word_1_152' title='bbox 756 2667 835 2750; x_wconf 84' lang='lat' dir='ltr'><strong>alijs,</strong></span> <span class='ocrx_word' id='word_1_153' title='bbox 860 2686 952 2749; x_wconf 86' lang='lat' dir='ltr'><strong>qnam</strong></span> <span class='ocrx_word' id='word_1_154' title='bbox 976 2667 1057 2750; x_wconf 78' lang='lat' dir='ltr'><strong>iiliJs,</strong></span> <span class='ocrx_word' id='word_1_155' title='bbox 1081 2669 1132 2735; x_wconf 87' lang='lat' dir='ltr'><strong>vel</strong></span> <span class='ocrx_word' id='word_1_156' title='bbox 1147 2667 1278 2749; x_wconf 88' lang='lat' dir='ltr'><strong>filiabus,</strong></span> <span class='ocrx_word' id='word_1_157' title='bbox 1303 2689 1360 2736; x_wconf 92' lang='lat' dir='ltr'><strong>sen</strong></span> 
     </span>
     <span class='ocr_line' id='line_1_19' title="bbox 126 2771 351 2838; baseline 0.004 -2"><span class='ocrx_word' id='word_1_158' title='bbox 126 2773 241 2838; x_wconf 87' lang='lat' dir='ltr'><strong>marito</strong></span> <span class='ocrx_word' id='word_1_159' title='bbox 264 2771 351 2838; x_wconf 67' lang='lat' dir='ltr'><strong>suo.⁵</strong></span> 
     </span>
    </p>
   </div>
   <div class='ocr_carea' id='block_1_9' title="bbox 368 2965 1120 3030">
    <p class='ocr_par' dir='ltr' id='par_1_9' title="bbox 368 2965 1120 3030">
     <span class='ocr_line' id='line_1_20' title="bbox 368 2965 1120 3030; baseline 0.001 -1"><span class='ocrx_word' id='word_1_160' title='bbox 368 2985 433 3030; x_wconf 77' lang='lat' dir='ltr'><strong>oar.</strong></span> <span class='ocrx_word' id='word_1_161' title='bbox 457 2987 564 3028; x_wconf 79' lang='lat' dir='ltr'><strong>nxxvr.</strong></span> <span class='ocrx_word' id='word_1_162' title='bbox 588 2988 628 3027; x_wconf 84' lang='lat' dir='ltr'><strong>na</strong></span> <span class='ocrx_word' id='word_1_163' title='bbox 651 2986 906 3029; x_wconf 76' lang='lat' dir='ltr'><strong>uueoanromnus</strong></span> <span class='ocrx_word' id='word_1_164' title='bbox 929 2965 1120 3030; x_wconf 75' lang='lat' dir='ltr'><strong>munnaou</strong></span> 
     </span>
    </p>
   </div>
   <div class='ocr_carea' id='block_1_10' title="bbox 171 3103 1360 3186">
    <p class='ocr_par' dir='ltr' id='par_1_10' title="bbox 171 3103 1360 3186">
     <span class='ocr_line' id='line_1_21' title="bbox 171 3103 1360 3186; baseline 0.001 -17"><span class='ocrx_word' id='word_1_165' title='bbox 171 3105 255 3170; x_wconf 90' lang='lat' dir='ltr'><strong>Item</strong></span> <span class='ocrx_word' id='word_1_166' title='bbox 278 3105 454 3182; x_wconf 74' lang='lat' dir='ltr'><strong>statuimus,</strong></span> <span class='ocrx_word' id='word_1_167' title='bbox 489 3103 573 3185; x_wconf 83' lang='lat' dir='ltr'><strong>quud</strong></span> <span class='ocrx_word' id='word_1_168' title='bbox 596 3103 772 3185; x_wconf 83' lang='lat' dir='ltr'><strong>quicunque</strong></span> <span class='ocrx_word' id='word_1_169' title='bbox 795 3103 983 3186; x_wconf 88' lang='lat' dir='ltr'><strong>obligauerit</strong></span> <span class='ocrx_word' id='word_1_170' title='bbox 1005 3122 1039 3170; x_wconf 91' lang='lat' dir='ltr'><strong>se</strong></span> <span class='ocrx_word' id='word_1_171' title='bbox 1063 3104 1207 3172; x_wconf 88' lang='lat' dir='ltr'><strong>laborare</strong></span> <span class='ocrx_word' id='word_1_172' title='bbox 1226 3105 1360 3186; x_wconf 87' lang='lat' dir='ltr'><strong>niueam,</strong></span> 
     </span>
    </p>
   </div>
   <div class='ocr_carea' id='block_1_11' title="bbox 27 3207 1361 3396">
    <p class='ocr_par' dir='ltr' id='par_1_11' title="bbox 27 3207 1361 3400">
     <span class='ocr_line' id='line_1_22' title="bbox 27 3207 1361 3293; baseline 0.002 -21"><span class='ocrx_word' id='word_1_173' title='bbox 27 3221 28 3224; x_wconf 73' lang='grc'>’</span> <span class='ocrx_word' id='word_1_174' title='bbox 129 3209 179 3275; x_wconf 91' lang='lat' dir='ltr'><strong>uei</strong></span> <span class='ocrx_word' id='word_1_175' title='bbox 201 3209 315 3274; x_wconf 90' lang='lat' dir='ltr'><strong>uineas</strong></span> <span class='ocrx_word' id='word_1_176' title='bbox 338 3207 429 3273; x_wconf 87' lang='lat' dir='ltr'><strong>alieni</strong></span> <span class='ocrx_word' id='word_1_177' title='bbox 451 3226 587 3290; x_wconf 87' lang='lat' dir='ltr'><strong>persone</strong></span> <span class='ocrx_word' id='word_1_178' title='bbox 603 3212 636 3272; x_wconf 87' lang='lat' dir='ltr'><strong>et</strong></span> <span class='ocrx_word' id='word_1_179' title='bbox 651 3227 713 3274; x_wconf 90' lang='lat' dir='ltr'><strong>non</strong></span> <span class='ocrx_word' id='word_1_180' title='bbox 735 3207 926 3274; x_wconf 87' lang='lat' dir='ltr'><strong>laborauerit</strong></span> <span class='ocrx_word' id='word_1_181' title='bbox 947 3210 1119 3276; x_wconf 85' lang='lat' dir='ltr'><strong>seeundum</strong></span> <span class='ocrx_word' id='word_1_182' title='bbox 1141 3215 1276 3293; x_wconf 82' lang='lat' dir='ltr'><strong>paetum,</strong></span> <span class='ocrx_word' id='word_1_183' title='bbox 1300 3211 1361 3277; x_wconf 90' lang='lat' dir='ltr'><strong>sol-</strong></span> 
     </span>
     <span class='ocr_line' id='line_1_23' title="bbox 130 3312 1361 3396; baseline 0.002 -18.768"><span class='ocrx_word' id='word_1_184' title='bbox 130 3319 185 3378; x_wconf 89' lang='lat' dir='ltr'><strong>uat</strong></span> <span class='ocrx_word' id='word_1_185' title='bbox 207 3331 365 3395; x_wconf 85' lang='lat' dir='ltr'><strong>yperpera</strong></span> <span class='ocrx_word' id='word_1_186' title='bbox 386 3312 523 3394; x_wconf 91' lang='lat' dir='ltr'><strong>quinque</strong></span> <span class='ocrx_word' id='word_1_187' title='bbox 547 3331 604 3395; x_wconf 89' lang='lat' dir='ltr'><strong>pro</strong></span> <span class='ocrx_word' id='word_1_188' title='bbox 628 3313 798 3378; x_wconf 84' lang='lat' dir='ltr'><strong>medietate</strong></span> <span class='ocrx_word' id='word_1_189' title='bbox 822 3313 975 3380; x_wconf 88' lang='lat' dir='ltr'><strong>eounnuui</strong></span> <span class='ocrx_word' id='word_1_190' title='bbox 998 3319 1031 3379; x_wconf 88' lang='lat' dir='ltr'><strong>et</strong></span> <span class='ocrx_word' id='word_1_191' title='bbox 1053 3314 1115 3380; x_wconf 86' lang='lat' dir='ltr'><strong>alie</strong></span> <span class='ocrx_word' id='word_1_192' title='bbox 1138 3319 1279 3396; x_wconf 88' lang='lat' dir='ltr'><strong>patrono,</strong></span> <span class='ocrx_word' id='word_1_193' title='bbox 1312 3316 1361 3380; x_wconf 88' lang='lat' dir='ltr'><strong>eui</strong></span> 
     </span>
    </p>
   </div>
   <div class='ocr_carea' id='block_1_12' title="bbox 130 3417 1362 3500">
    <p class='ocr_par' dir='ltr' id='par_1_12' title="bbox 27 3401 1362 3500">
     <span class='ocr_line' id='line_1_24' title="bbox 130 3417 1362 3500; baseline 0.001 -17.846"><span class='ocrx_word' id='word_1_194' title='bbox 130 3435 164 3483; x_wconf 90' lang='lat' dir='ltr'><strong>se</strong></span> <span class='ocrx_word' id='word_1_195' title='bbox 185 3417 392 3498; x_wconf 79' lang='lat' dir='ltr'><strong>obligauerit3</strong></span> <span class='ocrx_word' id='word_1_196' title='bbox 423 3422 456 3482; x_wconf 92' lang='lat' dir='ltr'><strong>et</strong></span> <span class='ocrx_word' id='word_1_197' title='bbox 478 3418 625 3484; x_wconf 88' lang='lat' dir='ltr'><strong>emendet</strong></span> <span class='ocrx_word' id='word_1_198' title='bbox 646 3419 814 3500; x_wconf 91' lang='lat' dir='ltr'><strong>dampnum</strong></span> <span class='ocrx_word' id='word_1_199' title='bbox 838 3425 970 3500; x_wconf 91' lang='lat' dir='ltr'><strong>patrono</strong></span> <span class='ocrx_word' id='word_1_200' title='bbox 994 3419 1033 3483; x_wconf 89' lang='lat' dir='ltr'><strong>ad</strong></span> <span class='ocrx_word' id='word_1_201' title='bbox 1057 3418 1290 3500; x_wconf 88' lang='lat' dir='ltr'><strong>prouidenoiam</strong></span> <span class='ocrx_word' id='word_1_202' title='bbox 1312 3437 1362 3484; x_wconf 90' lang='lat' dir='ltr'><strong>re-</strong></span> 
     </span>
    </p>
   </div>
   <div class='ocr_carea' id='block_1_13' title="bbox 27 3521 283 3604">
    <p class='ocr_par' dir='ltr' id='par_1_13' title="bbox 27 3521 283 3604">
     <span class='ocr_line' id='line_1_25' title="bbox 27 3521 283 3604; baseline 0 -18"><span class='ocrx_word' id='word_1_203' title='bbox 27 3561 29 3566; x_wconf 93' lang='lat'>·</span> <span class='ocrx_word' id='word_1_204' title='bbox 132 3521 283 3604; x_wconf 81' lang='lat' dir='ltr'><strong>giminis.⁷</strong></span> 
     </span>
    </p>
   </div>
   <div class='ocr_carea' id='block_1_14' title="bbox 177 3717 1363 3799">
    <p class='ocr_par' dir='ltr' id='par_1_14' title="bbox 177 3717 1363 3799">
     <span class='ocr_line' id='line_1_26' title="bbox 177 3717 1363 3799; baseline -0.002 -19"><span class='ocrx_word' id='word_1_205' title='bbox 177 3719 188 3753; x_wconf 91' lang='lat'>¹</span> <span class='ocrx_word' id='word_1_206' title='bbox 207 3723 283 3799; x_wconf 78' lang='lat' dir='ltr'><strong>„Per</strong></span> <span class='ocrx_word' id='word_1_207' title='bbox 297 3718 486 3798; x_wconf 83' lang='lat' dir='ltr'><strong>propinquos“</strong></span> <span class='ocrx_word' id='word_1_208' title='bbox 504 3719 585 3777; x_wconf 89' lang='lat' dir='ltr'><strong>deest</strong></span> <span class='ocrx_word' id='word_1_209' title='bbox 599 3718 629 3776; x_wconf 90' lang='lat' dir='ltr'><strong>iu</strong></span> <span class='ocrx_word' id='word_1_210' title='bbox 645 3719 721 3779; x_wconf 81' lang='lat' dir='ltr'><strong>(iod.</strong></span> <span class='ocrx_word' id='word_1_211' title='bbox 739 3717 819 3791; x_wconf 77' lang='lat' dir='ltr'><strong>Gap.</strong></span> <span class='ocrx_word' id='word_1_212' title='bbox 837 3717 980 3777; x_wconf 83' lang='lat' dir='ltr'><strong>Sententia</strong></span> <span class='ocrx_word' id='word_1_213' title='bbox 992 3719 1146 3793; x_wconf 87' lang='lat' dir='ltr'><strong>praesentis</strong></span> <span class='ocrx_word' id='word_1_214' title='bbox 1158 3717 1276 3793; x_wconf 82' lang='lat' dir='ltr'><strong>capituli</strong></span> <span class='ocrx_word' id='word_1_215' title='bbox 1288 3737 1363 3778; x_wconf 89' lang='lat' dir='ltr'><strong>oom-</strong></span> 
     </span>
    </p>
   </div>
   <div class='ocr_carea' id='block_1_15' title="bbox 28 3805 1362 3976">
    <p class='ocr_par' dir='ltr' id='par_1_15' title="bbox 28 3805 1362 3976">
     <span class='ocr_line' id='line_1_27' title="bbox 28 3805 1362 3888; baseline -0.004 -17"><span class='ocrx_word' id='word_1_216' title='bbox 28 3843 30 3852; x_wconf 73' lang='lat'>‚</span> <span class='ocrx_word' id='word_1_217' title='bbox 132 3811 226 3886; x_wconf 89' lang='lat' dir='ltr'><strong>pietur</strong></span> <span class='ocrx_word' id='word_1_218' title='bbox 248 3811 342 3884; x_wconf 87' lang='lat' dir='ltr'><strong>quoad</strong></span> <span class='ocrx_word' id='word_1_219' title='bbox 365 3808 493 3884; x_wconf 88' lang='lat' dir='ltr'><strong>modum,</strong></span> <span class='ocrx_word' id='word_1_220' title='bbox 524 3823 578 3880; x_wconf 92' lang='lat' dir='ltr'><strong>quo</strong></span> <span class='ocrx_word' id='word_1_221' title='bbox 601 3805 774 3864; x_wconf 84' lang='lat' dir='ltr'><strong>venditiones</strong></span> <span class='ocrx_word' id='word_1_222' title='bbox 799 3805 934 3864; x_wconf 89' lang='lat' dir='ltr'><strong>bonorum</strong></span> <span class='ocrx_word' id='word_1_223' title='bbox 957 3805 1018 3866; x_wconf 88' lang='lat' dir='ltr'><strong>fieri</strong></span> <span class='ocrx_word' id='word_1_224' title='bbox 1041 3807 1158 3888; x_wconf 83' lang='lat' dir='ltr'><strong>possint,</strong></span> <span class='ocrx_word' id='word_1_225' title='bbox 1188 3806 1362 3882; x_wconf 78' lang='lat' dir='ltr'><strong>praescripto</strong></span> 
     </span>
     <span class='ocr_line' id='line_1_28' title="bbox 28 3893 686 3976; baseline -0.017 -15"><span class='ocrx_word' id='word_1_226' title='bbox 28 3931 30 3976; x_wconf 75' lang='lat'>1</span> <span class='ocrx_word' id='word_1_227' title='bbox 132 3917 211 3973; x_wconf 87' lang='lat' dir='ltr'><strong>oap.</strong></span> <span class='ocrx_word' id='word_1_228' title='bbox 229 3896 384 3958; x_wconf 80' lang='lat' dir='ltr'><strong>cxnvln.</strong></span> <span class='ocrx_word' id='word_1_229' title='bbox 401 3895 519 3954; x_wconf 85' lang='lat' dir='ltr'><strong>inferius</strong></span> <span class='ocrx_word' id='word_1_230' title='bbox 533 3893 686 3967; x_wconf 89' lang='lat' dir='ltr'><strong>sequentis.</strong></span> 
     </span>
    </p>
   </div>
   <div class='ocr_carea' id='block_1_16' title="bbox 177 3981 1360 4063">
    <p class='ocr_par' dir='ltr' id='par_1_16' title="bbox 177 3981 1360 4063">
     <span class='ocr_line' id='line_1_29' title="bbox 177 3981 1360 4063; baseline -0.002 -19"><span class='ocrx_word' id='word_1_231' title='bbox 177 3984 303 4056; x_wconf 71' lang='lat' dir='ltr'><strong>²Quoad</strong></span> <span class='ocrx_word' id='word_1_232' title='bbox 318 4000 459 4063; x_wconf 84' lang='lat' dir='ltr'><strong>personae,</strong></span> <span class='ocrx_word' id='word_1_233' title='bbox 482 3981 585 4055; x_wconf 85' lang='lat' dir='ltr'><strong>quibus</strong></span> <span class='ocrx_word' id='word_1_234' title='bbox 610 3997 711 4040; x_wconf 88' lang='lat' dir='ltr'><strong>munus</strong></span> <span class='ocrx_word' id='word_1_235' title='bbox 733 3981 834 4040; x_wconf 85' lang='lat' dir='ltr'><strong>tutoris</strong></span> <span class='ocrx_word' id='word_1_236' title='bbox 849 3981 974 4056; x_wconf 89' lang='lat' dir='ltr'><strong>permitti</strong></span> <span class='ocrx_word' id='word_1_237' title='bbox 997 3985 1089 4056; x_wconf 90' lang='lat' dir='ltr'><strong>potest</strong></span> <span class='ocrx_word' id='word_1_238' title='bbox 1112 3983 1149 4042; x_wconf 88' lang='lat' dir='ltr'><strong>oi.</strong></span> <span class='ocrx_word' id='word_1_239' title='bbox 1174 3999 1249 4056; x_wconf 90' lang='lat' dir='ltr'><strong>oap.</strong></span> <span class='ocrx_word' id='word_1_240' title='bbox 1273 3981 1360 4042; x_wconf 80' lang='lat' dir='ltr'><strong>oxu.</strong></span> 
     </span>
    </p>
   </div>
   <div class='ocr_carea' id='block_1_17' title="bbox 29 4075 290 4148">
    <p class='ocr_par' dir='ltr' id='par_1_17' title="bbox 29 4075 290 4148">
     <span class='ocr_line' id='line_1_30' title="bbox 29 4075 290 4148; baseline -0.004 -15"><span class='ocrx_word' id='word_1_241' title='bbox 29 4123 30 4148; x_wconf 38' lang='lat'>2</span> <span class='ocrx_word' id='word_1_242' title='bbox 133 4075 290 4134; x_wconf 83' lang='lat' dir='ltr'><strong>Reform.</strong></span> 
     </span>
    </p>
   </div>
   <div class='ocr_carea' id='block_1_18' title="bbox 29 4159 1364 4834">
    <p class='ocr_par' dir='ltr' id='par_1_18' title="bbox 176 4159 524 4230">
     <span class='ocr_line' id='line_1_31' title="bbox 176 4159 524 4230; baseline -0.011 -10"><span class='ocrx_word' id='word_1_243' title='bbox 176 4159 190 4196; x_wconf 82' lang='lat'><strong>³</strong></span> <span class='ocrx_word' id='word_1_244' title='bbox 204 4163 292 4220; x_wconf 88' lang='lat' dir='ltr'><strong>Deest</strong></span> <span class='ocrx_word' id='word_1_245' title='bbox 306 4159 334 4218; x_wconf 93' lang='lat' dir='ltr'><strong>in</strong></span> <span class='ocrx_word' id='word_1_246' title='bbox 351 4159 428 4218; x_wconf 73' lang='lat' dir='ltr'><strong>(iod.</strong></span> <span class='ocrx_word' id='word_1_247' title='bbox 446 4159 524 4230; x_wconf 83' lang='lat' dir='ltr'><strong>cap.</strong></span> 
     </span>
    </p>

    <p class='ocr_par' dir='ltr' id='par_1_19' title="bbox 177 4239 610 4326">
     <span class='ocr_line' id='line_1_32' title="bbox 177 4239 610 4326; baseline -0.009 -16"><span class='ocrx_word' id='word_1_248' title='bbox 177 4246 189 4281; x_wconf 86' lang='lat'><strong>⁴</strong></span> <span class='ocrx_word' id='word_1_249' title='bbox 206 4244 255 4310; x_wconf 86' lang='lat' dir='ltr'><strong>Co</strong></span> <span class='ocrx_word' id='word_1_250' title='bbox 266 4250 293 4308; x_wconf 91' lang='lat' dir='ltr'><strong>d.</strong></span> <span class='ocrx_word' id='word_1_251' title='bbox 309 4249 407 4320; x_wconf 76' lang='lat' dir='ltr'><strong>Gap:</strong></span> <span class='ocrx_word' id='word_1_252' title='bbox 425 4239 610 4326; x_wconf 81' lang='lat' dir='ltr'><strong>„detestari“.</strong></span> 
     </span>
    </p>

    <p class='ocr_par' dir='ltr' id='par_1_20' title="bbox 29 4329 1364 4670">
     <span class='ocr_line' id='line_1_33' title="bbox 177 4329 1364 4412; baseline -0.006 -15.887"><span class='ocrx_word' id='word_1_253' title='bbox 177 4333 297 4410; x_wconf 69' lang='lat' dir='ltr'><strong>‘&#39;Super</strong></span> <span class='ocrx_word' id='word_1_254' title='bbox 320 4351 364 4394; x_wconf 89' lang='lat' dir='ltr'><strong>res</strong></span> <span class='ocrx_word' id='word_1_255' title='bbox 387 4349 454 4392; x_wconf 87' lang='lat' dir='ltr'><strong>sues</strong></span> <span class='ocrx_word' id='word_1_256' title='bbox 477 4333 593 4391; x_wconf 90' lang='lat' dir='ltr'><strong>mobiles</strong></span> <span class='ocrx_word' id='word_1_257' title='bbox 617 4331 747 4390; x_wconf 82' lang='lat' dir='ltr'><strong>mulieres</strong></span> <span class='ocrx_word' id='word_1_258' title='bbox 770 4331 856 4390; x_wconf 89' lang='lat' dir='ltr'><strong>libere</strong></span> <span class='ocrx_word' id='word_1_259' title='bbox 879 4331 981 4391; x_wconf 87' lang='lat' dir='ltr'><strong>testari</strong></span> <span class='ocrx_word' id='word_1_260' title='bbox 1004 4347 1094 4412; x_wconf 74' lang='lat' dir='ltr'><strong>posse,</strong></span> <span class='ocrx_word' id='word_1_261' title='bbox 1118 4347 1150 4388; x_wconf 83' lang='lat' dir='ltr'><strong>ex</strong></span> <span class='ocrx_word' id='word_1_262' title='bbox 1173 4331 1313 4390; x_wconf 88' lang='lat' dir='ltr'><strong>sententia</strong></span> <span class='ocrx_word' id='word_1_263' title='bbox 1335 4329 1364 4389; x_wconf 93' lang='lat' dir='ltr'><strong>in</strong></span> 
     </span>
     <span class='ocr_line' id='line_1_34' title="bbox 29 4409 1361 4504; baseline -0.004 -21"><span class='ocrx_word' id='word_1_264' title='bbox 29 4409 32 4504; x_wconf 66' lang='lat' dir='ltr'><strong>&#39;j</strong></span> <span class='ocrx_word' id='word_1_265' title='bbox 134 4441 207 4499; x_wconf 83' lang='lat' dir='ltr'><strong>sap.</strong></span> <span class='ocrx_word' id='word_1_266' title='bbox 232 4421 344 4482; x_wconf 79' lang='lat' dir='ltr'>CXXX.</span> <span class='ocrx_word' id='word_1_267' title='bbox 369 4422 398 4482; x_wconf 89' lang='lat' dir='ltr'><strong>h.</strong></span> <span class='ocrx_word' id='word_1_268' title='bbox 422 4420 569 4478; x_wconf 87' lang='lat' dir='ltr'><strong>Statuti</strong></span> <span class='ocrx_word' id='word_1_269' title='bbox 593 4421 734 4480; x_wconf 77' lang='lat' dir='ltr'><strong>declarata</strong></span> <span class='ocrx_word' id='word_1_270' title='bbox 765 4419 883 4478; x_wconf 82' lang='lat' dir='ltr'><strong>constat.</strong></span> <span class='ocrx_word' id='word_1_271' title='bbox 913 4419 1062 4480; x_wconf 74' lang='lat' dir='ltr'><strong>statium</strong></span> <span class='ocrx_word' id='word_1_272' title='bbox 1087 4435 1172 4492; x_wconf 89' lang='lat' dir='ltr'><strong>supra</strong></span> <span class='ocrx_word' id='word_1_273' title='bbox 1201 4435 1278 4492; x_wconf 88' lang='lat' dir='ltr'><strong>oap.</strong></span> <span class='ocrx_word' id='word_1_274' title='bbox 1301 4417 1361 4478; x_wconf 84' lang='lat' dir='ltr'><strong>XL.</strong></span> 
     </span>
     <span class='ocr_line' id='line_1_35' title="bbox 30 4505 291 4571; baseline 0 -1"><span class='ocrx_word' id='word_1_275' title='bbox 30 4505 32 4546; x_wconf 66' lang='lat'><em>³</em></span> <span class='ocrx_word' id='word_1_276' title='bbox 134 4510 291 4571; x_wconf 88' lang='lat' dir='ltr'><strong>Statnti.</strong></span> 
     </span>
     <span class='ocr_line' id='line_1_36' title="bbox 30 4575 537 4670; baseline -0.006 -11"><span class='ocrx_word' id='word_1_277' title='bbox 30 4575 32 4618; x_wconf 35' lang='grc' dir='ltr'>ἶ</span> <span class='ocrx_word' id='word_1_278' title='bbox 178 4595 338 4658; x_wconf 66' lang='lat' dir='ltr'><strong>⁶Deestin</strong></span> <span class='ocrx_word' id='word_1_279' title='bbox 355 4597 437 4656; x_wconf 79' lang='lat' dir='ltr'><strong>(iod.</strong></span> <span class='ocrx_word' id='word_1_280' title='bbox 456 4593 537 4670; x_wconf 85' lang='lat' dir='ltr'><strong>Cap.</strong></span> 
     </span>
    </p>

    <p class='ocr_par' dir='ltr' id='par_1_21' title="bbox 30 4679 1360 4834">
     <span class='ocr_line' id='line_1_37' title="bbox 30 4679 1360 4764; baseline -0.006 -18"><span class='ocrx_word' id='word_1_281' title='bbox 30 4717 32 4764; x_wconf 50' lang='lat'><strong>4</strong></span> <span class='ocrx_word' id='word_1_282' title='bbox 179 4684 350 4759; x_wconf 79' lang='lat' dir='ltr'><strong>⁷0biigatio</strong></span> <span class='ocrx_word' id='word_1_283' title='bbox 364 4683 493 4744; x_wconf 82' lang='lat' dir='ltr'><strong>vinitoris</strong></span> <span class='ocrx_word' id='word_1_284' title='bbox 507 4684 640 4743; x_wconf 86' lang='lat' dir='ltr'><strong>disertius</strong></span> <span class='ocrx_word' id='word_1_285' title='bbox 662 4683 798 4742; x_wconf 85' lang='lat' dir='ltr'><strong>statuitur</strong></span> <span class='ocrx_word' id='word_1_286' title='bbox 817 4679 1010 4742; x_wconf 81' lang='lat' dir='ltr'><strong>reformatione</strong></span> <span class='ocrx_word' id='word_1_287' title='bbox 1034 4683 1088 4741; x_wconf 90' lang='lat' dir='ltr'><strong>sub</strong></span> <span class='ocrx_word' id='word_1_288' title='bbox 1111 4697 1186 4755; x_wconf 87' lang='lat' dir='ltr'><strong>oap.</strong></span> <span class='ocrx_word' id='word_1_289' title='bbox 1213 4679 1277 4740; x_wconf 80' lang='lat' dir='ltr'><strong>vri.</strong></span> <span class='ocrx_word' id='word_1_290' title='bbox 1300 4679 1360 4738; x_wconf 84' lang='lat' dir='ltr'><strong>Be·</strong></span> 
     </span>
     <span class='ocr_line' id='line_1_38' title="bbox 30 4767 356 4834; baseline 0 -2"><span class='ocrx_word' id='word_1_291' title='bbox 30 4767 31 4778; x_wconf 70' lang='grc'>’</span> <span class='ocrx_word' id='word_1_292' title='bbox 140 4773 152 4832; x_wconf 90' lang='lat' dir='ltr'><strong>i</strong></span> <span class='ocrx_word' id='word_1_293' title='bbox 160 4791 242 4834; x_wconf 80' lang='lat' dir='ltr'><strong>orm.</strong></span> <span class='ocrx_word' id='word_1_294' title='bbox 258 4773 356 4833; x_wconf 83' lang='lat' dir='ltr'><strong>nitate.</strong></span> 
     </span>
    </p>
   </div>
   <div class='ocr_carea' id='block_1_19' title="bbox 0 0 1740 5368">
    <p class='ocr_par' dir='ltr' id='par_1_22' title="bbox 0 0 1740 5368">
     <span class='ocr_line' id='line_1_39' title="bbox 0 0 1740 5368; baseline 0 0"><span class='ocrx_word' id='word_1_295' title='bbox 0 0 1740 5368; x_wconf 95' lang='lat' dir='ltr'><strong> </strong></span> 
     </span>
    </p>
   </div>
  </div>
 </body>
</html>
