3376 5392
356 465 416 528 leo

396 670 755 754 Respondentur,
788 673 873 754 quod
903 675 978 756 quie
1009 693 1066 756 pro
1098 677 1259 758 praesenti
1290 678 1330 744 de
1361 697 1402 744 11
1428 697 1508 760 opus
1529 697 1588 746 nan

355 774 482 857 habent,
516 778 643 860 quando
673 796 754 860 opus
783 778 956 861 habebunt,
986 780 1224 862 prouidebimus
1254 781 1299 847 illi
1322 782 1446 848 ciuitati
1468 789 1589 850 nocuae

356 884 392 944 et
413 879 454 946 de
475 879 560 948 fusto
582 885 617 948 et
640 881 679 948 de
702 883 795 967 galea
816 884 899 949 siout
920 903 1057 980 necesse.
1072 883 1140 953 fore
1163 887 1417 970 cognouerimus.

399 984 505 1064 Quare
521 986 714 1055 authoritate
730 987 948 1071 suprascripta
963 990 1052 1058 uobis
1067 989 1262 1072 mandamus,
1279 991 1364 1072 quod
1380 993 1603 1075 suprascripto,

353 1090 494 1173 capitula
527 1097 561 1158 et
594 1097 744 1159 contenta
775 1093 808 1158 in
842 1093 888 1160 eis
921 1095 1095 1161 obseruare
1117 1099 1150 1163 et
1171 1095 1337 1162 obseruari
1370 1097 1589 1166 inuiolabiliter

353 1195 459 1262 lacere
490 1197 642 1278 debeatis,
674 1197 824 1264 facientes
853 1199 910 1266 has
941 1205 1067 1268 nostras
1095 1200 1219 1268 litteras
1242 1201 1275 1266 in
1297 1202 1489 1268 cancellaria
1509 1201 1583 1269 (lur-

355 1301 446 1368 aulae
467 1301 508 1368 ad
530 1302 708 1369 futurorum
731 1305 914 1371 memoriam
936 1307 1100 1389 registrari
1123 1312 1156 1372 et
1177 1306 1363 1390 registratas
1386 1307 1585 1374 (1111111111-

354 1406 502 1472 munitati
524 1407 659 1474 restitui.

397 1509 516 1577 Datum
538 1513 570 1577 in
593 1517 703 1579 nostro
727 1511 830 1578 ducali
853 1512 971 1596 palatio
995 1514 1116 1580 1111111.
1141 1515 1260 1584 mensis
1282 1515 1476 1583 Nouembris
1498 1515 1586 1583 indic

353 1615 440 1682 tione
462 1616 656 1682 duodecima.
681 1616 882 1701 Mccccxlviij.

561 1739 589 1804 A
618 1739 684 1807 ter
723 1760 761 1807 o:

397 1841 564 1910 Nobilibus
579 1850 612 1911 et
628 1761 823 1927 sapiintibus
839 1843 914 1912 viris
926 1845 1094 1913 Francisoo
1109 1847 1296 1922 Lombardo‚
1314 1846 1422 1914 comiti
1438 1845 1586 1913 0111111111

356 1952 389 2014 11
411 1949 646 2017 successoribus
669 1951 744 2016 suis.
1674 1967 1676 2048 1

707 2219 799 2261 xxm.
823 2219 957 2262 11111111
978 2217 1111 2264 oceanas
1133 2205 1242 2277 xvna',

354 2299 382 2353 in
407 2313 462 2367 qua
484 2297 619 2367 statuitur,
644 2297 717 2368 quod
740 2297 864 2354 dominus
888 2299 1013 2356 Andreas
1031 2299 1146 2355 Susiano
1173 2298 1292 2356 sindicus
1316 2315 1370 2355 non
1395 2299 1481 2355 iaciat
1499 2303 1585 2356 ooutnr

852 2385 960 2443 ordines
979 2386 1096 2443 dueeles.
1423 2399 1428 2408 ·

401 2525 586 2594 neaeman
610 2525 750 2610 Fossam,
773 2526 835 2592 Dei
853 2529 960 2613 pratia
983 2528 1049 2594 dac
1078 2527 1274 2594 Veratianum
1296 2536 1349 2595 etc.

399 2649 565 2717 Nobilibus
588 2655 621 2718 et
644 2650 842 2734 sapientibus
864 2651 938 2716 viris
961 2651 1129 2718 Francisco
1152 2651 1341 2730 Lombardo,
1367 2649 1408 2718 de
1433 2668 1585 2717 111111111-

357 2755 432 2822 dato
455 2755 563 2821 comiti
586 2753 742 2822 Ourzulae
765 2761 799 2822 et
820 2756 1055 2822 successoribus
1072 2755 1138 2822 suis
1153 2754 1299 2844 fidelibus
1315 2755 1442 2823 dilectis
1458 2756 1585 2823 salutem

356 2865 389 2927 et
411 2859 588 2927 dilectionis
611 2858 769 2928 affectum.

399 2966 463 3032 Per
492 2971 637 3034 oratores
666 2965 752 3032 illius
782 2964 985 3040 fidelissimae
1015 2966 1248 3032 communitatis
1277 2971 1407 3032 nostrae
1435 2964 1586 3032 1111111111

355 3072 448 3140 nobis
478 3073 658 3154 expositum
688 3076 747 3152 est,
777 3071 862 3154 quod
892 3089 951 3152 per
978 3069 1585 3148 11111111111111111111111111181111111111

356 3177 510 3244 sindicum
541 3181 694 3256 nostrum,
726 3175 852 3257 quando
882 3175 926 3242 ibi
957 3173 1026 3254 fuit,
1057 3175 1124 3240 dati
1151 3171 1282 3242 luerunt
1308 3175 1387 3242 certi
1409 3174 1537 3242 ordines
1557 3177 1588 3242 et

355 3280 459 3348 factae
490 3280 615 3362 aliquae
645 3281 844 3363 prouisiones
879 3279 911 3345 in
946 3279 1030 3346 facto
1064 3280 1278 3347 custodiarum
1309 3285 1342 3346 et
1373 3279 1586 3362 operariorum

356 3392 466 3454 contra
488 3384 620 3452 formam
642 3385 809 3469 priuilegij,
834 3403 890 3452 seu
905 3385 1084 3454 litterarum
1100 3391 1130 3452 et
1147 3385 1382 3452 concessionum
1397 3391 1585 3466 nostrarum,

355 3489 511 3558 factarum
540 3491 644 3556 dictae
674 3490 905 3576 communitati3
937 3490 977 3557 de
1004 3507 1068 3572 qua
1088 3509 1124 3556 re
1146 3489 1242 3555 ualde
1262 3490 1367 3556 mirati
1390 3507 1518 3557 sumus:
1546 3489 1588 3557 sic

356 3596 490 3664 diximus
512 3595 597 3662 dicto
619 3613 680 3662 ser.
704 3595 839 3676 Andrae,
870 3595 954 3678 quod
976 3613 1040 3662 non
1063 3600 1113 3661 est
1135 3593 1175 3660 de
1193 3593 1274 3675 foro,
1297 3613 1354 3661 seu
1376 3595 1511 3662 arbitrio
1533 3613 1587 3662 suo

356 3702 524 3784 corrigere,
548 3701 602 3766 uel
622 3699 748 3766 uariare
771 3699 1014 3768 deliberationes
1032 3703 1065 3766 11
1080 3700 1296 3766 concessiones
1312 3704 1446 3766 nostras.
1469 3699 1587 3766 Idcirco

356 3806 542 3872 mandamus
564 3807 664 3886 uobis,
689 3805 774 3886 quod
797 3823 860 3871 non
882 3807 1030 3872 obstante
1052 3805 1158 3888 aliquo
1180 3806 1290 3871 ordine
1312 3805 1387 3870 dato
1408 3805 1586 3888 peripsum

355 3910 552 3976 Andream
544 3928 576 3974 m
606 3908 691 3976 lacto
723 3909 878 3975 dictarum
910 3916 981 3976 cust
967 3911 1191 3977 todiarumt
1157 3914 1191 3976 et
1221 3927 1361 3991 operum,
1393 3927 1455 3975 nee
1485 3910 1587 3992 aliqrm

356 4015 583 4082 deliberatione
613 4033 771 4096 pereum
801 4015 923 4082 facta
914 4035 947 4081 m
974 4015 1030 4080 illa
1058 4017 1192 4081 materia
1224 4015 1458 4082 obseruare
1423 4019 1458 4081 e
1480 4013 1586 4098 exequi

355 4119 498 4186 debeatis
528 4119 702 4204 priuilegia
733 4119 920 4186 litterast
886 4125 920 4186 et
948 4121 1166 4187 concessiones
1197 4139 1254 4202 per
1283 4138 1341 4186 nos
1363 4119 1465 4188 iactae
1489 4121 1586 4187 dictae
1673 4097 1676 4266 1

356 4225 574 4290 communitati
596 4225 636 4290 ad
660 4224 712 4290 litt
698 4230 798 4290 teram
820 4224 901 4291 sicut
920 4224 1036 4291 iacent

398 4331 462 4396 Dat
449 4335 516 4395 tum
538 4329 571 4394 in
601 4333 674 4396 nost
675 4348 710 4394 ro
660 4329 836 4394 tdu'cali
859 4329 978 4412 palatio
1002 4329 1054 4395 dre
1076 4347 1105 4395 ι
1128 4330 1246 4396 mensis
1268 4328 1397 4412 Aprilis
1420 4329 1585 4397 indictione
1673 4277 1676 4456 1

355 4433 552 4501 duodecima.
577 4433 755 4500 Mccccxlix.
1674 4441 1676 4558 1

561 4557 633 4623 At
619 4563 762 4640 tergo:

401 4661 636 4729 Nobilibust
602 4668 636 4728 et
664 4663 861 4744 sapientibus
889 4665 965 4730 viris
987 4664 1154 4730 Francisco
1176 4662 1357 4729 bombardo
1380 4661 1487 4729 comiti
1510 4659 1579 4728 Cur·

353 4768 444 4836 culae
466 4775 499 4835 et
521 4768 755 4834 successoribus
778 4769 854 4834 suis.

1660 5129 1676 5357 l
