3398 5354
328 423 390 486 248

327 626 372 692 Et
397 625 472 690 dicti
503 625 625 692 iudices
662 624 872 704 nonpossint
902 623 1039 704 aliquam
1070 624 1263 688 sentenciam
1291 623 1368 688 dare
1389 641 1411 686 a
1431 621 1554 704 quinque

327 728 419 794 libris
442 747 539 810 supra
561 730 630 795 sine
654 729 788 794 consilio
812 733 846 793 et
869 745 1024 794 consensu
1047 726 1123 792 dicti
1145 727 1288 810 rectoris,
1312 729 1338 791 si
1355 727 1424 806 ipse
1439 726 1478 790 ad
1491 743 1554 807 pre

328 832 413 897 dieta
436 833 572 898 uoluerit
594 833 761 904 interesse,
798 850 890 912 quem
917 832 1100 913 specialiter
1128 831 1289 912 requirere
1318 834 1492 894 teneantur.
1519 830 1555 894 Et

203 951 204 954 ’
330 936 358 1000 si
381 936 488 1017 aliqua
510 937 646 1017 partium
671 936 811 1002 uoluerit
833 942 867 1001 et
889 936 1012 1014 dixerit,
1041 935 1125 1016 quod
1147 935 1209 1016 ipsi
1231 935 1353 1000 iudices
1375 951 1438 999 non
1459 951 1555 1014 proce

332 1039 410 1104 dant
433 1039 473 1104 ad
497 1042 688 1106 sententiam
715 1043 784 1106 sine
807 1039 936 1104 consilio
960 1040 1091 1116 comitis,
1127 1045 1203 1104 tunc
1225 1038 1345 1104 iudices
1368 1041 1558 1119 nonpossint

332 1142 469 1224 aliquam
494 1145 683 1209 sententiam
708 1146 796 1209 ferre
812 1163 873 1209 non
889 1143 1042 1224 requisito
1066 1141 1196 1209 oonsilio
1219 1142 1294 1206 dicti
1311 1142 1426 1207 domini
1449 1141 1556 1207 comitis

335 1247 410 1311 etsi
427 1249 618 1312 sententiam
643 1249 784 1325 tulerint,
808 1265 870 1312 non
894 1247 1003 1311 ualeat
1024 1251 1095 1327 ipso
1118 1249 1196 1312 iure.
1220 1246 1283 1312 Sed
1298 1247 1324 1310 si
1341 1263 1417 1326 pars
1438 1243 1557 1309 tacuerit

332 1353 368 1414 et
385 1351 543 1416 sententia
558 1349 656 1416 fuerit
671 1352 738 1417 lata
754 1369 812 1433 per
827 1351 912 1416 solos
927 1350 1058 1424 iudices,
1080 1350 1206 1431 plenam
1223 1349 1367 1415 obtineat
1381 1347 1555 1414 firmitatem

338 1595 407 1639 on.
432 1595 487 1638 XX.
517 1598 559 1638 DE
581 1598 671 1653 mle,
702 1598 758 1650 om
778 1597 875 1642 smmi
897 1599 937 1640 M
959 1599 1061 1642 SEMEB
1089 1599 1154 1640 lton
1176 1597 1310 1640 Possum·
1339 1597 1413 1639 ESSE
1440 1597 1557 1640 mmm

380 1713 464 1778 Item
486 1717 639 1779 statutum
655 1719 689 1779 et
705 1715 884 1780 ordinatum
900 1714 974 1796 est1,
999 1713 1086 1794 quod
1104 1713 1196 1778 simul
1212 1719 1244 1778 et
1260 1713 1360 1777 semel
1375 1712 1560 1793 nonpossint

340 1834 410 1882 esse
432 1816 553 1882 iudices
576 1817 630 1899 hij,
661 1817 714 1882 uel
736 1836 818 1883 unus
841 1817 946 1891 index,
981 1817 1080 1882 alter⁹
1105 1818 1280 1882 aduncatus
1302 1816 1356 1881 uel
1379 1815 1559 1882 consiliarius
1667 1831 1668 1836 ’

341 1927 435 2004 peter
457 1926 490 1986 et
512 1921 604 2004 filius,
638 1923 689 1987 uel
712 1923 774 1988 duo
797 1923 837 1988 de
860 1923 963 2001 dictis,
993 1921 1111 1988 fratres
1134 1920 1278 1986 carnales
1301 1920 1354 1986 uel
1379 1921 1441 1984 duo
1462 1920 1561 1985 batres
1667 1989 1668 2008 ἦ

337 2025 528 2102 consobrini,
552 2025 603 2092 uel
626 2033 761 2107 patruus
776 2032 809 2093 et
825 2044 925 2108 nepos
949 2026 1095 2105 carnalis,
1118 2026 1171 2090 uel
1189 2025 1339 2089 uictricus
1356 2031 1389 2089 et
1403 2023 1559 2108 priuignus,

337 2146 392 2193 sex
422 2145 461 2191 ex
488 2130 692 2211 consiliariis³
713 2130 766 2194 uel
800 2130 852 2211 ulij
881 2130 1065 2195 habitantes
1096 2129 1190 2194 simul
1220 2129 1252 2192 in
1281 2147 1346 2193 uua
1375 2126 1465 2192 domo
1485 2131 1515 2192 et
1532 2127 1560 2191 in
1666 2119 1668 2186 ζ

337 2249 401 2296 una
421 2231 549 2297 familia.

374 2461 443 2505 orn.
467 2463 533 2504 xx1.
562 2462 645 2513 ouon
669 2462 794 2505 runruns
816 2462 881 2504 nors
903 2462 939 2504 sn
962 2462 1144 2505 ausurum
1166 2463 1188 2504 a
1210 2461 1356 2506 ornmnrs
1378 2437 1522 2505 erumm‘.

382 2577 466 2643 Item
490 2576 575 2658 quod
591 2577 666 2641 dicti
685 2577 812 2659 iudices
839 2578 892 2660 qui
916 2578 1035 2644 debent
1057 2578 1224 2660 sentennjs
1240 2585 1273 2645 ct
1287 2579 1458 2660 propositis
1478 2578 1560 2642 inter·

343 2699 416 2748 esse
439 2681 479 2747 de
500 2687 568 2746 toto
592 2687 738 2763 tempore
761 2681 856 2747 trium
878 2684 1032 2748 mensium
1057 2701 1166 2748 eorum
1192 2681 1282 2765 offitij
1304 2683 1509 2763 nonpossint
1531 2699 1560 2746 se
1666 2667 1668 2740 ἶ

344 2785 513 2850 absentare
537 2805 556 2850 a
579 2785 709 2851 ciuitate
725 2785 847 2868 Spalati
872 2787 973 2851 ultra⁶
987 2805 1027 2851 xv
1051 2785 1129 2868 dies,
1153 2804 1211 2852 nec
1234 2787 1347 2869 aliquis
1371 2788 1483 2852 absens
1497 2783 1561 2866 eligi
1666 2815 1668 2828 ι

337 2887 454 2953 debeat
477 2889 518 2952 ad
542 2889 661 2954 dictum
684 2888 827 2968 offitium,
851 2891 905 2972 qui
928 2909 963 2956 se
987 2891 1135 2956 absentet
1157 2909 1177 2954 a
1199 2891 1329 2956 ciuitate
1347 2889 1470 2973 Spalati
1489 2889 1561 2954 ultre
1667 2883 1668 2896 ’

337 2990 439 3057 dictos
462 3010 502 3056 xv
525 2993 605 3071 dies,
628 2992 688 3058 nisi
713 3013 748 3060 se
770 2993 959 3059 absentaret
980 3012 1038 3075 pro
1062 2993 1194 3060 seruicio
1211 2995 1293 3060 etin
1315 2994 1470 3060 bassiata⁸
1490 3010 1560 3058 com·
1666 3049 1668 3106 ᾗ

336 3113 449 3160 munis.

382 3197 426 3263 Et
448 3216 506 3280 per
529 3199 686 3266 electores
717 3201 805 3281 curie
827 3201 909 3267 alter
931 3202 1025 3268 iudex
1049 3202 1204 3285 eligatur⁷
1226 3202 1256 3266 in
1280 3201 1385 3268 locum
1407 3201 1496 3282 illins,
1517 3199 1562 3281 qui
1666 3203 1668 3262 i

337 3319 373 3366 se
397 3301 617 3369 absentauerit
637 3309 669 3370 et
692 3304 807 3370 absens
831 3303 928 3371 fuerit
950 3305 990 3370 ab
1013 3305 1114 3373 offitio
1138 3305 1348 3388 supradicto⁸.

436 3549 503 3592 OAP·
526 3552 607 3594 xxn.
632 3551 714 3604 QUOD
736 3553 861 3597 lomene
884 3553 1031 3596 nnsm's
1052 3554 1126 3596 ESSE
1147 3553 1301 3596 mortuns
1323 3553 1479 3596 TRIGIM'A.

386 3665 479 3743 item,
505 3667 589 3747 quod
613 3667 746 3747 quilibet
768 3669 807 3734 de
831 3669 923 3734 dictis
945 3670 1047 3734 tribus
1071 3670 1227 3735 iudicibus
1250 3669 1368 3736 debeat
1390 3687 1460 3734 esse
1481 3667 1562 3747 etatis
1667 3667 1668 3750 Ϊ

342 3768 488 3834 adminus
510 3771 595 3834 ma
618 3789 772 3836 annorum
795 3777 828 3838 et
849 3775 877 3838 si
899 3773 1030 3853 minus⁹‚
1056 3773 1169 3838 electio
1193 3791 1254 3838 non
1277 3773 1385 3837 ualeat
1408 3779 1441 3838 et
1461 3773 1563 3840 elector
1666 3791 1668 3852 t

340 3872 382 3936 sit
404 3872 559 3952 periurus.

383 3974 508 4040 Idem1⁰
529 3977 562 4041 in
585 3978 864 4045 examinatoribus

385 4166 396 4202 ¹
422 4174 583 4252 „statrrtum
607 4175 635 4230 ct
659 4172 825 4230 ordinatum
846 4171 910 4232 est“
936 4173 1019 4231 deest
1040 4171 1070 4230 in
1093 4172 1172 4231 cod.
1196 4171 1302 4234 acad.
1325 4171 1396 4233 Bet
1413 4189 1460 4248 ap.
1476 4171 1568 4248 Ljub.

342 4251 427 4331 'Ap
452 4257 477 4314 L
482 4257 582 4332 jub:
608 4258 674 4338 „uel
697 4258 802 4317 alter“.
874 4255 885 4292 ⁸
906 4257 1018 4318 ibici:
1045 4275 1117 4338 „sex
1139 4255 1331 4332 consiliarij“.
1396 4255 1407 4291 ⁴
1430 4255 1565 4336 „spalat”

339 4342 422 4402 deest
451 4343 480 4400 in
510 4343 592 4402 cod.
625 4345 730 4403 acad.
761 4345 838 4403 Bet
860 4361 908 4418 ap.
939 4345 1049 4420 Ljub.
1163 4339 1251 4419 ὅΔρ.
1283 4343 1413 4419 Ljub.:
1439 4345 1568 4421 „dictos“.

347 4425 489 4489 libia:
516 4429 745 4503 „ambasciata“.
831 4427 843 4464 ⁷
865 4429 978 4490 ibit:
1004 4424 1143 4512 „eligat“.
1230 4426 1375 4490 ⁸ibid.:
1402 4431 1570 4510 „predicto“.

346 4509 837 4590 ⁹„etsiminus“deestibid.
909 4509 1184 4597 1⁰ibitl.:‚‚sit⁴'.
1459 4515 1467 4530 ⁶
