3416 5350
353 409 412 470 126

349 611 460 678 eadem
476 613 752 694 consenquinitate
775 630 846 677 cum
868 630 917 693 eo,
941 631 961 678 a
979 631 1042 694 quo
1056 613 1195 694 petierit,
1218 617 1367 678 teneatur
1381 612 1519 694 probare
1533 630 1591 694 per

347 715 504 797 ydoneam
535 715 764 797 probationem,
799 715 885 796 quod
915 717 1139 796 patrimonium
1171 716 1314 798 petitum,
1350 716 1404 783 uel
1433 716 1596 798 possessio

350 817 411 884 suit
434 838 562 884 suorum
587 825 839 900 antecessorum,
871 818 992 885 scilicet
1013 838 1145 888 auorum
1174 838 1304 886 suorum
1327 827 1362 886 et
1392 821 1476 902 quod
1499 821 1599 902 paui-

350 923 489 987 monium
513 941 576 986 non
598 922 659 988 fuit
680 923 835 995 diuisum
859 926 935 989 tunc
956 923 1125 1006 possidens
1146 924 1269 1007 petenti
1293 927 1444 990 teneatur
1462 941 1596 1005 respun-

349 1028 426 1092 dero
449 1033 481 1092 et
506 1027 664 1092 iusticiam
687 1025 802 1092 facere.
828 1025 861 1090 Si
884 1045 961 1093 uero
985 1035 1098 1109 petens
1121 1027 1305 1109 supradicta
1320 1045 1384 1094 uon
1400 1029 1594 1109 probauerit,

351 1139 426 1194 tuuc
449 1131 615 1212 possidens
638 1115 787 1195 teneatur
810 1129 999 1196 ‹luodecima
1021 1150 1115 1197 rnanu
1139 1130 1222 1197 infra
1237 1133 1413 1198 secundum
1428 1121 1594 1197 arbitrium

351 1235 438 1314 curie
461 1234 576 1307 iurare,
609 1235 693 1314 quod
716 1233 820 1316 ipsum
842 1235 1066 1316 patrimonium
1095 1234 1197 1302 nescit
1227 1253 1298 1302 esse
1329 1251 1504 1314 commuue,
1538 1249 1595 1300 nec

352 1355 491 1418 unquam
515 1357 534 1402 a
556 1355 613 1403 suo
636 1347 727 1420 putre
749 1338 883 1421 audiuit,
907 1337 987 1404 illud
1010 1357 1082 1406 esse
1104 1339 1295 1416 indiuisum3
1324 1343 1360 1404 et
1389 1357 1481 1404 suum
1512 1337 1592 1403 obti-

353 1445 427 1506 neat
450 1441 683 1522 patrimonium.

450 1671 517 1714 ΟᾸΡ.
542 1671 649 1714 cml.
675 1672 757 1724 QUOD
780 1673 861 1715 mal-I
884 1672 948 1715 NON
970 1672 1096 1716 POSSIN'P
1120 1673 1305 1715 nummus
1327 1671 1498 1714 annum.

396 1785 476 1852 Item
499 1791 654 1852 statutum
678 1794 711 1854 et
733 1788 914 1852 ordinatum
937 1793 996 1867 est,
1020 1789 1106 1869 quod
1131 1785 1189 1869 filij
1213 1787 1266 1853 uel
1289 1787 1355 1868 filie
1371 1791 1531 1868 nequeant
1545 1805 1595 1853 ex·

352 1890 474 1971 pellere
496 1909 571 1956 suos
595 1897 753 1972 parentes
778 1891 900 1958 scilicet
922 1900 1046 1973 patrem
1069 1897 1103 1957 et
1119 1898 1264 1969 matrem,
1288 1911 1383 1958 auum
1400 1891 1453 1957 uel
1468 1891 1591 1956 anniam

354 1994 407 2059 uel
430 1995 611 2076 superiores
635 2013 674 2059 ex
696 1995 780 2060 linea
801 1997 1009 2062 ascendente1
1041 1996 1082 2062 de
1112 2014 1171 2062 sua
1192 1996 1296 2080 domo,
1328 2013 1387 2063 nec
1416 1996 1463 2062 eis
1485 2013 1591 2061 neces·

353 2098 438 2162 saria
459 2096 544 2178 uitq²
567 2098 735 2183 denegare,
758 2117 859 2180 usque
883 2099 957 2163 dum
980 2099 1157 2182 habuerint,
1181 2117 1252 2164 cum
1275 2117 1338 2181 quo
1362 2100 1436 2166 eos³
1464 2117 1589 2182 regere:

354 2207 387 2268 at
409 2203 437 2267 si
459 2202 532 2267 eos⁴
555 2220 668 2284 regere
691 2208 726 2268 et
748 2208 931 2268 sustentare
954 2202 1125 2284 noluerint,
1155 2202 1293 2284 perdant
1322 2208 1447 2284 partem
1470 2201 1589 2268 heredi·

353 2306 429 2372 tatis
451 2306 563 2388 patris,
586 2306 697 2371 matris
720 2311 752 2372 et
775 2305 910 2372 aliorum
933 2306 1192 2386 ascendentium,
1215 2311 1249 2373 et
1270 2306 1333 2389 ipsi
1355 2311 1458 2388 pater,
1481 2311 1589 2386 mater,

354 2427 435 2476 auus
457 2409 511 2475 uel
534 2409 610 2474 auia
632 2409 685 2475 uel
709 2410 761 2493 aiij
785 2410 996 2476 ascendentes
1011 2411 1134 2492 possint
1148 2409 1250 2492 ipsam
1264 2409 1475 2476 hereditatam
1492 2409 1589 2488 dare‘,

355 2513 546 2579 distribuere
570 2531 625 2594 pro
648 2513 753 2579 anima
775 2519 809 2579 et
830 2531 888 2596 pro
912 2531 1056 2596 corpore,
1080 2514 1265 2595 cuicumque
1287 2513 1334 2578 eis
1356 2513 1521 2595 placuerit.

395 2617 440 2683 Et
461 2617 487 2682 si
510 2617 570 2698 ipsi
593 2623 693 2698 pater,
715 2624 826 2702 mater,
851 2637 942 2702 auus
966 2618 1040 2682 auia
1062 2617 1114 2682 uel
1137 2617 1191 2700 alij
1217 2617 1428 2684 ascendentes
1451 2635 1514 2683 non
1536 2616 1589 2681 ha-

353 2720 484 2788 berent⁶
513 2720 620 2802 aliqua
642 2723 743 2795 bona,
774 2721 814 2786 de
845 2721 960 2803 quibus
990 2707 1125 2804 possent
1147 2738 1182 2786 se
1205 2739 1318 2802 regere
1342 2725 1377 2786 et
1399 2719 1587 2803 gubernare:

354 2829 499 2906 potestas
522 2831 555 2890 et
577 2830 683 2891 rector
705 2826 790 2904 dicte
813 2825 952 2890 ciuitatis
975 2824 1102 2892 uinculo
1119 2825 1308 2890 sacramenti
1326 2829 1496 2890 teneantur
1510 2842 1588 2890 com·

354 2928 491 3010 pelleret
514 2925 596 2994 filios
619 2935 652 2994 et
674 2935 809 3010 nepotes
832 2947 942 2996 eornm
967 2929 1008 2994 ad
1030 2929 1204 3013 regendum
1228 2934 1262 2994 et
1277 2929 1523 2994 sustentandum
1537 2946 1588 2994 eos

354 3031 528 3098 secundum
551 3033 797 3114 possibilitatem
818 3039 854 3099 et
874 3031 1061 3099 facultatem
1082 3031 1219 3098 filiorum
1239 3037 1272 3098 et
1286 3037 1438 3114 nepotum
1454 3049 1588 3097 suornm.
1685 3055 1686 3058 ¹

352 3257 674 3313 oan.cxxv11.qn0n
703 3261 825 3305 nnuma
854 3262 919 3305 rori
945 3261 1091 3306 noemma
1120 3260 1269 3306 mauman
1299 3238 1389 3306 ειη8
1410 3257 1591 3306 nonunrnrn

795 3348 905 3391 aarum
927 3349 990 3392 unu
1012 3326 1157 3390 unnnrn'.

394 3464 476 3530 Item
499 3471 655 3530 statutum
679 3471 712 3532 et
735 3464 917 3530 ordinatum
941 3469 999 3544 est,
1032 3465 1117 3546 quod
1140 3463 1228 3530 nulla
1250 3463 1364 3531 mulier
1387 3463 1487 3546 possit
1509 3463 1588 3529 acci·

352 3587 429 3651 pere
451 3569 600 3634 meritum
617 3569 685 3634 sine
701 3568 867 3634 uoluntate
888 3567 1025 3648 patris¹⁰
1047 3575 1081 3634 ot
1102 3567 1213 3634 matris
1237 3585 1306 3647 sup.
1330 3567 1375 3632 Et
1397 3585 1588 3649 quecumque

352 3672 466 3740 mulier
488 3671 721 3753 contrafecerit,
746 3673 861 3754 perdat
883 3677 1008 3754 partein
1031 3670 1186 3738 debonis
1209 3669 1352 3753 paternis
1376 3677 1411 3736 et
1432 3670 1585 3736 maternis.

394 3903 462 3946 GAP·
487 3905 621 3948 cxxvm.
646 3903 773 3956 QUANDO
796 3903 980 3947 mnemon
993 3901 1117 3944 POffl'P
1139 3902 1269 3957 surm,
1293 3901 1335 3944 UT
1356 3900 1548 3945 armoinus

711 3990 846 4032 nmmum
868 3989 935 4032 ΕΔΜ
957 3988 981 4031 Δ
1002 3988 1231 4030 smnmsswrtu.

393 4102 473 4168 Item
497 4109 651 4170 statutum
674 4111 708 4170 et
731 4105 911 4172 ordinatum
932 4109 990 4184 est,
1016 4102 1150 4186 quodsi
1173 4102 1288 4182 aliquis
1304 4103 1344 4169 de
1360 4105 1467 4187 aliquo
1486 4103 1585 4170 debito

350 4205 560 4273 interuenerit
582 4209 770 4291 proaliquo
794 4215 830 4274 ut
851 4208 1030 4287 fideiussor,
1063 4205 1116 4271 uel
1138 4205 1321 4288 principalis
1345 4209 1480 4290 solutor,
1508 4206 1585 4289 quod

398 4396 488 4476 ¹Ap.
513 4402 538 4460 L
543 4403 557 4478 j
567 4404 641 4462 ula:
667 4397 907 4482 „ascendentes“.
971 4399 1116 4462 tibin:
1142 4401 1261 4484 „inde“.
1327 4399 1471 4462 ³ibid.:
1494 4402 1585 4484 ,ipsos

349 4487 463 4561 possint
485 4505 589 4564 regere
611 4493 642 4549 et
663 4482 861 4552 sustenture“.
953 4485 965 4520 ⁴
988 4489 1095 4549 ibin:
1123 4483 1253 4564 „ipsos“.
1343 4485 1488 4548 ⁶inid.:
1511 4484 1582 4564 „et“.

355 4570 499 4633 tibin:
525 4573 687 4650 ,habent“.
788 4571 909 4634 ⁷00d.
933 4575 1036 4634 acad.
1060 4575 1104 4635 A:
1130 4568 1250 4658 „suos“.
1351 4571 1442 4650 ⁸Ap.
1466 4574 1582 4650 Ljuta:

355 4675 430 4734 „non
452 4658 574 4722 nubat“.
645 4659 789 4722 9ἰ1)ἰ(1.;
817 4664 1021 4744 „parentnm“.
1093 4657 1122 4694 ¹⁰
1143 4661 1255 4722 ibin:
1281 4661 1377 4744 „sui“.
