3398 5354
626 616 693 660 OAP·
717 615 783 657 XIV.
806 615 849 656 DE
870 613 1065 658 oenomaus
1087 611 1263 657 summm.

368 735 449 800 Item
479 737 635 799 statutum
659 737 693 799 et
715 731 894 799 ordinatum
917 735 979 808 est,
1011 729 1095 812 quod
1119 732 1265 811 potestas
1287 733 1440 794 teneatur
1461 725 1558 794 facere

326 838 405 903 duas
429 836 603 904 calcharias
625 855 685 918 pro
708 833 908 902 hedificando
930 851 1021 900 muro
1043 833 1137 915 burgi
1162 839 1196 898 et
1217 832 1290 916 alfia
1310 830 1469 902 hedificiis
1484 849 1560 898 com·

326 940 445 1008 munis¹
468 939 667 1022 reparandis.

573 1153 641 1198 OAP.
663 1153 718 1198 XV.
740 1153 783 1196 DE
804 1151 973 1198 mm
997 1151 1096 1195 SUPRA
1118 1149 1320 1194 mmmm.

369 1271 452 1338 Item
481 1275 637 1338 statutum
661 1275 695 1336 ct
716 1269 895 1336 ordinatum
927 1275 987 1351 cst,
1019 1267 1104 1350 quod
1134 1267 1326 1348 ubicumque
1355 1271 1407 1332 cst
1428 1263 1562 1330 fenestra

329 1393 426 1456 supra
448 1375 636 1441 cimiterium
659 1372 772 1456 forata,
797 1372 962 1438 claudatur
985 1391 1042 1454 per
1064 1371 1227 1438 dominum
1250 1370 1353 1452 ipsius
1377 1369 1490 1436 domus
1512 1368 1561 1444 ita,

330 1479 415 1560 quod
438 1477 567 1560 aliquod
591 1497 649 1559 per
664 1479 764 1559 ipsam
788 1475 943 1558 projicere
958 1481 1105 1558 nequeat.
1129 1475 1215 1539 Etsi
1231 1479 1377 1540 stercora
1391 1472 1443 1537 uel
1459 1470 1561 1537 sordes

332 1601 391 1666 per
412 1583 514 1665 ipsam
538 1583 717 1664 projiceret,
741 1600 832 1646 muro
851 1580 1027 1659 claudatur,
1051 1580 1136 1659 quod
1153 1597 1215 1643 uon
1230 1577 1332 1660 possit
1348 1576 1482 1658 amplius
1497 1593 1561 1654 pro

327 1687 427 1769 jicere
450 1691 483 1752 et
505 1687 610 1754 soluat
630 1686 770 1750 bannum
794 1685 903 1749 decem
928 1683 1090 1756 librarum,
1122 1682 1212 1748 cuius
1243 1681 1398 1748 medietas
1420 1679 1463 1746 sit
1484 1695 1560 1742 com·

333 1789 437 1857 munis
460 1795 493 1855 ct
514 1789 578 1856 alia
601 1789 801 1855 accusatoris,

647 2019 714 2062 GAP.
738 2019 805 2059 xvl.
829 2018 871 2059 DE
895 2016 1022 2060 dooncts
1046 2015 1252 2060 cenomanum.

375 2136 457 2202 Item
479 2140 634 2201 statutum
653 2138 687 2201 et
709 2134 889 2200 ordinatum
913 2139 972 2211 est,
997 2131 1083 2213 quod
1104 2132 1293 2212 quicumque
1308 2127 1455 2194 habuerit
1468 2127 1500 2192 iu
1515 2125 1560 2191 uia
1667 2121 1669 2178 ἕ

331 2237 505 2304 communis
527 2238 642 2304 bucam
665 2254 723 2318 sue
747 2237 866 2319 cloaca,
890 2241 1039 2301 teneatur
1061 2253 1130 2300 eam
1154 2233 1302 2300 claudere
1320 2232 1367 2298 ita
1383 2249 1452 2296 cum
1467 2247 1558 2306 mum,

331 2341 418 2422 quod
441 2341 550 2408 sordes
574 2341 648 2405 inde
670 2358 734 2406 non
750 2343 915 2405 excantat
931 2356 1001 2404 eam
1017 2337 1142 2420 aperire
1164 2341 1333 2417 nequeant,
1355 2333 1418 2399 nisi
1440 2333 1478 2400 ad
1492 2351 1559 2414 pur·

330 2442 468 2524 gaudum
493 2449 527 2508 et
548 2449 685 2524 purgata
709 2442 817 2508 statim
841 2441 1017 2506 claudatur.
1053 2440 1097 2504 Et
1128 2439 1181 2519 qui
1205 2436 1437 2515 contrafecerit
1465 2436 1559 2502 soluat

330 2547 488 2612 communi
511 2545 650 2612 bannum
673 2545 712 2608 xl
736 2544 857 2625 soldos,
890 2545 978 2608 cuiue
1011 2542 1165 2608 medietas
1190 2543 1233 2606 sit
1255 2541 1429 2608 communis
1451 2545 1482 2604 et
1503 2537 1559 2603 alia

332 2649 533 2718 accusatoris.

418 2861 486 2907 OAP·
509 2862 587 2904 xus.
613 2862 697 2914 QUOD
720 2861 872 2903 MAGISTRI
894 2861 958 2902 NON
981 2859 1130 2902 Rasum
1153 2859 1257 2902 UINUH
1279 2861 1301 2902 A
1324 2859 1482 2904 Collum.

375 2977 454 3042 ltem
479 2981 636 3042 statutum
660 2981 693 3040 at
716 2976 895 3041 ordinatum
919 2981 977 3056 est,
1002 2975 1087 3055 quod
1111 2976 1263 3058 magistri,
1288 2975 1341 3056 qui
1358 2973 1560 3042 laborauerint
1667 2937 1669 2964 ³

333 3079 364 3144 in
387 3078 495 3162 aliquo
518 3080 650 3146 seruitio
674 3079 858 3155 communis,
882 3096 944 3142 non
967 3079 1091 3158 possint
1114 3083 1225 3161 petere
1244 3080 1353 3146 uinum
1370 3099 1390 3146 a
1405 3077 1558 3158 communi,

331 3199 391 3248 nec
413 3182 506 3250 detur
528 3183 585 3248 eis.

387 3393 454 3438 oar.
478 3395 569 3438 xum.
594 3393 677 3446 ouon
701 3395 853 3438 roussuas
876 3394 991 3438 ramur
1014 3394 1139 3438 uuam
1161 3393 1268 3438 prosu
1290 3371 1419 3438 russos²
1439 3393 1523 3437 noar.

376 3509 456 3576 Item
480 3515 635 3576 statutum
653 3514 687 3576 et
702 3510 881 3576 ordinatum
899 3515 959 3590 cst,
983 3510 1069 3591 quod
1085 3515 1254 3591 postquam
1270 3509 1458 3592 completum
1473 3507 1561 3574 tuerit

336 3613 488 3695 palatium
512 3614 695 3690 communis,
720 3619 869 3678 teneatur
891 3619 1034 3694 potestas
1057 3611 1108 3678 uel
1132 3618 1248 3693 rector,
1271 3614 1325 3694 qui
1347 3631 1406 3694 pro
1429 3619 1558 3694 tempore

336 3715 479 3780 fueritin
496 3715 637 3789 ciuitate,
654 3717 817 3782 annuatim
832 3734 960 3781 murare
976 3715 1085 3781 decem
1101 3733 1215 3797 passus
1231 3714 1329 3780 muri³
1345 3717 1387 3782 ad
1402 3717 1559 3782 caritonen
1667 3755 1669 3764 ,

336 3837 449 3885 uersus
473 3817 671 3898 Sarandam3
695 3825 728 3886 et
744 3823 891 3886 teneatur
906 3819 1032 3884 uinculo
1049 3818 1237 3885 sacramenti
1253 3823 1287 3884 et
1301 3819 1408 3889 banuo
1423 3820 1459 3884 xl
1476 3819 1560 3884 libra·
1668 3815 1669 3824 ’

336 3940 405 3987 rum
428 3921 468 3989 de
491 3939 548 3988 suo
572 3921 698 3988 salario.

325 4157 328 4164 =
446 4133 513 4178 OAP.
538 4134 604 4178 xlx.
629 4135 671 4176 DE
693 4135 742 4190 llo,
769 4135 823 4186 qul
846 4134 952 4176 ΗΔΒΕΤ
975 4134 1163 4176 rarissumi
1187 4134 1286 4178 BUPBA
1308 4133 1462 4178 ANDH'UH.

379 4249 459 4315 Item
483 4255 639 4316 statutum
663 4257 696 4316 et
719 4251 900 4316 ordinatum
924 4257 982 4328 est,
1017 4249 1102 4331 quod
1133 4251 1160 4314 si
1183 4249 1297 4330 aliquis
1319 4249 1419 4316 habet
1440 4249 1562 4330 aliquam
1668 4247 1669 4274 l

334 4353 508 4420 fenestram
533 4371 630 4436 super
652 4355 804 4439 anditum,
827 4355 881 4422 uel
904 4373 1002 4436 super
1024 4359 1145 4419 curtem
1170 4353 1311 4430 alicuius,
1332 4371 1395 4419 non
1418 4353 1515 4436 possit
1529 4351 1562 4417 de
1667 4355 1669 4434 t

337 4486 542 4496 -———-—-—-

382 4543 393 4580 ¹
427 4547 484 4625 Ap.
518 4547 645 4624 Ljub.:
685 4547 847 4626 ,faciendis
882 4548 942 4610 ot“.
1050 4543 1062 4581 ²
1095 4545 1182 4610 coo.
1216 4547 1322 4611 acad
1356 4545 1400 4607 A:
1439 4546 1564 4624 „passal¹
1668 4609 1669 4628 ἶ

340 4628 698 4714 ’ibia:,domu10“.
1667 4629 1669 4686 l
