3398 5354
315 471 378 532 244

313 671 400 738 uiros
423 677 456 737 et
478 672 638 753 sapientes
661 671 832 751 deputatos
855 688 953 751 super
974 669 1035 734 hoo
1058 687 1096 733 ex
1118 669 1253 735 arbitrio
1268 671 1314 735 eia
1329 687 1479 736 concesso
1495 688 1552 750 par

316 775 480 842 consilium
503 775 662 858 generale,
687 781 782 856 prout
798 774 838 840 de
852 774 921 854 ipso
937 773 1068 840 arbitrio
1084 779 1175 854 patet
1189 773 1417 840 reformatione
1435 775 1554 854 scripta

314 897 372 961 per
387 877 521 944 Paulum
537 879 577 945 de
592 879 709 956 Paula,
725 877 826 959 ipsius
842 878 959 944 domini
975 877 1098 944 comitis
1115 877 1249 944 scribam
1266 878 1325 942 sub
1340 896 1424 944 anno
1440 877 1555 943 domini

314 1001 335 1050 a
356 983 523 1049 natiuitate
546 981 687 1048 eiusdem
703 981 841 1047 Mcccl.
858 981 1016 1048 indicione
1032 983 1091 1064 iij.
1109 982 1162 1047 die
1187 981 1309 1047 decimo
1332 981 1450 1048 mensis
1472 981 1558 1064 iunlJ.

316 1212 384 1257 ΟΔΡ,
407 1214 466 1256 m.
489 1213 531 1255 DE
552 1207 644 1270 ΠιῙιῙΒ,
668 1213 724 1264 Qun
745 1213 809 1255 NON
830 1211 965 1256 POBBUR‘P
987 1212 1061 1256 ESSE
1075 1211 1119 1255 Aa)
1147 1212 1404 1256 meramnum
1426 1213 1558 1256 Bfflss·

867 1299 1000 1342 nusum.

321 1455 327 1468 ·
360 1415 443 1481 Item
466 1419 619 1480 statutum
636 1419 669 1478 et
685 1413 863 1479 ordinatum
890 1421 947 1484 est.
972 1413 1057 1495 quod
1074 1413 1101 1480 si
1116 1431 1178 1494 quo
1192 1419 1336 1496 ternpore
1360 1433 1419 1496 per
1438 1415 1556 1482 iudicas

320 1525 355 1587 et
388 1519 584 1585 consiliarios
618 1518 757 1582 ciuitatis
788 1515 919 1598 Spalati.
956 1518 1011 1600 qui
1046 1517 1163 1585 debent
1196 1518 1361 1600 sententijs
1390 1517 1555 1598 interesse

321 1622 420 1690 luerit
442 1622 548 1704 aliqua
569 1621 728 1686 sententia
750 1622 951 1703 promulgata
966 1627 1000 1687 et
1015 1621 1055 1686 ab
1078 1621 1150 1703 ipsa
1173 1622 1331 1685 sententia
1347 1639 1405 1702 por
1419 1622 1557 1704 aliquem

317 1729 455 1810 partium
477 1725 573 1792 luerit
596 1725 801 1806 appellatum,
825 1726 866 1790 ad
889 1725 1064 1806 proximam
1096 1730 1280 1804 sequentem
1303 1725 1425 1791 curiam
1448 1745 1556 1809 recog·
1685 1745 1686 1800 ξ

316 1831 477 1897 noscenda
491 1837 524 1896 ct
540 1831 567 1894 si
582 1830 613 1894 in
636 1829 709 1910 ipsa
731 1835 885 1911 sequente
908 1829 1012 1894 curio²
1035 1847 1096 1910 per
1118 1828 1325 1893 mutationem
1348 1830 1437 1910 curie
1459 1829 1556 1896 luerit
1684 1831 1686 1920 j

318 1935 432 2018 aliquus
461 1934 557 1999 iudex
580 1933 632 2000 uel
655 1933 855 1999 consiliarius
879 1933 919 2000 de
941 1931 1103 2014 predictis,
1136 1931 1190 2011 qni
1221 1931 1338 1996 dictam
1367 1936 1557 2000 sententiam
1685 1985 1686 1990 η

318 2039 576 2122 promulgarunt:
600 2037 686 2118 quod
708 2037 812 2102 nullus
832 2037 973 2118 ipsorum
988 2037 1127 2101 iudicum
1141 2035 1196 2100 uel
1211 2035 1462 2103 consiliariorum
1477 2039 1558 2120 posit

315 2142 357 2208 ad
379 2143 624 2224 recognitionem
647 2141 731 2220 dicte
756 2141 913 2222 sententie
936 2141 1103 2208 interesse.

359 2245 527 2312 detumet
549 2243 709 2310 firmatum
732 2243 793 2310 luit
815 2245 1031 2326 supradictum
1055 2249 1210 2310 statutum
1231 2244 1267 2308 in
1282 2244 1403 2326 palatio
1420 2262 1557 2312 commn-

317 2350 367 2416 nis
389 2367 447 2432 per
469 2349 588 2415 dictum
610 2348 771 2415 dominum
795 2349 941 2414 comitem
964 2354 997 2415 ot
1014 2353 1086 2414 octo
1109 2349 1270 2430 sapientes
1292 2349 1494 2432 supradictos
1516 2369 1555 2417 ex

316 2454 447 2520 arbitrio
470 2454 517 2520 eis
540 2469 689 2519 concesso
712 2458 877 2536 utsupra,
909 2469 991 2520 anno
1021 2459 1055 2520 et
1084 2453 1241 2520 indicione
1271 2454 1424 2536 predictis
1454 2461 1488 2522 et
1508 2455 1558 2522 dio
1685 2543 1686 2548 ἵ

317 2557 581 2640 uicesimoquinto
605 2557 754 2624 octobris.

407 2788 474 2832 nnn.
499 2788 569 2828 xm.
592 2788 634 2830 nn
657 2763 835 2830 consono*
860 2787 1023 2830 sonunrsno
1046 2787 1106 2830 ras
1126 2787 1229 2832 nawa
1250 2789 1291 2832 ur
1313 2789 1467 2834 musas.

250 2900 253 2908 '
359 2904 442 2970 Item
466 2907 620 2969 statutum
644 2907 677 2968 et
699 2901 877 2968 ordinatum
901 2909 952 2968 est
967 2921 1005 2968 ac
1025 2905 1123 2970 ctiam
1147 2904 1351 2983 declaratum,
1376 2905 1463 2987 quod
1480 2906 1559 2972 sicut

321 3008 423 3073 omnis
445 3007 537 3072 nauis
561 3024 618 3078 seu
641 3006 769 3088 barcho,
798 3023 860 3086 qne
891 3007 1012 3088 poterit
1041 3014 1170 3088 portare
1192 3009 1279 3074 mille
1307 3011 1424 3090 modia,
1457 3009 1561 3076 soluat

319 3129 378 3193 pro
402 3111 556 3177 comercio
580 3109 810 3192 quinquaginta
833 3110 940 3176 soldos
963 3117 997 3176 et
1019 3111 1045 3176 si
1069 3111 1142 3194 plus
1163 3114 1350 3193 portauerit,
1375 3113 1482 3180 soluat
1504 3133 1560 3196 per

318 3215 476 3281 rationem
496 3231 554 3294 sue
574 3213 811 3296 magnitudinis,
832 3214 915 3278 sicut
929 3233 1027 3297 supra
1044 3215 1077 3280 in
1096 3215 1177 3281 libro
1197 3222 1287 3283 sexto
1304 3218 1363 3283 sub
1381 3218 1509 3283 rubrica
1523 3217 1561 3282 de

318 3317 483 3399 comercijs
506 3318 679 3384 communis
703 3316 826 3398 Spoleti
848 3317 974 3400 plenius
996 3320 1187 3398 continetur,
1216 3322 1262 3386 sic
1283 3321 1430 3386 uolumus
1453 3327 1488 3388 et
1509 3321 1562 3387 ds·

318 3421 484 3502 daremus,
513 3422 598 3503 quod
628 3424 730 3486 omnis
760 3422 851 3487 nauis
882 3441 941 3488 seu
970 3422 1098 3500 barcho,
1129 3441 1192 3506 que
1220 3405 1397 3505 portauerit
1427 3443 1447 3491 a
1475 3425 1559 3492 mille
1682 3485 1683 3488 ,

319 3525 433 3607 modijs
463 3523 547 3592 inira
577 3543 678 3606 usque
701 3526 742 3592 ad
764 3531 890 3592 centnm
906 3526 1037 3610 modia,
1070 3528 1177 3593 soluat
1199 3529 1387 3594 comercium
1409 3547 1470 3612 pro
1493 3535 1559 3596 rata

319 3647 377 3709 sue
400 3629 579 3710 parcitatis.

365 3731 479 3800 Actum
503 3738 538 3798 et
558 3731 719 3799 firmatum
741 3732 802 3798 fuit
821 3733 1000 3814 predictum
1022 3739 1176 3800 statutum
1198 3733 1232 3799 in
1256 3735 1347 3816 pleno
1370 3741 1404 3802 et
1420 3735 1559 3818 generali

320 3837 452 3904 consilio
482 3837 620 3902 diritatis
645 3835 775 3918 spaloti,
800 3843 895 3918 prout
924 3843 1015 3919 patet
1038 3855 1096 3918 per
1125 3836 1385 3905 reformationem
1408 3840 1555 3923 scriptam

320 3959 379 4023 per
409 3940 544 4005 Paulum
573 3940 613 4005 de
644 3940 755 4006 Padua
785 3940 941 4006 notarium
973 3940 1072 4022 ipsius
1102 3941 1220 4008 domini
1250 3943 1385 4021 comitis,
1417 3950 1560 4010 currente

323 4063 408 4110 anno
431 4043 565 4112 domini8
586 4049 619 4110 et
641 4044 799 4110 indicione
821 4044 983 4125 predictis.

364 4147 435 4229 Ego
459 4147 622 4215 lohannes
646 4147 780 4213 condam
796 4148 941 4230 magistri
957 4149 1044 4214 Zone
1061 4148 1103 4213 de'
1116 4147 1278 4227 Anchona
1301 4149 1449 4232 publicus
1467 4151 1560 4234 impe

322 4251 396 4317 riali
419 4252 610 4318 anctoritate
632 4253 775 4319 notarius
805 4257 839 4320 et
868 4269 953 4316 nunc
982 4253 1106 4317 iuratus
1136 4253 1310 4320 communis
1336 4253 1459 4336 Spalati
1482 4255 1562 4320 dicta

324 4355 388 4422 duo
411 4361 532 4422 statuta
563 4355 603 4422 de
631 4355 761 4438 speciali
789 4355 939 4422 mandato
963 4356 1136 4438 supradicti
1159 4357 1278 4424 domini
1300 4358 1426 4425 comitis
1450 4357 1560 4440 scripsi

322 4458 356 4523 in
378 4459 521 4541 presenti
543 4459 706 4526 uolumine
728 4465 931 4526 statutorum.

323 4581 530 4592 ——-—.

370 4631 381 4668 ²
404 4635 518 4698 Verba:
544 4637 801 4714 „recognoscenda
823 4671 865 4680 -
888 4636 989 4696 curia“
1015 4637 1122 4698 desunt
1143 4655 1192 4712 ap.
1215 4637 1327 4714 Ljnb.
1417 4633 1561 4698 ’ibina

325 4721 493 4799 „negotio“.
566 4719 691 4784 ³Deest
711 4724 741 4783 in
764 4723 845 4786 eod.
868 4721 975 4786 acad
998 4724 1024 4783 B
1046 4727 1077 4784 et
1097 4741 1146 4800 ap.
1168 4723 1281 4802 Ljnb.
