3416 5350
322 473 362 536 98

317 677 543 760 consanguinei
573 699 612 746 err
642 685 734 762 parte
765 681 866 764 patris
894 687 927 748 et
949 683 1058 748 matria
1080 682 1183 763 illius,
1215 684 1265 751 cui
1288 685 1384 751 debat
1406 683 1568 751 constitui

315 789 403 849 tutor
426 785 478 850 uel
494 791 632 867 curator,
649 786 694 850 illi
711 786 838 863 scilicet,
856 787 909 867 qui
925 787 1121 852 habitantia
1137 789 1267 854 ciuitate
1283 788 1422 870 Spalati;
1438 789 1566 870 quibus

313 889 426 968 citatis,
451 889 478 954 si
500 895 649 970 superest
671 889 788 971 pater¹,
813 897 925 970 mater,
949 909 1030 955 auus
1054 891 1106 956 uel
1129 892 1211 969 auia,
1236 892 1289 956 uel
1312 893 1365 975 alij
1382 893 1423 958 de
1438 911 1561 960 ascen-

312 993 471 1074 dentibus,
495 993 557 1075 ipsi
580 993 697 1058 dentur
720 999 844 1059 tutores
867 994 920 1058 uel
943 999 1122 1073 curatores,
1154 995 1181 1060 si
1205 1011 1276 1060 eam
1300 1013 1407 1061 curam
1430 997 1483 1062 uel
1505 1003 1566 1061 tu·

312 1095 427 1163 telam²
448 1101 618 1179 acceptare
642 1096 811 1175 noluerint,
834 1097 862 1162 si
885 1103 961 1163 sunt
982 1099 1119 1164 maiores
1141 1117 1218 1164 xxv
1234 1099 1333 1179 annis,
1359 1100 1564 1181 quianullus

311 1200 414 1266 minor
436 1201 538 1283 possit
562 1218 634 1267 ease
655 1205 743 1266 tutor
764 1201 817 1268 uel
839 1207 969 1266 curator
990 1201 1142 1267 alicuius:
1167 1201 1269 1286 saluo,
1292 1203 1378 1283 quod
1401 1203 1428 1270 si
1450 1209 1564 1270 mater

310 1303 363 1369 ael
386 1305 460 1370 auia
481 1303 667 1370 transiuerit
689 1304 742 1370 uel
765 1305 902 1370 transire
925 1305 1064 1370 uoluerit
1083 1305 1123 1370 ad
1140 1305 1280 1372 secunda
1302 1307 1405 1387 uota³,
1427 1308 1475 1372 eis
1489 1326 1561 1372 non

311 1408 406 1476 detur
427 1408 529 1475 tutela
552 1408 603 1474 nel
626 1427 711 1486 cura,
735 1409 793 1474 sed
816 1408 911 1474 detur
932 1407 1003 1490 ipsa
1025 1409 1128 1474 tutela
1149 1410 1203 1474 uel
1218 1427 1294 1474 cura
1308 1411 1559 1491 proximioribus

310 1531 348 1578 ex
370 1519 463 1595 parte
479 1513 580 1594 patris
596 1513 649 1578 uel
665 1511 785 1592 matris,
809 1513 836 1578 si
859 1512 923 1577 sint
940 1513 1074 1595 ydonei3
1092 1519 1125 1578 et
1141 1513 1167 1578 si
1183 1515 1245 1597 ipsi
1261 1515 1372 1581 nolent
1387 1517 1559 1598 suscipere

308 1619 410 1699 ipsam
433 1616 567 1683 tutelam
591 1617 642 1682 uel
665 1634 785 1696 curam,
807 1615 1038 1697 compellantur·
1059 1616 1103 1681 ad
1124 1617 1225 1697 ipsam
1242 1618 1476 1700 suscipiendam
1493 1638 1560 1701 per

308 1723 499 1802 potestatem
524 1719 576 1786 uel
596 1739 685 1785 suam
710 1721 829 1784 curiam
853 1719 984 1785 realiter
1014 1725 1048 1786 et
1081 1721 1292 1801 personaliter
1314 1740 1374 1803 per
1396 1740 1496 1805 penas
1519 1729 1560 1789 et

307 1823 423 1903 banna,
446 1828 541 1906 prout
565 1822 611 1888 eis
634 1823 796 1888 uidebitur
818 1823 999 1889 conuenire.

351 1926 413 2006 Qui
435 1932 559 1994 tutores
583 1931 616 1993 et
638 1931 804 1992 curatores
827 1933 999 1993 teneantur
1021 1927 1099 1993 dare
1130 1925 1332 1994 fideiussores
1354 1929 1496 2010 ydoneos
1522 1931 1560 1994 in

307 2049 432 2098 omnem
454 2049 564 2096 casum
588 2035 622 2096 et
645 2030 953 2098 administrationem
977 2031 1060 2110 dicte
1084 2032 1186 2112 tutele
1209 2038 1243 2098 et
1258 2050 1333 2112 cure
1354 2031 1491 2099 fideliter
1520 2041 1559 2099 et

306 2134 454 2218 legaliter
488 2133 634 2200 iaciendo
670 2139 702 2199 et
736 2140 908 2200 teneantur
941 2133 1048 2200 lacere
1083 2135 1296 2200 inuentarium
1331 2136 1371 2201 de
1405 2137 1559 2203 omnibus

305 2237 397 2304 bonis
420 2244 453 2304 et
467 2238 590 2303 iuribus
610 2237 745 2316 illorum,
770 2257 904 2320 quorum
925 2244 1000 2303 sunt
1015 2245 1138 2304 tutores
1155 2239 1208 2302 uel
1225 2245 1397 2324 curatores,
1421 2240 1464 2304 ad
1479 2240 1555 2322 boc,

305 2348 342 2408 ut
363 2342 447 2408 bona
468 2343 539 2424 ipsa
561 2360 624 2407 non
647 2343 772 2423 possint
794 2342 954 2421 baratari;
978 2348 1011 2408 et
1037 2347 1189 2408 tenentur
1215 2345 1424 2424 corporaliter
1441 2343 1557 2410 iurare

305 2446 346 2511 ad
369 2452 479 2512 sancta
502 2446 554 2511 dei
576 2443 755 2527 euangelia
769 2463 876 2511 coram
898 2447 970 2529 ipso
993 2446 1119 2511 domiuo
1140 2451 1302 2528 potestate
1327 2453 1361 2512 et
1375 2465 1434 2512 sua
1449 2449 1554 2528 curia,

306 2550 423 2616 dictam
446 2549 580 2616 tutelam
603 2549 656 2616 uel
679 2568 788 2615 curam
811 2547 916 2616 facere
933 2557 967 2615 et
986 2567 1134 2617 exercere
1149 2551 1234 2616 bona
1255 2549 1328 2627 fide,
1352 2550 1420 2616 sine
1435 2550 1555 2616 fraude

305 2660 339 2718 et
362 2671 562 2736 quecumque
585 2653 724 2720 uiderint
746 2659 779 2718 et
802 2654 1011 2734 cognouerint
1026 2671 1098 2720 esse
1115 2655 1296 2720 necessaria
1319 2660 1353 2720 et
1368 2655 1460 2719 utilia
1475 2655 1554 2732 illis,

304 2776 438 2840 quorum
471 2757 605 2823 tutelam
635 2757 688 2822 uel
718 2775 825 2822 curam
857 2757 1100 2836 administrant,
1132 2756 1238 2823 iacere
1260 2765 1294 2822 et
1316 2759 1493 2838 exercere‘,
1518 2767 1555 2824 et

302 2863 427 2928 inutilia
450 2862 703 2943 pretermitter03
728 2879 766 2927 co
790 2879 919 2943 semper
941 2861 1041 2944 saluo,
1065 2862 1150 2942 quod
1174 2863 1219 2926 uti
1244 2861 1373 2927 ualeant
1396 2863 1551 2929 ueritate.

301 2966 361 3032 111ὁ
392 2967 509 3033 dictum
540 2965 753 3032 inuentariunr
785 2984 842 3046 per
874 2965 1012 3046 aliquem
1043 2967 1161 3033 bonum
1192 2967 1350 3031 notarium
1380 2966 1421 3032 de
1455 2967 1552 3032 banis

301 3089 411 3138 eorum
433 3068 560 3153 saciant,
587 3074 759 3150 antequam
782 3069 934 3150 incipiant
957 3069 1181 3134 administrare
1203 3071 1305 3151 ipsam
1338 3069 1471 3135 tutelam
1494 3071 1551 3137 uel

301 3193 426 3253 curam;
450 3181 483 3241 et
505 3171 595 3240 linita
617 3173 720 3240 tutela
742 3173 794 3238 uel
810 3191 886 3239 cura
902 3173 942 3239 de
959 3173 1233 3239 administratione
1248 3174 1389 3254 ipsorum
1406 3174 1551 3240 debeant

299 3278 434 3346 reddere
457 3277 597 3344 debitam
619 3278 776 3344 rationem
801 3297 872 3342 cum
896 3277 1089 3358 reliquorum
1124 3285 1157 3343 et
1188 3278 1383 3343 residuorum
1415 3279 1548 3343 restitu-

298 3383 385 3449 tione
417 3383 462 3448 Et
483 3387 597 3464 postea
619 3385 774 3463 potestas
788 3387 822 3446 et
845 3401 903 3447 sua
926 3382 1014 3446 curia
1035 3383 1096 3464 ipsi
1119 3382 1336 3447 constitutioni
1359 3384 1475 3447 tutoris
1491 3382 1546 3446 uel

298 3486 454 3553 curatoris
477 3505 566 3553 suam
590 3492 624 3552 et
646 3486 819 3552 communis
842 3487 926 3566 dicte
943 3485 1082 3551 ciuitatis
1098 3487 1321 3552 auctoritatem
1338 3488 1547 3567 interponant

298 3595 332 3658 et
353 3591 524 3674 decretum,
548 3596 644 3674 prout
667 3591 744 3657 iuris
766 3591 843 3658 ordo
866 3591 1047 3672 expostulat
1069 3595 1102 3657 et
1125 3590 1266 3671 requirit.

298 3839 366 3884 ΟΔΡ.
390 3839 464 3881 m.
488 3839 530 3882 DE
552 3840 643 3884 1301113
665 3839 847 3883 summus
870 3839 1070 3882 PUPHrIrOBUH
1092 3842 1131 3882 ΕΤ
1153 3841 1299 3882 anum
1316 3839 1544 3891 QUABUMIrlBH

657 3927 867 3970 PERSOMBUH
889 3927 953 3968 NON
975 3927 1176 3970 munuum.

340 4041 423 4107 Item
446 4047 600 4108 statutum
624 4047 675 4109 est
696 4049 730 4109 et
752 4041 943 4124 ordinatum,
968 4043 1054 4124 quod
1077 4043 1161 4108 bona
1183 4042 1309 4108 stabilia
1331 4042 1543 4125 pupillorum,

297 4143 505 4226 furiosorum,
535 4155 642 4213 mente
672 4153 854 4228 captorum,
886 4147 1053 4213 surdorum
1085 4153 1119 4212 et
1140 4153 1298 4212 mutorum
1323 4165 1387 4213 non
1411 4147 1543 4228 possint

296 4251 457 4332 pignorari
480 4257 513 4316 et
535 4251 666 4317 alienari
689 4251 758 4316 sine
780 4269 933 4316 consensu
956 4257 990 4317 et
1011 4251 1202 4316 auctoritate
1227 4253 1341 4317 tutoris
1364 4251 1417 4316 uel
1444 4268 1540 4316 cura-

295 4353 378 4418 toris
401 4371 511 4419 eorum
541 4360 574 4420 et
603 4356 670 4419 sine
694 4355 884 4420 auctoritate
907 4359 940 4419 et
962 4353 1090 4420 decreto
1113 4355 1284 4436 potestatis
1308 4354 1449 4438 spaloti,
1485 4355 1543 4421 uel

343 4575 355 4613 ¹
384 4582 475 4640 Deest
501 4599 549 4657 ap.
582 4581 692 4660 Ljnb,
774 4579 786 4616 ⁹
814 4584 906 4643 Deest
936 4583 965 4641 in
988 4583 1068 4642 cod.
1100 4583 1204 4642 acad.
1228 4582 1254 4642 Α
1277 4587 1307 4643 et
1328 4583 1363 4641 B.
1444 4579 1541 4660 Ἀρ.

293 4664 436 4812 kjetttbi.
460 4667 578 4812 „tlrrtncb
660 4665 672 4700 ⁴
695 4667 782 4731 cod.
806 4669 911 4730 acad.
936 4670 976 4728 Β.
1004 4667 1211 4746 ,exhercere“.
1281 4665 1403 4729 ⁶God.
1428 4671 1543 4732 acad.

428 4797 478 4832 .„
536 4797 543 4811 .
