3422 5364
1296 442 1360 505 255

114 645 226 727 aliqua
257 645 418 711 sententia
445 645 513 710 lata
537 663 596 726 per
619 646 789 712 secundam
820 645 941 710 curiam
964 643 1099 726 spaloti,
1131 643 1248 712 debeat
1278 643 1362 710 infre

120 753 195 813 octo
219 747 289 814 dies
304 767 325 813 a
339 747 391 814 die
406 748 508 830 ipsius
531 749 690 828 sententie
713 748 946 830 computandos
968 747 1131 830 appellare
1154 747 1195 812 ab
1218 746 1275 813 illa
1290 765 1364 814 sen-

120 854 227 918 tentia
249 869 357 918 coram
372 855 499 917 rectore
513 851 598 932 dicte
615 851 754 916 ciuitatis
768 870 826 917 seu
842 851 910 917 eius
926 851 1044 917 uicario
1060 851 1113 916 uel
1128 850 1364 918 locumtenente

119 963 156 1024 et
179 956 354 1038 requirere,
386 955 471 1038 quod
492 955 565 1038 ipsa
587 955 747 1021 sententia
770 973 840 1020 cum
866 955 988 1020 iuribus
1010 955 1159 1037 partium,
1191 955 1270 1036 que¹
1293 973 1365 1022 sen·

118 1062 226 1128 tentia
240 1060 354 1142 tangit,
369 1059 518 1124 mittetur
532 1059 573 1124 ad
589 1059 756 1143 collegium
772 1057 926 1140 Bononio,
943 1059 995 1126 uel
1011 1059 1121 1138 Padus
1136 1063 1194 1126 ant
1212 1057 1365 1142 Peruzij¹,

116 1171 216 1247 prout
245 1164 363 1230 rectori
385 1169 420 1230 et
440 1163 598 1229 iudicibus
628 1163 714 1244 dicte
745 1163 886 1230 ciuitatis
916 1163 968 1229 nel
991 1162 1102 1229 maiori
1133 1163 1219 1244 parti
1251 1181 1363 1228 eorum

116 1268 308 1335 uidebitur&
338 1267 465 1334 Debeat
495 1267 591 1333 etiam
621 1267 704 1334 infra
734 1268 835 1334 dictos
867 1267 937 1333 dies
968 1272 1038 1334 octo
1069 1267 1232 1350 deponere
1261 1285 1361 1349 penes

117 1372 292 1438 massarios
315 1369 489 1437 communis
520 1367 708 1436 suffitientie
738 1371 868 1454 pignore
901 1389 959 1453 pro
993 1371 1091 1438 soldis
1119 1377 1257 1453 quatuor
1286 1390 1360 1454 par-

120 1494 237 1542 uorum
254 1492 312 1558 pro
329 1474 474 1557 qualibet
487 1474 571 1540 libra
592 1475 695 1540 tocius
718 1475 908 1557 quantitatis
930 1475 983 1541 uel
1000 1474 1213 1541 extimationis
1236 1475 1282 1541 rei
1305 1493 1363 1541 seu

121 1578 249 1662 negocij
282 1577 336 1646 uel
365 1577 452 1658 iuris,
483 1577 524 1644 de
546 1595 608 1660 qua
630 1578 682 1645 uel
706 1595 768 1658 quo
799 1578 866 1644 lata
895 1577 994 1644 fuerit
1019 1578 1090 1661 ipsa
1120 1579 1279 1644 sententia
1308 1597 1366 1661 per

120 1683 242 1748 dictam
265 1682 436 1750 secundam
459 1682 588 1764 curiam,
620 1699 683 1763 que
707 1681 870 1748 estimatio
893 1680 950 1746 fiat
972 1699 1030 1765 per
1052 1683 1256 1749 extimatores
1280 1683 1364 1764 dicte

55 1856 56 1859 ,
123 1787 266 1854 ciuitatis
289 1785 341 1853 uel
362 1787 513 1852 maiorem
543 1790 668 1868 partem
690 1803 817 1864 eorum;
847 1785 924 1852 item
954 1803 1012 1868 pro
1035 1787 1183 1868 expensis
1212 1787 1363 1870 legitimis

124 1889 291 1975 faciendis,
314 1908 373 1973 pro
395 1889 576 1956 huiusmodi
606 1889 771 1956 sentencia
793 1889 835 1954 ad
857 1887 1026 1972 collegium
1057 1889 1288 1957 transferenda.
1322 1891 1368 1956 Et

118 1995 146 2061 ni
177 1997 340 2078 premissa
369 2013 433 2060 non
464 1993 692 2078 obseruauerit,
725 1998 892 2077 reputetur
921 2013 984 2060 non
1018 1993 1185 2077 appellans
1216 1999 1250 2060 et
1280 1995 1366 2061 dicte

119 2100 284 2167 sententia
314 2099 383 2164 lata
415 2116 473 2180 per
495 2099 628 2164 dictam*
650 2097 822 2164 secundam
852 2099 971 2163 curiam
1002 2096 1095 2163 firma
1127 2103 1312 2180 permaneat
1333 2103 1367 2165 et

120 2204 268 2270 omnibus
282 2203 360 2268 iuris
376 2203 527 2285 remedijs
543 2201 722 2268 executioni
737 2202 916 2268 mandetur.
934 2200 967 2268 si
983 2220 1062 2268 uero
1079 2202 1184 2268 dictus
1199 2202 1365 2286 appellans

121 2306 285 2390 premissa
308 2306 537 2387 obseruauerit7
561 2311 711 2372 teneatur
732 2312 837 2372 rector
853 2323 911 2372 een
927 2307 995 2372 eius
1017 2306 1156 2372 uicarius
1171 2305 1224 2374 uel
1246 2305 1365 2373 locum·

122 2417 240 2478 tenens
263 2416 296 2476 et
319 2411 439 2477 indices
471 2410 556 2490 dicte
579 2409 729 2494 ciuitatis,
761 2411 815 2491 qui
837 2415 913 2476 tunc
934 2409 1062 2490 luerint,
1094 2409 1148 2476 uel
1169 2410 1269 2477 maior
1291 2429 1366 2492 pars

123 2533 237 2581 eorum
253 2515 312 2580 sub
327 2514 455 2581 uinculo
478 2514 670 2580 sacramenti
689 2511 773 2578 inira
795 2514 864 2579 dies
886 2515 972 2579 xxxi·
992 2514 1079 2580 adia
1101 2515 1201 2596 ipsius
1224 2515 1367 2597 appella·

122 2619 224 2686 tionis
240 2619 469 2701 computandos
485 2617 602 2683 dictam
617 2616 863 2700 appellationem
879 2623 913 2682 et
926 2617 1028 2700 ipsam
1044 2619 1249 2697 sentenciam,
1267 2619 1365 2684 latam

125 2742 185 2806 per
208 2724 381 2790 secundam
404 2724 524 2790 curium
540 2729 575 2788 et
589 2724 727 2804 partium
750 2723 830 2802 iure,
854 2739 917 2802 que
938 2721 994 2786 illa
1009 2725 1170 2788 sententia
1192 2722 1296 2804 tangit
1310 2739 1368 2789 seu

122 2845 235 2895 corum
257 2828 380 2910 copiam
402 2827 530 2894 mittere
552 2827 594 2892 ad
618 2826 753 2893 alterurn
768 2845 807 2891 ex
822 2825 915 2892 dictis
937 2826 1079 2908 collegiis
1102 2826 1243 2894 secrete⁶
1259 2831 1292 2892 et
1306 2843 1365 2908 per

122 2933 295 3011 hominem,
323 2931 436 3014 quem⁶
457 2931 490 2996 in
513 2931 573 2996 lrac
593 2949 630 2996 re
652 2930 846 2996 crediderint
868 2928 995 2997 fidelem
1017 2935 1051 2995 et
1073 2936 1242 3009 secretum,
1265 2949 1285 2996 a
1305 2947 1368 3012 quo

124 3042 362 3102 sacramentum
392 3036 531 3120 exigant,
563 3035 649 3116 quod
670 3031 808 3100 fideliter
831 3039 864 3100 et
886 3044 1009 3101 secrete
1031 3035 1064 3100 in
1086 3033 1147 3100 hoc
1169 3052 1204 3100 se
1226 3033 1367 3100 habebit.

123 3139 168 3205 Et
194 3142 247 3236 5sic
276 3139 395 3206 facient
423 3159 482 3206 suo
511 3156 618 3222 posse,
649 3139 734 3220 qnod
764 3144 879 3204 neutra
908 3139 1047 3220 partium
1077 3138 1158 3204 sciat
1187 3137 1368 3204 huiusmodi

123 3243 293 3326 collegium
316 3245 358 3311 ad
380 3244 466 3326 qnod
489 3243 649 3310 miserint⁷
672 3260 732 3308 nec
760 3260 819 3324 per
841 3260 935 3324 quern
967 3241 1137 3308 miserint
1170 3240 1229 3308 Cui
1252 3241 1368 3307 nuncio

124 3348 223 3414 etiarn
248 3348 366 3416 debent
388 3347 513 3413 litterae
536 3365 611 3414 suas
635 3346 807 3427 superinde
828 3347 870 3412 ad
892 3346 972 3412 illud
994 3345 1161 3428 collegium
1184 3361 1255 3410 cum
1278 3351 1371 3411 taxa·

124 3455 213 3518 tione
236 3453 344 3535 calarij
369 3458 465 3534 prout
485 3451 532 3516 eis
557 3451 713 3528 uideatur,
737 3449 897 3530 expedire.

169 3553 333 3632 Ceterum,
355 3563 391 3622 ut
413 3555 595 3622 huiusmodi
610 3573 662 3621 res
681 3555 783 3635 magis
801 3555 904 3635 possit
921 3571 993 3619 esse
1009 3558 1144 3636 secreta,
1169 3551 1245 3618 dicti
1266 3559 1372 3618 rector

126 3678 184 3726 seu
208 3661 278 3727 ains
302 3660 452 3740 uicariue,
475 3659 529 3725 uel
551 3659 768 3726 locumtenens
790 3663 825 3724 et
840 3657 961 3723 iudices
978 3658 1018 3724 de
1033 3657 1173 3738 denerijs
1196 3656 1271 3722 dicti
1286 3673 1371 3722 com-

125 3765 231 3830 munis
253 3764 383 3831 solnant
404 3781 560 3846 expansas
583 3769 648 3828 tam
670 3761 770 3844 ipsius
792 3761 908 3843 nuncii,
933 3779 1028 3844 quarn
1051 3761 1128 3827 dicti
1150 3760 1269 3842 salarij.

549 4029 618 4073 can.
642 4028 733 4071 xm.
757 4027 799 4071 nn
821 4001 956 4072 10an

157 4137 265 4226 Item,
296 4144 382 4228 quod
415 4143 443 4212 si
475 4145 587 4212 eodem
617 4149 762 4226 tempore
791 4143 899 4228 plures
930 4141 1163 4226 appellationes
1192 4140 1373 4209 huiusmodi

133 4255 241 4318 essent
255 4250 298 4317 ud
314 4249 482 4334 collegium
497 4249 662 4330 mittendo,
684 4249 797 4316 eodem
811 4248 906 4316 modo
923 4248 1017 4314 simul
1031 4248 1208 4327 mittuntur,
1224 4247 1376 4314 uidelicet

176 4442 263 4523 ¹Ap.
286 4442 558 4528 Ljub.:s„ipsa“.
618 4437 740 4502 'God
764 4441 870 4502 acad.
893 4440 965 4500 Bet
979 4458 1027 4517 ap.
1051 4439 1179 4517 Ljob.:
1204 4433 1371 4524 „Perneij‘.

135 4527 280 4594 ⁸ibid:
316 4531 502 4611 „uideatur“.
595 4525 728 4588 ‘Deest
757 4546 804 4604 ap.
836 4527 945 4605 Ljub.
1037 4525 1189 4588 ⁶ibid:
1224 4519 1370 4605 „laceret

135 4615 146 4652 ⁸
174 4619 284 4680 inid:
318 4615 509 4696 „qnantum“.
625 4612 637 4650 ⁷
667 4615 777 4678 ibid:
812 4613 1002 4692 „miserunt“.
1116 4610 1129 4647 ⁸
1157 4613 1250 4675 ibid.
1281 4630 1307 4674 e.
1331 4631 1368 4672 nr.

134 4700 377 4783 ’Inscriptionea
398 4723 464 4782 cap.
488 4701 728 4764 XXIX-XXXI
750 4701 855 4762 desunt
876 4700 908 4760 in
930 4701 1009 4762 cod
1031 4700 1138 4760 acad.
1161 4699 1189 4759 Α
1211 4704 1242 4760 et
1262 4699 1298 4760 B.
