3396 5402
593 601 660 646 Oss’·
684 603 745 646 ⁰11.
767 603 810 646 BE
830 603 995 646 meremus
1018 603 1172 648 nusum
1194 601 1377 648 mutuom.

420 717 501 783 Item
525 723 651 800 captum
673 716 742 796 fuit,
767 719 851 799 quod
873 737 981 784 omnes
1003 737 1172 786 mensurae
1193 718 1280 786 bladi
1299 718 1459 788 iueteutur
1475 717 1509 782 in
1525 733 1608 780 merr-

376 841 451 888 suro
473 822 600 905 lapidea
622 825 655 888 et
677 823 847 890 secundum
870 823 954 904 quod
980 825 1042 890 erit
1056 825 1088 890 iu
1102 841 1251 890 mensura
1265 823 1401 906 lapidea,
1425 823 1613 888 obseruetur

376 928 408 992 iu
431 932 621 1009 perpetuum
643 945 700 1008 per
721 933 820 994 totam
842 927 984 1008 insulam,
1008 933 1041 994 et
1063 928 1125 996 alia
1146 947 1209 1020 non
1231 929 1282 1008 eit,
1305 945 1408 1012 poena
1430 925 1463 992 in
1488 924 1612 992 scauro

378 1031 553 1098 contente.1

637 1195 705 1237 ude.
730 1195 779 1239 ΟΧ.
802 1196 844 1238 DE
865 1195 1012 1239 erremus
1035 1195 1157 1241 domm
1179 1195 1343 1240 HOB'IUUH.

421 1311 502 1376 Item
525 1311 609 1392 quod
631 1311 745 1378 amodo
767 1313 799 1377 in
823 1318 918 1378 antea
946 1312 1051 1394 aliqua
1073 1311 1253 1380 testificatio
1276 1330 1338 1378 non
1362 1309 1468 1376 ualeat
1502 1315 1609 1375 corin

379 1421 535 1482 mortuam
558 1435 742 1498 personem3
764 1417 969 1500 intelligendo
992 1418 1033 1483 de
1055 1417 1180 1497 debito;
1214 1416 1303 1484 ealuo
1326 1420 1359 1482 et
1381 1421 1560 1492 reseruata,
1583 1415 1608 1479 ei

377 1519 451 1586 talis
472 1525 616 1586 mortuus
638 1527 814 1588 moreretur
836 1529 939 1588 morte
956 1522 1132 1603 subitanea,
1155 1523 1207 1588 vel
1222 1523 1248 1588 ei
1264 1520 1403 1587 creditor
1423 1525 1510 1586 esset
1525 1517 1608 1584 ioris.

378 1623 413 1690 Si
436 1643 511 1690 vero
541 1625 653 1707 aliquis
689 1625 813 1692 debitor
845 1626 978 1694 iacuerit
1000 1627 1032 1690 in
1054 1625 1252 1710 infirmitate,
1287 1625 1425 1690 creditor
1459 1641 1552 1702 suus,
1585 1623 1609 1687 ei

378 1726 527 1794 fueritin
556 1729 665 1807 insula,
695 1737 840 1797 terreatur
861 1733 969 1798 venire
993 1731 1033 1796 ad
1056 1750 1137 1811 eum,
1162 1735 1195 1797 et
1216 1729 1322 1799 iacere
1345 1727 1404 1796 sibi
1427 1725 1609 1795 memoriam

377 1835 437 1900 eub
460 1832 697 1913 testificatione;
720 1835 770 1901 vel
793 1836 820 1902 ei
841 1837 965 1903 debitor
988 1841 1164 1902 moreretur
1186 1834 1271 1902 forie.

457 2033 524 2076 ode·
549 2033 610 2076 0x1.
642 2032 776 2074 rusulum
799 2033 861 2074 NON
883 2033 1138 2078 udelrnerrnomun
1159 2033 1223 2076 NISI
1245 2031 1382 2076 rueme
1404 2027 1529 2073 vocffl.

419 2149 510 2224 Item,
534 2149 619 2230 quod
642 2148 746 2214 nullus
769 2155 951 2230 acceptetur
973 2151 1081 2231 testie,
1115 2150 1177 2216 nisi
1198 2149 1464 2226 moriemurne,
1497 2145 1608 2214 saltem

376 2272 549 2336 perimam
570 2259 694 2335 portem
716 2273 774 2335 pro
798 2258 881 2320 teste
904 2262 938 2320 et
959 2254 1156 2337 testificetur,
1179 2253 1266 2336 quod
1287 2252 1384 2320 luerit
1405 2257 1554 2332 vocatum
1576 2259 1609 2318 et

376 2357 404 2422 ei
425 2357 543 2440 poterit
567 2355 730 2423 testificari
753 2356 792 2424 de
815 2357 884 2424 loco
906 2363 939 2423 et
962 2363 1114 2440 tempore,
1137 2357 1241 2424 adhuc
1262 2357 1394 2436 meliue3
1418 2362 1527 2424 tamen
1547 2374 1607 2422 rou

374 2463 569 2546 praeiudicet
591 2463 750 2542 creditori,
784 2463 811 2527 ei
834 2481 897 2529 uon
920 2463 1037 2545 poterit
1059 2461 1222 2530 testificari
1245 2463 1285 2528 de
1308 2463 1377 2528 loco
1399 2469 1433 2528 et
1454 2467 1607 2545 tempore,

375 2573 408 2634 et
431 2567 611 2650 specialiter
635 2567 674 2632 de
698 2573 850 2648 tempore.

585 2765 651 2808 ode.
676 2765 749 2807 oxu.
774 2765 876 2807 TUTOB
897 2765 1045 2808 FOBENSIS
1068 2765 1131 2807 NON
1154 2765 1267 2808 POTRS'I'
1289 2742 1390 2808 mnf

417 2881 498 2947 Item
519 2881 552 2945 in
574 2881 686 2946 eodem
709 2881 840 2945 coneilio
863 2885 990 2962 captum
1013 2881 1073 2946 luit
1095 2901 1151 2964 per
1169 2881 1307 2947 ballotes
1334 2879 1429 2962 xlviij,
1452 2897 1519 2946 mon
1533 2897 1606 2944 con-

374 2985 582 3051 trariantr'bue
604 2985 645 3049 iv.
669 2985 700 3050 in
723 2987 924 3065 contrarium,
938 2987 1034 3067 ·qu0d
1057 2985 1169 3051 amodo
1185 2986 1217 3050 in
1233 2991 1328 3051 antea
1342 2985 1455 3066 aliquis
1471 2983 1606 3051 forensis

373 3109 437 3156 non
460 3089 622 3169 habitans,
658 3091 762 3172 aliquo
786 3092 928 3172 quaesito
962 3091 1068 3157 colore
1091 3109 1154 3156 non
1177 3092 1279 3173 possit
1313 3095 1514 3164 assecutor,
1546 3107 1606 3156 uec

374 3193 568 3278 gubernator
590 3193 721 3260 alicuius
740 3213 895 3278 personae
916 3195 948 3259 in
972 3195 1119 3280 curzule,
1142 3197 1174 3260 in
1190 3195 1282 3262 bonis
1297 3194 1548 3262 Curzulensium.

408 3391 474 3434 on.
499 3391 586 3435 oxm.
609 3393 807 3436 mummium
828 3393 871 3434 DE
893 3392 1034 3436 cunum
1055 3394 1118 3436 dou
1140 3395 1264 3440 Possm
1286 3393 1446 3438 umam
1468 3393 1576 3438 sonu!

857 3479 941 3522 BONA
967 3479 1120 3522 ereum.
1487 3481 1490 3490 “

417 3597 497 3662 Item
520 3615 577 3680 per
598 3595 734 3664 bellotae
756 3595 819 3660 xlii.
840 3615 903 3663 non
926 3597 1193 3664 contrectantibus
1210 3617 1324 3665 nouem
1347 3599 1378 3664 in
1400 3599 1604 3678 contrarium,

376 3707 502 3784 coptum
535 3699 595 3767 luit
618 3707 652 3766 et
673 3701 855 3782 obtentum',
890 3702 975 3783 quod
1009 3702 1116 3784 aliqua
1149 3721 1287 3786 persona
1319 3709 1385 3769 tam
1418 3705 1604 3784 masculina,

374 3825 468 3890 quam
500 3805 648 3873 feminina
682 3825 739 3888 pro
770 3807 947 3874 recedendo
979 3809 1018 3873 de
1041 3793 1191 3890 Cumulo,
1226 3827 1289 3876 nou
1321 3810 1424 3892 possit
1458 3811 1605 3889 uendere,

373 3913 501 3994 donare,
524 3914 711 3995 pignorare,
746 3931 805 3978 nec
827 3913 932 3994 aliquo
954 3913 1049 3980 modo
1072 3913 1212 3981 alienare
1236 3915 1388 3982 debonis
1418 3917 1485 3981 suis
1507 3915 1604 3982 stabi·

373 4017 472 4095 libus,
507 4018 568 4083 nisi
590 4017 691 4083 solum
725 4017 866 4084 affictum
888 4019 979 4084 unius
1002 4019 1093 4094 enni,
1128 4021 1178 4086 vel
1201 4021 1345 4087 duorum.
1380 4019 1501 4104 Siqua
1529 4039 1603 4086 uero

374 4140 511 4204 persona
531 4123 637 4203 aliquo
660 4123 764 4201 modo,
789 4123 976 4206 relingeuio
995 4125 1114 4207 aliquid
1131 4125 1223 4192 daret
1238 4127 1426 4202 nominibus,
1449 4131 1603 4208 utsupra,

374 4227 488 4308 perdat
510 4225 665 4312 denarios,
688 4245 769 4309 quoe
792 4229 901 4304 daret,
932 4246 1065 4310 quorum
1087 4231 1242 4297 medietas
1269 4232 1437 4313 perueniat
1457 4231 1491 4296 iu
1512 4230 1605 4297 Com·

374 4349 477 4411 mune,
502 4337 535 4396 et
556 4331 619 4398 alia
640 4333 793 4398 medietas
814 4333 869 4412 illi,
893 4334 947 4414 qui
968 4333 1156 4414 alienasset3
1186 4353 1244 4401 uec
1265 4335 1366 4419 possit
1399 4335 1603 4404 cancellarius

372 4435 477 4502 facere
501 4441 620 4502 certam
644 4438 781 4519 aliquam
803 4440 835 4504 in
859 4439 1022 4505 similibus.

417 4577 428 4612 1
444 4580 538 4640 Poena
553 4581 669 4640 duorum
684 4597 880 4656 yperperorum
895 4584 1032 4642 statuitur
1047 4601 1085 4644 aa
1094 4601 1123 4658 p.
1139 4585 1215 4646 (llll.
1232 4586 1391 4646 Statuti.

416 4663 485 4728 Ὀἱ
503 4685 579 4743 cap.
597 4667 725 4728 LXXIV.
742 4669 902 4729 Statuti.
