3416 5350
314 398 372 457 104

307 596 431 662 feratur
449 593 593 676 pertibus
615 592 818 674 presentibus
837 592 889 656 uel
914 591 1027 668 citatis,
1057 591 1116 654 nisi
1132 592 1164 654 in
1180 589 1404 672 compromisso
1421 588 1548 664 dicatur,

312 699 397 781 quod
420 695 565 780 partibus
589 695 806 776 presentibus,
831 695 882 760 uei
905 695 1092 760 absentibus
1116 691 1184 758 fieri
1207 694 1315 774 possit.

738 943 804 986 OAP·
830 943 929 984 LXXX.
952 942 994 984 nrt
1016 941 1133 985 EODEM.

354 1061 434 1126 Item
464 1062 619 1124 statutum
643 1063 676 1123 et
699 1057 881 1122 ordinatum
904 1063 970 1134 est,
1005 1058 1089 1138 quod
1121 1058 1148 1122 si
1179 1058 1305 1138 questIo
1336 1058 1380 1122 sit
1401 1077 1420 1122 a
1444 1057 1548 1121 decem

312 1163 401 1229 libris
424 1180 521 1244 supra
544 1169 577 1227 et
600 1168 707 1244 partes
730 1161 830 1228 uelint
852 1161 893 1226 de
916 1181 955 1226 ea
978 1163 1246 1243 compromittere,
1270 1161 1356 1242 quod
1378 1160 1494 1228 debeat
1515 1160 1552 1224 de

312 1267 373 1333 hoc
395 1286 453 1349 per
476 1267 667 1348 scripturam
698 1266 812 1347 notarij
846 1264 912 1330 fieri
936 1266 1183 1331 instrumentum
1207 1265 1255 1331 et¹
1278 1266 1548 1346 compromissum.

312 1371 357 1436 Et
378 1371 517 1452 laudum,
541 1371 593 1437 uel
615 1370 781 1437 arbitrium
805 1369 952 1436 sImiIiter
974 1368 1043 1434 fieri
1068 1368 1186 1434 debeat
1209 1387 1266 1450 per
1286 1369 1474 1449 scripturam
1497 1385 1550 1432 no·
1648 1453 1649 1456 Ἴ

315 1475 398 1557 tarij,
422 1475 501 1540 olias
523 1476 564 1554 id,
589 1474 674 1556 quod
696 1473 743 1548 fit,
767 1491 831 1539 non
853 1473 962 1538 ualeat
984 1473 1053 1555 ipso
1076 1472 1155 1539 iure.

356 1579 406 1645 De
429 1579 540 1644 minori
565 1597 641 1644 nero
665 1579 844 1658 quantitate
867 1577 1014 1658 predicta
1035 1575 1103 1642 fieri
1126 1576 1256 1641 ualeant
1287 1576 1355 1640 sine
1379 1575 1549 1656 scripturis.

427 1827 494 1872 ΟΔΡ.
518 1827 628 1867 Lxxxr.
652 1826 694 1867 ΒΕ
717 1823 1062 1868 superfluousrlournus
1084 1823 1236 1866 BONOEUM
1260 1819 1437 1866 sumtum.

354 1943 434 2008 Item
466 1947 622 2007 statutum
647 1947 680 2008 et
704 1942 886 2007 ordinatum
910 1947 968 2026 est,
1004 1941 1088 2024 quod
1111 1942 1137 2006 si
1161 1942 1231 2022 quis
1255 1943 1440 2024 pignoraret
1462 1939 1551 2006 alicui

312 2045 450 2126 aliquam
474 2045 612 2126 domum,
636 2045 689 2112 uel
712 2045 854 2127 aliquam
877 2051 1007 2123 terram,
1031 2045 1084 2110 uel
1101 2045 1226 2110 uincam
1242 2031 1423 2128 proaliquo
1440 2045 1552 2121 debito,

313 2149 398 2230 quod
418 2147 481 2234 iile,
504 2149 558 2230 qui
574 2149 689 2230 recipit
704 2149 768 2214 tale
783 2147 908 2230 pignus,
926 2148 1042 2214 debeat
1057 2145 1283 2230 ex'computere
1303 2149 1363 2214 sibi
1379 2149 1410 2212 in
1428 2153 1552 2224 sortem,

312 2251 461 2332 quicquid
491 2251 658 2318 commode
686 2253 787 2333 possit
820 2253 962 2333 recipere
994 2251 1034 2316 do
1065 2252 1247 2332 comptura’
1278 2253 1409 2334 domus,
1445 2251 1552 2316 uelde

314 2352 487 2431 fructibus,
525 2373 604 2435 quos
629 2354 817 2436 perciperet,
853 2356 928 2436 quia
950 2355 1011 2434 iste
1035 2371 1173 2436 expense
1198 2353 1317 2421 debent
1340 2354 1462 2420 extrahi
1485 2360 1554 2418 ante

314 2457 418 2522 omnia
441 2463 474 2522 et
497 2457 582 2537 quod
606 2457 664 2522 sibi
688 2464 847 2534 remanet,
880 2457 931 2523 uel
956 2475 1121 2524 remanere
1155 2462 1264 2539 potest
1288 2458 1494 2523 communiter
1516 2455 1553 2519 de

310 2559 494 2641 comptura³
525 2559 655 2635 (lomus,
687 2562 740 2626 uel
772 2559 811 2625 de
842 2559 935 2624 ‹iictis
967 2559 1123 2626 fructibus
1146 2561 1179 2624 in
1202 2567 1338 2638 sortem,
1372 2565 1553 2641 computare

313 2665 460 2727 teneatur
483 2661 524 2726 ad
547 2661 616 2739 hoc,
640 2667 677 2726 ut
702 2681 764 2729 non
787 2663 928 2728 incurrat
952 2665 1132 2744 peccatum⁴
1156 2681 1261 2744 usurp.

646 2910 714 2954 OAI'.
739 2911 862 2952 nxxxn.
893 2911 936 2954 me
959 2913 1225 2956 ummussonrnus

355 3024 435 3092 Item
471 3031 627 3092 statutum
659 3033 693 3090 et
716 3027 895 3093 ordiuntum
918 3033 985 3107 est,
1021 3029 1104 3108 quod
1127 3029 1232 3094 nullus
1255 3029 1334 3096 ciuis
1359 3030 1551 3111 Spalatensis

313 3130 415 3212 possit
437 3150 509 3198 esse
531 3130 701 3198 fideiussor
722 3149 780 3214 pro
803 3133 911 3220 aliquo
934 3133 1062 3200 forense
1081 3133 1112 3198 in
1130 3151 1228 3200 cansa
1243 3135 1328 3200 ciuili
1345 3142 1379 3200 et
1396 3133 1553 3214 criminati,

312 3233 372 3298 nisi
396 3233 498 3300 dictus
522 3234 599 3299 ciuis
623 3232 838 3316 spalatensis
860 3235 995 3302 haberet
1017 3241 1140 3302 tantum
1168 3239 1208 3303 de
1236 3239 1330 3304 bonis
1356 3239 1440 3303 dicti
1458 3236 1555 3304 foren-

315 3339 370 3418 sis,
395 3338 480 3419 quod
504 3337 666 3436 sufficeret
688 3339 729 3404 ad
752 3339 976 3421 quantitatem,
1014 3360 1072 3422 pro
1096 3361 1159 3423 qua
1182 3343 1303 3423 petitur
1333 3341 1503 3418 fideIussio,
1526 3349 1558 3406 et

314 3441 340 3505 si
364 3439 553 3510 confiteatur
584 3461 619 3508 se
643 3448 766 3508 tantum
797 3443 916 3512 habero
947 3463 1044 3526 penes
1074 3465 1109 3510 se
1133 3445 1172 3512 de
1196 3447 1287 3514 bonis
1310 3447 1385 3511 dicti
1411 3446 1556 3511 forensis

315 3545 400 3624 quod
423 3543 560 3612 sufficiat
583 3543 828 3626 fideiussionem,
854 3547 905 3612 uel
925 3549 1176 3628 promissionem,
1200 3551 1372 3631 recipiatur
1395 3551 1465 3614 eius
1488 3567 1557 3630 pro·

316 3648 434 3729 missio,
458 3650 510 3714 uel
533 3648 694 3716 fideiussio
717 3655 783 3715 tam
806 3651 838 3716 iu
862 3669 958 3716 causo
981 3651 1074 3735 ciuili,
1099 3671 1193 3733 quam
1216 3655 1248 3718 in
1272 3654 1424 3720 criminali
1449 3659 1483 3718 et
1499 3653 1555 3718 boc

314 3751 473 3816 scribatur
495 3754 527 3817 in
551 3752 630 3818 actis
653 3773 711 3834 per
734 3754 908 3838 notarium,
933 3755 988 3835 qui
1011 3757 1125 3837 recipit
1147 3757 1215 3822 eius
1238 3755 1487 3831 fideiussionem,
1510 3757 1558 3824 uel

316 3854 552 3938 obligationem,
577 3856 662 3936 quod
686 3856 788 3922 dictus
813 3858 890 3922 ciuis
914 3857 1100 3939 Spalatinus
1120 3859 1290 3926 confitetur
1306 3867 1428 3926 tantum
1446 3861 1559 3928 habere

319 3976 417 4038 penes
440 3977 474 4024 se
499 3959 538 4024 de
562 3959 654 4024 bonis
677 3959 752 4024 dicti
775 3959 918 4038 forensis,
949 3963 1033 4042 quod
1049 3963 1131 4028 bene
1148 3961 1265 4028 sufficit
1280 3965 1320 4029 acl
1338 3963 1559 4046 obligationem

318 4061 370 4127 uel
389 4062 627 4143 promissionem
652 4063 845 4144 predictam
877 4065 951 4146 quia
978 4067 1055 4130 satis
1087 4068 1190 4132 esset⁶
1211 4067 1371 4146 iniustum,
1397 4069 1559 4150 siciliquis

314 4164 450 4232 forensis
485 4167 708 4232 conueniretur
737 4167 770 4232 in
801 4169 931 4236 cinitate
955 4167 1076 4250 Spalati
1107 4171 1243 4238 ciuiliter
1277 4173 1328 4238 uei
1352 4173 1553 4238 criminaliter

362 4373 373 4408 ¹
411 4379 657 4459 „Instrumentum
692 4375 740 4438 et“
780 4380 864 4438 deest
901 4379 929 4437 in
967 4380 1048 4440 cod.
1087 4383 1191 4442 acad.
1230 4383 1255 4441 Β
1293 4387 1322 4442 et
1358 4401 1407 4458 ap.
1446 4383 1555 4459 Ljnb.

319 4459 332 4496 ²
365 4461 453 4524 Cori.
488 4465 596 4524 acad.
631 4465 656 4523 B
689 4469 721 4526 et
758 4483 806 4539 ap.
845 4465 973 4541 Ljub:
1015 4469 1184 4539 ,eontnra“.
1274 4466 1285 4503 ³
1320 4469 1418 4530 ibid.
1458 4489 1482 4530 s.
1520 4489 1555 4530 m.

318 4546 447 4610 ‘ibtdz
473 4545 629 4630 ,penam“.
736 4549 859 4614 ⁵Ood.
890 4553 997 4612 acad.
1022 4553 1097 4612 Bet
1119 4571 1167 4630 ap.
1194 4555 1309 4632 injub:
1335 4551 1554 4639 ,spalat-num.

321 4633 332 4668 ⁶
354 4634 411 4714 Ap.
435 4635 562 4714 Ljub.:
590 4639 683 4712 ,est“.
