3434 5368
289 385 398 476 '14

761 637 828 680 (IAP-
853 637 968 678 XXVIII.
992 636 1034 678 DX
1057 635 1174 678 EODEM.

388 720 468 786 Item
498 719 683 799 statuimuS,
718 717 804 798 qued
835 736 892 799 per
921 717 1080 782 domiuum
1116 715 1261 782 comitem
1292 721 1325 780 et
1348 731 1406 794 per
1436 714 1597 778 maiorem

346 823 467 906 partem
492 823 584 903 parui
607 820 728 886 consilii
753 820 815 885 duo
839 820 988 885 aduocati
1020 819 1158 886 debeant
1181 818 1255 899 eligi
1279 818 1318 883 de
1341 817 1446 883 media
1468 818 1502 881 in
1524 835 1597 880 me·

347 927 433 992 dium
456 944 582 1005 anuum,
607 923 661 1007 qui
683 925 821 990 debeant
836 924 997 1006 inquirere
1021 930 1053 989 et
1076 923 1249 988 defendere
1273 921 1414 987 iusticias
1437 927 1470 986 et
1492 919 1597 984 ratio·

346 1049 404 1096 nes
428 1026 660 1093 communitatis
682 1045 741 1109 per
764 1031 996 1093 sacramentum
1013 1031 1047 1092 et
1062 1027 1217 1108 placitare
1235 1043 1340 1091 coram
1358 1024 1462 1090 curia¹
1478 1028 1598 1088 contra

350 1149 458 1198 omnes
488 1129 709 1196 malefactores
733 1135 766 1194 at
788 1128 1027 1195 maledictores²
1062 1135 1287 1210 preterquam
1311 1133 1422 1193 contra
1457 1144 1598 1192 cunsan-

350 1234 481 1316 quineos
504 1237 536 1298 in
559 1232 698 1300 secundo
721 1232 823 1312 gradu
845 1238 879 1298 et
902 1251 999 1314 supra
1023 1237 1056 1297 et
1078 1231 1264 1314 cegrratum³
1281 1236 1315 1295 et
1330 1231 1448 1296 debent
1470 1227 1597 1295 habere
1703 1265 1705 1296 ;

350 1337 503 1404 decimam
524 1341 647 1418 partem
671 1335 809 1401 emnium
833 1353 938 1400 rerum
969 1336 1202 1416 acquiSitarum
1217 1341 1250 1400 et
1273 1333 1481 1399 iudicatarum
1505 1349 1597 1396 eom·
1703 1397 1705 1424 1

348 1440 495 1506 munitati
519 1446 553 1504 et
575 1439 637 1504 illis
659 1439 818 1522 personis,
854 1456 915 1520 que
939 1439 1116 1520 portionem
1141 1437 1259 1503 debent
1291 1437 1410 1502 habere
1434 1437 1473 1503 de
1497 1433 1595 1518 penis

347 1542 585 1610 malefacterum
609 1548 642 1608 et
663 1541 914 1610 maledicturum.
1702 1555 1705 1570 ¹

745 1720 811 1763 aar.
835 1721 925 1761 xxrx.
948 1721 990 1762 nn
1012 1698 1187 1764 maxuma*

389 1819 472 1884 Item
496 1817 674 1897 statuimus,
698 1818 784 1899 quod
807 1818 834 1882 si
856 1819 969 1900 aliquis
993 1825 1125 1885 uocatus
1143 1818 1239 1884 fuerit
1254 1817 1296 1884 ad
1312 1818 1462 1910 placitum
1479 1821 1595 1898 preter
1703 1809 1705 1818 ’

349 1939 445 2002 quum
467 1921 508 1986 de
529 1921 699 1988 maledieto
723 1922 775 1987 uel
799 1920 985 2002 malefacto,
1021 1929 1053 1990 et
1076 1923 1214 1989 noluerit
1248 1921 1444 2004 respondere
1467 1927 1500 1986 et
1521 1919 1595 2000 pla·

347 2024 446 2090 citare
470 2043 577 2090 curam
600 2025 738 2108 dominu,
762 2025 858 2106 cuna,
883 2033 1016 2107 utraque
1039 2045 1114 2108 pars
1137 2027 1236 2107 eligat
1259 2025 1405 2104 arbitrus,
1429 2042 1491 2089 vna
1514 2041 1595 2104 pars
1703 2027 1705 2044 ²

346 2145 443 2193 vnum
466 2128 519 2192 uel
535 2127 626 2209 duaa,
650 2132 683 2208 et
698 2128 799 2194 altera
814 2147 890 2211 pars
911 2130 1053 2212 totidem,
1077 2135 1110 2195 et
1129 2149 1222 2194 vnum
1240 2127 1293 2196 dat
1309 2147 1413 2196 comes
1430 2127 1470 2192 de
1483 2125 1593 2192 medin
1703 2157 1705 2172 2

346 2231 425 2297 nulli
444 2230 585 2314 partium
615 2237 797 2315 suspectum
820 2250 879 2299 nec
900 2234 1088 2300 attinentem
1111 2233 1163 2298 uni
1186 2233 1258 2314 plus
1281 2250 1375 2312 quarn
1398 2231 1499 2316 alteri,
1536 2231 1595 2310 qui
1704 2303 1705 2310 ἵ

346 2335 457 2402 arbitri
479 2333 562 2402 iufra
576 2335 754 2417 terminum,
779 2355 873 2418 quem
889 2337 936 2402 eis
953 2337 1099 2404 dominus
1116 2355 1219 2404 comes
1235 2334 1405 2420 prefixerit,
1431 2333 1595 2400 diffiniant

352 2445 463 2523 partes
485 2457 543 2521 per
565 2441 760 2506 sentenciam
783 2439 836 2506 uel
859 2441 1052 2508 cuncordent
1074 2441 1133 2507 sub
1156 2460 1239 2524 pena
1261 2441 1322 2507 sibi
1344 2460 1364 2506 a
1387 2439 1514 2507 domino
1538 2456 1593 2504 eo·

349 2543 426 2610 mite
449 2543 541 2624 data3
577 2548 610 2610 et
632 2543 744 2610 arbitri
766 2546 806 2610 ab
829 2563 891 2610 vno
913 2563 1072 2628 yperpero
1096 2544 1210 2629 supra⁵
1243 2545 1383 2612 debeant
1416 2543 1493 2610 dare
1517 2561 1593 2609 sen-

348 2646 484 2712 tentiam
507 2647 539 2712 in
562 2648 725 2728 presencia
747 2648 865 2714 domini
889 2651 1020 2715 comitia.

715 2825 783 2869 aaa.
807 2829 883 2870 xxx.
906 2830 948 2870 nn
970 2807 1221 2872 nlumomnds.⁶

390 2921 472 2988 Item
495 2923 671 3003 statuimus,
696 2925 782 3006 qued
805 2926 833 2990 si
856 2926 969 3007 aliquis
984 2926 1081 2994 fuerit
1098 2933 1229 2995 uocatus
1246 2929 1287 2994 ad
1305 2927 1478 3010 palacitum
1493 2945 1595 3009 super
1700 2935 1705 3002 ,¹

347 3025 455 3106 aliuua
477 3027 600 3094 ratione
623 3034 732 3109 preter
755 3047 850 3110 quam
873 3030 913 3095 da
936 3032 1104 3098 maledicto
1124 3031 1178 3097 uel
1201 3033 1241 3096 de
1264 3030 1434 3098 maleiaetu
1456 3037 1490 3098 ct
1512 3051 1593 3114 que

346 3129 435 3196 sierit
457 3129 627 3195 terminum
650 3131 691 3195 ad
713 3133 981 3216 respondendum,
1006 3135 1031 3200 si
1046 3136 1170 3218 questio
1186 3135 1300 3204 aritde
1322 3157 1350 3202 v.
1374 3137 1540 3218 yperperis
1557 3142 1594 3202 et

346 3251 453 3316 supra,
477 3233 547 3299 uiro
572 3233 665 3299 detur
695 3236 848 3304 terminus
872 3244 943 3304 ectu
967 3239 1090 3305 dierum
1113 3245 1147 3305 et
1169 3239 1264 3306 uidue
1288 3241 1483 3321 quindecim
1515 3245 1548 3305 et
1573 3258 1595 3304 a

346 3337 484 3418 quinque
507 3355 606 3420 usque
630 3338 670 3402 ad
692 3357 805 3420 vnum,
839 3340 908 3406 uiro
932 3341 1026 3406 detur
1048 3344 1202 3408 terminus
1237 3349 1373 3424 quatuor
1408 3343 1530 3410 dicrum
1553 3349 1591 3410 et

345 3439 469 3505 mulieri
503 3439 596 3505 vidue
619 3446 690 3506 ueto
714 3447 747 3508 et
769 3443 810 3509 ab
833 3463 894 3511 vno
926 3444 1057 3511 inferIus
1089 3446 1158 3512 uiro
1182 3447 1276 3512 detur
1308 3447 1462 3514 terminas
1497 3447 1590 3512 unius
1704 3441 1705 3444 ’

345 3541 409 3608 diei
432 3547 465 3607 et
488 3543 611 3610 mulieri
634 3545 730 3610 uidue
754 3546 888 3612 duorum
911 3549 1042 3614 dierum.

603 3704 670 3750 ena.
694 3705 783 3750 xxxa.
808 3707 850 3750 ns
872 3711 1026 3753 sunnam
1047 3691 1330 3758 srmn1un101un.⁷

389 3801 470 3867 Item
493 3803 678 3882 statuimus,
714 3805 799 3884 quod
822 3807 849 3871 si
872 3808 987 3889 uliquis
1023 3815 1155 3876 uocatus
1184 3809 1280 3876 fuerit
1310 3812 1350 3877 ad
1380 3812 1531 3893 placitum
1554 3818 1590 3878 et

347 3904 461 3985 aliquis
489 3907 662 3987 quesiuerit
684 3908 724 3974 ab
748 3928 808 3976 vno
832 3929 987 3993 yperpero
1018 3931 1116 3994 super
1138 3919 1249 3980 cantra
1280 3915 1399 3997 ipsum,
1430 3917 1504 3996 ille,
1535 3917 1591 3998 qui

392 4043 561 4122 ²Daestap.
579 4049 773 4124 Hcrmayr.

391 4126 475 4207 Ἀρ.
491 4134 625 4209 Ljubit
642 4137 670 4193 at
685 4135 890 4212 Hormayr:
909 4141 1128 4222 „rnaludietus“.

389 4214 473 4293 ³Ap.
490 4221 513 4278 L
521 4220 645 4295 jubid:
666 4219 857 4298 „cognatus“.

346 4301 504 4450 Statulzimt
519 4323 564 4381 ap.
585 4307 726 4382 Ljubid
747 4312 776 4368 et
798 4311 986 4385 Hurmayr.
1012 4314 1213 4388 inscripsimus
1228 4319 1265 4377 ad
1281 4317 1373 4379 instar
1388 4338 1450 4396 cap.
1468 4321 1588 4382 XXXII.

391 4435 567 4553 ⁵Dccstap.
584 4480 782 4557 Hormayr.

389 4557 505 4622 ⁶Deest
518 4565 664 4640 inscriptio
680 4584 726 4641 ap.
751 4569 773 4627 L
783 4569 795 4642 j
807 4569 896 4630 ubit
918 4571 948 4629 et
970 4571 1159 4646 Hurmayr.
1184 4574 1226 4636 ef.
1243 4593 1303 4650 cap.
1321 4579 1452 4640 XXXIII.
1470 4581 1588 4643 Statuti.

389 4643 402 4681 ⁷
420 4649 504 4708 Deest
512 4667 556 4725 ap.
571 4651 663 4726 Ljub
673 4654 681 4711 i
691 4653 707 4712 t
718 4656 747 4712 et
758 4655 787 4712 H
793 4672 873 4714 urm.
887 4656 1080 4731 Apposuimus
1089 4659 1206 4720 titulum
1214 4679 1247 4720 ax
1258 4680 1318 4738 cap.
1333 4665 1460 4728 XXXIV.
1471 4667 1589 4730 Statum.
