<?xml version="1.0" encoding="UTF-8"?>
<!DOCTYPE html PUBLIC "-//W3C//DTD XHTML 1.0 Transitional//EN"
    "http://www.w3.org/TR/xhtml1/DTD/xhtml1-transitional.dtd">
<html xmlns="http://www.w3.org/1999/xhtml" xml:lang="en" lang="en">
 <head>
  <title>
</title>
<meta http-equiv="Content-Type" content="text/html;charset=utf-8" />
  <meta name='ocr-system' content='tesseract 3.04.00' />
  <meta name='ocr-capabilities' content='ocr_page ocr_carea ocr_par ocr_line ocrx_word'/>
</head>
<body>
  <div class='ocr_page' id='page_1' title='image "./statutaetlegesc00yuggoog_0218.png"; bbox 0 0 3376 5392; ppageno 0'>
   <div class='ocr_carea' id='block_1_1' title="bbox 361 429 421 492">
    <p class='ocr_par' dir='ltr' id='par_1_1' title="bbox 361 429 421 492">
     <span class='ocr_line' id='line_1_1' title="bbox 361 429 421 492; baseline -0.033 0"><span class='ocrx_word' id='word_1_1' title='bbox 361 429 421 492; x_wconf 84' lang='lat'><strong>192</strong></span> 
     </span>
    </p>
   </div>
   <div class='ocr_carea' id='block_1_2' title="bbox 360 641 1593 1066">
    <p class='ocr_par' dir='ltr' id='par_1_2' title="bbox 360 641 1593 1066">
     <span class='ocr_line' id='line_1_2' title="bbox 714 641 1244 710; baseline 0.004 -14"><span class='ocrx_word' id='word_1_2' title='bbox 714 653 812 696; x_wconf 84' lang='lat' dir='ltr'><strong>xxxv.</strong></span> <span class='ocrx_word' id='word_1_3' title='bbox 835 653 971 696; x_wconf 75' lang='lat' dir='ltr'><strong>munna</strong></span> <span class='ocrx_word' id='word_1_4' title='bbox 992 653 1124 698; x_wconf 75' lang='lat' dir='ltr'><strong>onosma</strong></span> <span class='ocrx_word' id='word_1_5' title='bbox 1147 641 1244 710; x_wconf 62' lang='grc' dir='ltr'><strong>κω,</strong></span> 
     </span>
     <span class='ocr_line' id='line_1_3' title="bbox 360 732 1593 805; baseline -0.003 -13"><span class='ocrx_word' id='word_1_6' title='bbox 360 737 500 792; x_wconf 89' lang='lat' dir='ltr'><strong>continens</strong></span> <span class='ocrx_word' id='word_1_7' title='bbox 514 740 629 804; x_wconf 88' lang='lat' dir='ltr'><strong>quatuor</strong></span> <span class='ocrx_word' id='word_1_8' title='bbox 642 733 764 802; x_wconf 86' lang='lat' dir='ltr'><strong>capitula</strong></span> <span class='ocrx_word' id='word_1_9' title='bbox 775 733 945 805; x_wconf 85' lang='lat' dir='ltr'><strong>popularium</strong></span> <span class='ocrx_word' id='word_1_10' title='bbox 957 749 1018 790; x_wconf 90' lang='lat' dir='ltr'><strong>cum</strong></span> <span class='ocrx_word' id='word_1_11' title='bbox 1030 735 1088 790; x_wconf 89' lang='lat' dir='ltr'><strong>suis</strong></span> <span class='ocrx_word' id='word_1_12' title='bbox 1100 733 1332 804; x_wconf 77' lang='lat' dir='ltr'><strong>responsionibus,</strong></span> <span class='ocrx_word' id='word_1_13' title='bbox 1351 733 1493 802; x_wconf 83' lang='lat' dir='ltr'><strong>uidelicet3</strong></span> <span class='ocrx_word' id='word_1_14' title='bbox 1512 732 1544 788; x_wconf 84' lang='lat' dir='ltr'><strong>de</strong></span> <span class='ocrx_word' id='word_1_15' title='bbox 1554 749 1593 788; x_wconf 81' lang='lat' dir='ltr'><strong>cu</strong></span> 
     </span>
     <span class='ocr_line' id='line_1_4' title="bbox 360 819 1593 892; baseline -0.002 -12"><span class='ocrx_word' id='word_1_16' title='bbox 360 823 456 892; x_wconf 77' lang='lat' dir='ltr'><strong>stodiJs</strong></span> <span class='ocrx_word' id='word_1_17' title='bbox 474 828 502 878; x_wconf 90' lang='lat' dir='ltr'><strong>et</strong></span> <span class='ocrx_word' id='word_1_18' title='bbox 520 821 648 892; x_wconf 79' lang='lat' dir='ltr'>operibus</span> <span class='ocrx_word' id='word_1_19' title='bbox 666 835 714 888; x_wconf 87' lang='lat' dir='ltr'><strong>per</strong></span> <span class='ocrx_word' id='word_1_20' title='bbox 732 820 839 876; x_wconf 87' lang='lat' dir='ltr'><strong>nobiles</strong></span> <span class='ocrx_word' id='word_1_21' title='bbox 856 837 910 876; x_wconf 89' lang='lat' dir='ltr'><strong>non</strong></span> <span class='ocrx_word' id='word_1_22' title='bbox 929 819 1040 890; x_wconf 88' lang='lat' dir='ltr'><strong>fiendis;</strong></span> <span class='ocrx_word' id='word_1_23' title='bbox 1058 819 1091 876; x_wconf 88' lang='lat' dir='ltr'><strong>de</strong></span> <span class='ocrx_word' id='word_1_24' title='bbox 1109 820 1246 877; x_wconf 88' lang='lat' dir='ltr'><strong>nobilibus</strong></span> <span class='ocrx_word' id='word_1_25' title='bbox 1264 821 1322 876; x_wconf 88' lang='lat' dir='ltr'><strong>ruri</strong></span> <span class='ocrx_word' id='word_1_26' title='bbox 1336 820 1526 876; x_wconf 77' lang='lat' dir='ltr'><strong>habitantubus</strong></span> <span class='ocrx_word' id='word_1_27' title='bbox 1537 837 1593 877; x_wconf 87' lang='lat' dir='ltr'><strong>cou-</strong></span> 
     </span>
     <span class='ocr_line' id='line_1_5' title="bbox 360 907 1593 977; baseline -0.001 -13"><span class='ocrx_word' id='word_1_28' title='bbox 360 911 484 966; x_wconf 82' lang='lat' dir='ltr'><strong>firmutur</strong></span> <span class='ocrx_word' id='word_1_29' title='bbox 502 907 603 963; x_wconf 85' lang='lat' dir='ltr'><strong>decisio</strong></span> <span class='ocrx_word' id='word_1_30' title='bbox 622 908 758 977; x_wconf 88' lang='lat' dir='ltr'><strong>capitanei</strong></span> <span class='ocrx_word' id='word_1_31' title='bbox 776 907 911 977; x_wconf 77' lang='lat' dir='ltr'><strong>generalis</strong></span> <span class='ocrx_word' id='word_1_32' title='bbox 936 907 1108 977; x_wconf 80' lang='lat' dir='ltr'><strong>supradicta3</strong></span> <span class='ocrx_word' id='word_1_33' title='bbox 1133 914 1162 962; x_wconf 86' lang='lat' dir='ltr'><strong>et</strong></span> <span class='ocrx_word' id='word_1_34' title='bbox 1179 908 1207 962; x_wconf 92' lang='lat' dir='ltr'><strong>in</strong></span> <span class='ocrx_word' id='word_1_35' title='bbox 1226 908 1375 964; x_wconf 86' lang='lat' dir='ltr'><strong>armatione</strong></span> <span class='ocrx_word' id='word_1_36' title='bbox 1400 909 1521 964; x_wconf 76' lang='lat' dir='ltr'><strong>triremis</strong></span> <span class='ocrx_word' id='word_1_37' title='bbox 1543 913 1593 963; x_wconf 78' lang='lat' dir='ltr'><strong>rtr-</strong></span> 
     </span>
     <span class='ocr_line' id='line_1_6' title="bbox 360 993 1593 1066; baseline -0.001 -15"><span class='ocrx_word' id='word_1_38' title='bbox 360 997 456 1066; x_wconf 85' lang='lat' dir='ltr'><strong>tuitur,</strong></span> <span class='ocrx_word' id='word_1_39' title='bbox 475 994 547 1064; x_wconf 89' lang='lat' dir='ltr'><strong>quod</strong></span> <span class='ocrx_word' id='word_1_40' title='bbox 565 993 669 1051; x_wconf 86' lang='lat' dir='ltr'><strong>nobiles</strong></span> <span class='ocrx_word' id='word_1_41' title='bbox 688 995 743 1050; x_wconf 88' lang='lat' dir='ltr'><strong>sint</strong></span> <span class='ocrx_word' id='word_1_42' title='bbox 759 995 936 1064; x_wconf 88' lang='lat' dir='ltr'><strong>supracomiti</strong></span> <span class='ocrx_word' id='word_1_43' title='bbox 954 1001 982 1050; x_wconf 90' lang='lat' dir='ltr'><strong>et</strong></span> <span class='ocrx_word' id='word_1_44' title='bbox 999 995 1098 1063; x_wconf 83' lang='lat' dir='ltr'><strong>reliqui</strong></span> <span class='ocrx_word' id='word_1_45' title='bbox 1117 993 1248 1052; x_wconf 80' lang='lat' dir='ltr'><strong>offienles</strong></span> <span class='ocrx_word' id='word_1_46' title='bbox 1267 1001 1296 1050; x_wconf 87' lang='lat' dir='ltr'><strong>et</strong></span> <span class='ocrx_word' id='word_1_47' title='bbox 1307 995 1431 1052; x_wconf 86' lang='lat' dir='ltr'><strong>homines</strong></span> <span class='ocrx_word' id='word_1_48' title='bbox 1445 1011 1478 1050; x_wconf 84' lang='lat' dir='ltr'><strong>ex</strong></span> <span class='ocrx_word' id='word_1_49' title='bbox 1489 995 1593 1066; x_wconf 76' lang='lat' dir='ltr'><strong>popula</strong></span> 
     </span>
    </p>
   </div>
   <div class='ocr_carea' id='block_1_3' title="bbox 403 1136 1321 1223">
    <p class='ocr_par' dir='ltr' id='par_1_3' title="bbox 403 1136 1321 1223">
     <span class='ocr_line' id='line_1_7' title="bbox 403 1136 1321 1223; baseline 0 -19"><span class='ocrx_word' id='word_1_50' title='bbox 403 1137 543 1204; x_wconf 84' lang='lat' dir='ltr'><strong>Jocnnea</strong></span> <span class='ocrx_word' id='word_1_51' title='bbox 565 1136 719 1204; x_wconf 81' lang='lat' dir='ltr'><strong>Moceaico</strong></span> <span class='ocrx_word' id='word_1_52' title='bbox 741 1136 803 1202; x_wconf 80' lang='lat' dir='ltr'><strong>Dei</strong></span> <span class='ocrx_word' id='word_1_53' title='bbox 822 1139 929 1223; x_wconf 79' lang='lat' dir='ltr'><strong>pretio</strong></span> <span class='ocrx_word' id='word_1_54' title='bbox 952 1138 1018 1202; x_wconf 81' lang='lat' dir='ltr'><strong>duc</strong></span> <span class='ocrx_word' id='word_1_55' title='bbox 1047 1137 1246 1204; x_wconf 73' lang='lat' dir='ltr'><strong>Veneriorum</strong></span> <span class='ocrx_word' id='word_1_56' title='bbox 1267 1147 1321 1204; x_wconf 83' lang='lat' dir='ltr'><strong>etc.</strong></span> 
     </span>
    </p>
   </div>
   <div class='ocr_carea' id='block_1_4' title="bbox 358 1259 1593 4806">
    <p class='ocr_par' dir='ltr' id='par_1_4' title="bbox 362 1259 1593 1540">
     <span class='ocr_line' id='line_1_8' title="bbox 406 1259 1591 1344; baseline 0 -18"><span class='ocrx_word' id='word_1_57' title='bbox 406 1260 574 1328; x_wconf 85' lang='lat' dir='ltr'><strong>Nobilibus</strong></span> <span class='ocrx_word' id='word_1_58' title='bbox 596 1265 630 1326; x_wconf 89' lang='lat' dir='ltr'><strong>et</strong></span> <span class='ocrx_word' id='word_1_59' title='bbox 652 1260 848 1344; x_wconf 81' lang='lat' dir='ltr'><strong>sapientibus</strong></span> <span class='ocrx_word' id='word_1_60' title='bbox 877 1259 952 1326; x_wconf 88' lang='lat' dir='ltr'><strong>viris</strong></span> <span class='ocrx_word' id='word_1_61' title='bbox 982 1259 1120 1344; x_wconf 85' lang='lat' dir='ltr'><strong>Georgio</strong></span> <span class='ocrx_word' id='word_1_62' title='bbox 1149 1259 1255 1342; x_wconf 79' lang='lat' dir='ltr'><strong>Victo,</strong></span> <span class='ocrx_word' id='word_1_63' title='bbox 1288 1261 1329 1328; x_wconf 87' lang='lat' dir='ltr'><strong>de</strong></span> <span class='ocrx_word' id='word_1_64' title='bbox 1358 1278 1416 1327; x_wconf 92' lang='lat' dir='ltr'><strong>suo</strong></span> <span class='ocrx_word' id='word_1_65' title='bbox 1448 1260 1591 1326; x_wconf 85' lang='lat' dir='ltr'><strong>mandato</strong></span> 
     </span>
     <span class='ocr_line' id='line_1_9' title="bbox 364 1363 1593 1433; baseline -0.002 -1"><span class='ocrx_word' id='word_1_66' title='bbox 364 1365 471 1433; x_wconf 90' lang='lat' dir='ltr'><strong>comiti</strong></span> <span class='ocrx_word' id='word_1_67' title='bbox 494 1364 650 1431; x_wconf 86' lang='lat' dir='ltr'><strong>Gurzulae</strong></span> <span class='ocrx_word' id='word_1_68' title='bbox 672 1369 707 1430; x_wconf 88' lang='lat' dir='ltr'><strong>et</strong></span> <span class='ocrx_word' id='word_1_69' title='bbox 728 1365 965 1432; x_wconf 88' lang='lat' dir='ltr'><strong>successoribus</strong></span> <span class='ocrx_word' id='word_1_70' title='bbox 994 1365 1060 1432; x_wconf 88' lang='lat' dir='ltr'><strong>suis</strong></span> <span class='ocrx_word' id='word_1_71' title='bbox 1082 1363 1229 1432; x_wconf 88' lang='lat' dir='ltr'><strong>fidelibus</strong></span> <span class='ocrx_word' id='word_1_72' title='bbox 1253 1365 1378 1432; x_wconf 85' lang='lat' dir='ltr'><strong>dilectis</strong></span> <span class='ocrx_word' id='word_1_73' title='bbox 1410 1364 1543 1431; x_wconf 86' lang='lat' dir='ltr'><strong>salutem</strong></span> <span class='ocrx_word' id='word_1_74' title='bbox 1563 1371 1593 1430; x_wconf 89' lang='lat' dir='ltr'><strong>et</strong></span> 
     </span>
     <span class='ocr_line' id='line_1_10' title="bbox 362 1468 1364 1540; baseline -0.009 -3"><span class='ocrx_word' id='word_1_75' title='bbox 362 1472 539 1538; x_wconf 84' lang='lat' dir='ltr'><strong>dilectionis</strong></span> <span class='ocrx_word' id='word_1_76' title='bbox 561 1468 719 1538; x_wconf 83' lang='lat' dir='ltr'><strong>affectum.</strong></span> <span class='ocrx_word' id='word_1_77' title='bbox 963 1533 966 1540; x_wconf 81' lang='grc'>,</span> <span class='ocrx_word' id='word_1_78' title='bbox 1361 1478 1364 1483; x_wconf 87' lang='grc'>·</span> 
     </span>
    </p>

    <p class='ocr_par' dir='ltr' id='par_1_5' title="bbox 362 1573 1591 1763">
     <span class='ocr_line' id='line_1_11' title="bbox 405 1573 1591 1659; baseline -0.003 -18"><span class='ocrx_word' id='word_1_79' title='bbox 405 1575 508 1644; x_wconf 85' lang='lat' dir='ltr'><strong>Fuere</strong></span> <span class='ocrx_word' id='word_1_80' title='bbox 530 1576 573 1642; x_wconf 88' lang='lat' dir='ltr'><strong>sd</strong></span> <span class='ocrx_word' id='word_1_81' title='bbox 595 1575 809 1657; x_wconf 88' lang='lat' dir='ltr'><strong>praesentiam</strong></span> <span class='ocrx_word' id='word_1_82' title='bbox 830 1579 972 1641; x_wconf 89' lang='lat' dir='ltr'><strong>nostram</strong></span> <span class='ocrx_word' id='word_1_83' title='bbox 995 1575 1100 1659; x_wconf 90' lang='lat' dir='ltr'><strong>nuncij</strong></span> <span class='ocrx_word' id='word_1_84' title='bbox 1131 1575 1264 1642; x_wconf 88' lang='lat' dir='ltr'><strong>istorum</strong></span> <span class='ocrx_word' id='word_1_85' title='bbox 1295 1574 1436 1642; x_wconf 88' lang='lat' dir='ltr'><strong>fidelium</strong></span> <span class='ocrx_word' id='word_1_86' title='bbox 1465 1573 1591 1656; x_wconf 85' lang='lat' dir='ltr'><strong>populu-</strong></span> 
     </span>
     <span class='ocr_line' id='line_1_12' title="bbox 362 1681 1218 1763; baseline -0.005 -15"><span class='ocrx_word' id='word_1_87' title='bbox 362 1682 442 1748; x_wconf 89' lang='lat' dir='ltr'><strong>rium</strong></span> <span class='ocrx_word' id='word_1_88' title='bbox 464 1686 617 1763; x_wconf 85' lang='lat' dir='ltr'><strong>nostrum,</strong></span> <span class='ocrx_word' id='word_1_89' title='bbox 641 1681 695 1760; x_wconf 86' lang='lat' dir='ltr'><strong>qui</strong></span> <span class='ocrx_word' id='word_1_90' title='bbox 717 1683 867 1761; x_wconf 86' lang='lat' dir='ltr'><strong>quattuor</strong></span> <span class='ocrx_word' id='word_1_91' title='bbox 889 1698 909 1745; x_wconf 92' lang='lat' dir='ltr'><strong>a</strong></span> <span class='ocrx_word' id='word_1_92' title='bbox 930 1681 1024 1746; x_wconf 91' lang='lat' dir='ltr'><strong>nobis</strong></span> <span class='ocrx_word' id='word_1_93' title='bbox 1048 1682 1218 1763; x_wconf 88' lang='lat' dir='ltr'><strong>petierunt.</strong></span> 
     </span>
    </p>

    <p class='ocr_par' dir='ltr' id='par_1_6' title="bbox 365 1782 1591 1974">
     <span class='ocr_line' id='line_1_13' title="bbox 403 1782 1591 1869; baseline -0.005 -17"><span class='ocrx_word' id='word_1_94' title='bbox 403 1785 508 1853; x_wconf 91' lang='lat' dir='ltr'><strong>Primo</strong></span> <span class='ocrx_word' id='word_1_95' title='bbox 532 1785 616 1869; x_wconf 86' lang='lat' dir='ltr'><strong>quod</strong></span> <span class='ocrx_word' id='word_1_96' title='bbox 641 1784 794 1852; x_wconf 89' lang='lat' dir='ltr'><strong>uellemus</strong></span> <span class='ocrx_word' id='word_1_97' title='bbox 816 1785 995 1867; x_wconf 83' lang='lat' dir='ltr'><strong>prouidere,</strong></span> <span class='ocrx_word' id='word_1_98' title='bbox 1020 1790 1056 1852; x_wconf 90' lang='lat' dir='ltr'><strong>ut</strong></span> <span class='ocrx_word' id='word_1_99' title='bbox 1077 1784 1229 1852; x_wconf 72' lang='lat' dir='ltr'><strong>facientes</strong></span> <span class='ocrx_word' id='word_1_100' title='bbox 1252 1782 1414 1850; x_wconf 88' lang='lat' dir='ltr'><strong>custodias</strong></span> <span class='ocrx_word' id='word_1_101' title='bbox 1429 1782 1511 1848; x_wconf 90' lang='lat' dir='ltr'><strong>etin</strong></span> <span class='ocrx_word' id='word_1_102' title='bbox 1526 1799 1591 1862; x_wconf 81' lang='lat' dir='ltr'><strong>ope</strong></span> 
     </span>
     <span class='ocr_line' id='line_1_14' title="bbox 365 1885 1591 1974; baseline -0.006 -17"><span class='ocrx_word' id='word_1_103' title='bbox 365 1891 452 1957; x_wconf 90' lang='lat' dir='ltr'><strong>ribus</strong></span> <span class='ocrx_word' id='word_1_104' title='bbox 475 1889 609 1974; x_wconf 87' lang='lat' dir='ltr'><strong>publicis</strong></span> <span class='ocrx_word' id='word_1_105' title='bbox 631 1908 666 1956; x_wconf 92' lang='lat' dir='ltr'><strong>se</strong></span> <span class='ocrx_word' id='word_1_106' title='bbox 687 1893 882 1972; x_wconf 84' lang='lat' dir='ltr'><strong>exercentes,</strong></span> <span class='ocrx_word' id='word_1_107' title='bbox 905 1890 946 1956; x_wconf 89' lang='lat' dir='ltr'><strong>de</strong></span> <span class='ocrx_word' id='word_1_108' title='bbox 968 1909 1077 1958; x_wconf 84' lang='lat' dir='ltr'><strong>eorum</strong></span> <span class='ocrx_word' id='word_1_109' title='bbox 1100 1889 1262 1956; x_wconf 81' lang='lat' dir='ltr'><strong>laboribus</strong></span> <span class='ocrx_word' id='word_1_110' title='bbox 1284 1886 1433 1954; x_wconf 84' lang='lat' dir='ltr'><strong>satisfieri</strong></span> <span class='ocrx_word' id='word_1_111' title='bbox 1449 1885 1591 1952; x_wconf 80' lang='lat' dir='ltr'><strong>habeant</strong></span> 
     </span>
    </p>

    <p class='ocr_par' dir='ltr' id='par_1_7' title="bbox 362 1993 1593 2181">
     <span class='ocr_line' id='line_1_15' title="bbox 405 1993 1593 2078; baseline -0.005 -16"><span class='ocrx_word' id='word_1_112' title='bbox 405 1993 559 2074; x_wconf 84' lang='lat' dir='ltr'><strong>Secundo,</strong></span> <span class='ocrx_word' id='word_1_113' title='bbox 583 1994 668 2076; x_wconf 92' lang='lat' dir='ltr'><strong>quod</strong></span> <span class='ocrx_word' id='word_1_114' title='bbox 690 1993 914 2077; x_wconf 91' lang='lat' dir='ltr'><strong>prouideamus</strong></span> <span class='ocrx_word' id='word_1_115' title='bbox 937 1997 1019 2062; x_wconf 84' lang='lat' dir='ltr'><strong>circa</strong></span> <span class='ocrx_word' id='word_1_116' title='bbox 1034 1996 1181 2078; x_wconf 86' lang='lat' dir='ltr'><strong>angarias</strong></span> <span class='ocrx_word' id='word_1_117' title='bbox 1197 1999 1230 2060; x_wconf 89' lang='lat' dir='ltr'><strong>et</strong></span> <span class='ocrx_word' id='word_1_118' title='bbox 1250 1993 1416 2078; x_wconf 86' lang='lat' dir='ltr'><strong>factiones,</strong></span> <span class='ocrx_word' id='word_1_119' title='bbox 1440 2009 1522 2075; x_wconf 86' lang='lat' dir='ltr'><strong>quae</strong></span> <span class='ocrx_word' id='word_1_120' title='bbox 1542 2010 1593 2074; x_wconf 90' lang='lat' dir='ltr'><strong>per</strong></span> 
     </span>
     <span class='ocr_line' id='line_1_16' title="bbox 362 2099 1044 2181; baseline -0.003 -14"><span class='ocrx_word' id='word_1_121' title='bbox 362 2099 494 2181; x_wconf 86' lang='lat' dir='ltr'><strong>nobiles,</strong></span> <span class='ocrx_word' id='word_1_122' title='bbox 516 2100 584 2166; x_wconf 89' lang='lat' dir='ltr'><strong>ruri</strong></span> <span class='ocrx_word' id='word_1_123' title='bbox 605 2103 767 2166; x_wconf 88' lang='lat' dir='ltr'><strong>morantes</strong></span> <span class='ocrx_word' id='word_1_124' title='bbox 790 2099 873 2166; x_wconf 91' lang='lat' dir='ltr'><strong>solui</strong></span> <span class='ocrx_word' id='word_1_125' title='bbox 894 2100 1044 2166; x_wconf 89' lang='lat' dir='ltr'><strong>habeant.</strong></span> 
     </span>
    </p>

    <p class='ocr_par' dir='ltr' id='par_1_8' title="bbox 407 2195 1387 2274">
     <span class='ocr_line' id='line_1_17' title="bbox 407 2195 1387 2274; baseline -0.005 -3"><span class='ocrx_word' id='word_1_126' title='bbox 407 2195 551 2272; x_wconf 79' lang='lat' dir='ltr'><strong>Tertium</strong></span> <span class='ocrx_word' id='word_1_127' title='bbox 573 2205 658 2274; x_wconf 88' lang='lat' dir='ltr'><strong>circa</strong></span> <span class='ocrx_word' id='word_1_128' title='bbox 679 2223 786 2272; x_wconf 91' lang='lat' dir='ltr'><strong>muros</strong></span> <span class='ocrx_word' id='word_1_129' title='bbox 808 2203 948 2272; x_wconf 88' lang='lat' dir='ltr'><strong>iubricae</strong></span> <span class='ocrx_word' id='word_1_130' title='bbox 971 2205 1064 2271; x_wconf 89' lang='lat' dir='ltr'><strong>istius</strong></span> <span class='ocrx_word' id='word_1_131' title='bbox 1086 2204 1225 2270; x_wconf 87' lang='lat' dir='ltr'><strong>ciuitatis</strong></span> <span class='ocrx_word' id='word_1_132' title='bbox 1247 2211 1387 2271; x_wconf 88' lang='lat' dir='ltr'><strong>nostrae.</strong></span> 
     </span>
    </p>

    <p class='ocr_par' dir='ltr' id='par_1_9' title="bbox 408 2308 1121 2392">
     <span class='ocr_line' id='line_1_18' title="bbox 408 2308 1121 2392; baseline -0.006 -16"><span class='ocrx_word' id='word_1_133' title='bbox 408 2309 529 2388; x_wconf 82' lang='lat' dir='ltr'><strong>Quarto</strong></span> <span class='ocrx_word' id='word_1_134' title='bbox 552 2311 635 2378; x_wconf 87' lang='lat' dir='ltr'><strong>circa</strong></span> <span class='ocrx_word' id='word_1_135' title='bbox 657 2309 864 2376; x_wconf 84' lang='lat' dir='ltr'><strong>armatiorem</strong></span> <span class='ocrx_word' id='word_1_136' title='bbox 885 2308 997 2392; x_wconf 81' lang='lat' dir='ltr'><strong>galeae</strong></span> <span class='ocrx_word' id='word_1_137' title='bbox 1019 2309 1121 2376; x_wconf 87' lang='lat' dir='ltr'><strong>istinc.</strong></span> 
     </span>
    </p>

    <p class='ocr_par' dir='ltr' id='par_1_10' title="bbox 360 2410 1593 3651">
     <span class='ocr_line' id='line_1_19' title="bbox 408 2410 1593 2498; baseline -0.002 -20"><span class='ocrx_word' id='word_1_138' title='bbox 408 2415 455 2482; x_wconf 82' lang='lat' dir='ltr'><strong>Ad</strong></span> <span class='ocrx_word' id='word_1_139' title='bbox 478 2434 560 2498; x_wconf 86' lang='lat' dir='ltr'><strong>quae</strong></span> <span class='ocrx_word' id='word_1_140' title='bbox 582 2416 686 2482; x_wconf 89' lang='lat' dir='ltr'><strong>omnia</strong></span> <span class='ocrx_word' id='word_1_141' title='bbox 707 2414 808 2481; x_wconf 91' lang='lat' dir='ltr'><strong>multa</strong></span> <span class='ocrx_word' id='word_1_142' title='bbox 829 2414 921 2480; x_wconf 88' lang='lat' dir='ltr'><strong>nobis</strong></span> <span class='ocrx_word' id='word_1_143' title='bbox 944 2422 1128 2497; x_wconf 83' lang='lat' dir='ltr'><strong>exposuere,</strong></span> <span class='ocrx_word' id='word_1_144' title='bbox 1152 2431 1234 2496; x_wconf 88' lang='lat' dir='ltr'><strong>quae</strong></span> <span class='ocrx_word' id='word_1_145' title='bbox 1255 2413 1396 2498; x_wconf 84' lang='lat' dir='ltr'><strong>benigne</strong></span> <span class='ocrx_word' id='word_1_146' title='bbox 1411 2410 1593 2490; x_wconf 86' lang='lat' dir='ltr'><strong>audiuimus,</strong></span> 
     </span>
     <span class='ocr_line' id='line_1_20' title="bbox 360 2515 1592 2600; baseline -0.006 -13"><span class='ocrx_word' id='word_1_147' title='bbox 360 2522 407 2588; x_wconf 91' lang='lat' dir='ltr'><strong>uti</strong></span> <span class='ocrx_word' id='word_1_148' title='bbox 430 2539 539 2588; x_wconf 91' lang='lat' dir='ltr'><strong>eorum</strong></span> <span class='ocrx_word' id='word_1_149' title='bbox 554 2519 700 2588; x_wconf 89' lang='lat' dir='ltr'><strong>fidelitati</strong></span> <span class='ocrx_word' id='word_1_150' title='bbox 715 2519 880 2599; x_wconf 78' lang='lat' dir='ltr'><strong>conuenit3</strong></span> <span class='ocrx_word' id='word_1_151' title='bbox 903 2519 1145 2600; x_wconf 88' lang='lat' dir='ltr'><strong>audiuimusque</strong></span> <span class='ocrx_word' id='word_1_152' title='bbox 1160 2535 1178 2585; x_wconf 88' lang='lat' dir='ltr'><strong>e</strong></span> <span class='ocrx_word' id='word_1_153' title='bbox 1194 2535 1348 2585; x_wconf 89' lang='lat' dir='ltr'><strong>conuerso</strong></span> <span class='ocrx_word' id='word_1_154' title='bbox 1363 2523 1509 2586; x_wconf 86' lang='lat' dir='ltr'><strong>oratores</strong></span> <span class='ocrx_word' id='word_1_155' title='bbox 1523 2515 1592 2582; x_wconf 82' lang='lat' dir='ltr'><strong>fide</strong></span> 
     </span>
     <span class='ocr_line' id='line_1_21' title="bbox 363 2621 1591 2707; baseline -0.003 -17"><span class='ocrx_word' id='word_1_156' title='bbox 363 2625 441 2692; x_wconf 89' lang='lat' dir='ltr'><strong>lium</strong></span> <span class='ocrx_word' id='word_1_157' title='bbox 463 2624 614 2692; x_wconf 90' lang='lat' dir='ltr'><strong>nobilium</strong></span> <span class='ocrx_word' id='word_1_158' title='bbox 635 2629 815 2692; x_wconf 90' lang='lat' dir='ltr'><strong>nostrorum</strong></span> <span class='ocrx_word' id='word_1_159' title='bbox 837 2623 940 2702; x_wconf 88' lang='lat' dir='ltr'><strong>istinc,</strong></span> <span class='ocrx_word' id='word_1_160' title='bbox 964 2623 1018 2706; x_wconf 91' lang='lat' dir='ltr'><strong>qui</strong></span> <span class='ocrx_word' id='word_1_161' title='bbox 1040 2641 1150 2690; x_wconf 89' lang='lat' dir='ltr'><strong>eorum</strong></span> <span class='ocrx_word' id='word_1_162' title='bbox 1173 2622 1341 2707; x_wconf 83' lang='lat' dir='ltr'><strong>priuilegia</strong></span> <span class='ocrx_word' id='word_1_163' title='bbox 1362 2629 1397 2690; x_wconf 87' lang='lat' dir='ltr'><strong>et</strong></span> <span class='ocrx_word' id='word_1_164' title='bbox 1411 2623 1537 2688; x_wconf 85' lang='lat' dir='ltr'><strong>litteras</strong></span> <span class='ocrx_word' id='word_1_165' title='bbox 1551 2621 1591 2686; x_wconf 86' lang='lat' dir='ltr'><strong>eis</strong></span> 
     </span>
     <span class='ocr_line' id='line_1_22' title="bbox 362 2727 1592 2812; baseline -0.006 -14"><span class='ocrx_word' id='word_1_166' title='bbox 362 2748 530 2798; x_wconf 89' lang='lat' dir='ltr'><strong>concessas</strong></span> <span class='ocrx_word' id='word_1_167' title='bbox 552 2729 686 2796; x_wconf 90' lang='lat' dir='ltr'><strong>diuersis</strong></span> <span class='ocrx_word' id='word_1_168' title='bbox 709 2728 904 2812; x_wconf 91' lang='lat' dir='ltr'><strong>temporibus</strong></span> <span class='ocrx_word' id='word_1_169' title='bbox 925 2747 983 2810; x_wconf 92' lang='lat' dir='ltr'><strong>pro</strong></span> <span class='ocrx_word' id='word_1_170' title='bbox 1007 2728 1054 2794; x_wconf 90' lang='lat' dir='ltr'><strong>rei</strong></span> <span class='ocrx_word' id='word_1_171' title='bbox 1076 2727 1236 2810; x_wconf 84' lang='lat' dir='ltr'><strong>exigentia</strong></span> <span class='ocrx_word' id='word_1_172' title='bbox 1262 2728 1354 2795; x_wconf 93' lang='lat' dir='ltr'><strong>nobis</strong></span> <span class='ocrx_word' id='word_1_173' title='bbox 1383 2727 1592 2794; x_wconf 85' lang='lat' dir='ltr'><strong>ostenderunt</strong></span> 
     </span>
     <span class='ocr_line' id='line_1_23' title="bbox 364 2831 1592 2919; baseline -0.005 -17"><span class='ocrx_word' id='word_1_174' title='bbox 364 2835 430 2902; x_wconf 88' lang='lat' dir='ltr'><strong>Nos</strong></span> <span class='ocrx_word' id='word_1_175' title='bbox 451 2851 529 2901; x_wconf 91' lang='lat' dir='ltr'><strong>uero</strong></span> <span class='ocrx_word' id='word_1_176' title='bbox 552 2834 725 2916; x_wconf 86' lang='lat' dir='ltr'><strong>cupientes,</strong></span> <span class='ocrx_word' id='word_1_177' title='bbox 748 2851 785 2900; x_wconf 91' lang='lat' dir='ltr'><strong>ac</strong></span> <span class='ocrx_word' id='word_1_178' title='bbox 806 2831 938 2900; x_wconf 90' lang='lat' dir='ltr'><strong>firmiter</strong></span> <span class='ocrx_word' id='word_1_179' title='bbox 955 2832 1178 2919; x_wconf 66' lang='lat' dir='ltr'><strong>deliberantes,</strong></span> <span class='ocrx_word' id='word_1_180' title='bbox 1200 2839 1237 2898; x_wconf 91' lang='lat' dir='ltr'><strong>ut</strong></span> <span class='ocrx_word' id='word_1_181' title='bbox 1251 2837 1404 2915; x_wconf 91' lang='lat' dir='ltr'><strong>quantum</strong></span> <span class='ocrx_word' id='word_1_182' title='bbox 1420 2851 1480 2914; x_wconf 90' lang='lat' dir='ltr'><strong>per</strong></span> <span class='ocrx_word' id='word_1_183' title='bbox 1493 2831 1592 2912; x_wconf 85' lang='lat' dir='ltr'><strong>elapsa</strong></span> 
     </span>
     <span class='ocr_line' id='line_1_24' title="bbox 362 2933 1589 3023; baseline -0.007 -15"><span class='ocrx_word' id='word_1_184' title='bbox 362 2945 508 3023; x_wconf 89' lang='lat' dir='ltr'><strong>tempora</strong></span> <span class='ocrx_word' id='word_1_185' title='bbox 526 2939 614 3004; x_wconf 87' lang='lat' dir='ltr'><strong>iuxta</strong></span> <span class='ocrx_word' id='word_1_186' title='bbox 633 2937 766 3005; x_wconf 86' lang='lat' dir='ltr'><strong>iormam</strong></span> <span class='ocrx_word' id='word_1_187' title='bbox 788 2937 1025 3023; x_wconf 82' lang='lat' dir='ltr'><strong>priuilegiorum</strong></span> <span class='ocrx_word' id='word_1_188' title='bbox 1047 2943 1080 3004; x_wconf 87' lang='lat' dir='ltr'><strong>et</strong></span> <span class='ocrx_word' id='word_1_189' title='bbox 1101 2939 1338 3006; x_wconf 83' lang='lat' dir='ltr'><strong>concessionum</strong></span> <span class='ocrx_word' id='word_1_190' title='bbox 1361 2933 1589 3004; x_wconf 78' lang='lat' dir='ltr'><strong>nosuanmiu</strong></span> 
     </span>
     <span class='ocr_line' id='line_1_25' title="bbox 364 3041 1591 3127; baseline -0.005 -17"><span class='ocrx_word' id='word_1_191' title='bbox 364 3045 461 3112; x_wconf 89' lang='lat' dir='ltr'><strong>rebus</strong></span> <span class='ocrx_word' id='word_1_192' title='bbox 483 3050 517 3112; x_wconf 87' lang='lat' dir='ltr'><strong>et</strong></span> <span class='ocrx_word' id='word_1_193' title='bbox 537 3043 680 3127; x_wconf 80' lang='lat' dir='ltr'><strong>materiJs</strong></span> <span class='ocrx_word' id='word_1_194' title='bbox 702 3042 874 3126; x_wconf 89' lang='lat' dir='ltr'><strong>praedictis</strong></span> <span class='ocrx_word' id='word_1_195' title='bbox 898 3043 1103 3110; x_wconf 89' lang='lat' dir='ltr'><strong>obseruatum</strong></span> <span class='ocrx_word' id='word_1_196' title='bbox 1124 3041 1279 3109; x_wconf 90' lang='lat' dir='ltr'><strong>hactenus</strong></span> <span class='ocrx_word' id='word_1_197' title='bbox 1302 3041 1409 3108; x_wconf 90' lang='lat' dir='ltr'><strong>extitit</strong></span> <span class='ocrx_word' id='word_1_198' title='bbox 1430 3041 1472 3108; x_wconf 84' lang='lat' dir='ltr'><strong>de</strong></span> <span class='ocrx_word' id='word_1_199' title='bbox 1493 3045 1591 3106; x_wconf 80' lang='lat' dir='ltr'><strong>cetero</strong></span> 
     </span>
     <span class='ocr_line' id='line_1_26' title="bbox 366 3146 1592 3230; baseline -0.005 -14"><span class='ocrx_word' id='word_1_200' title='bbox 366 3151 462 3216; x_wconf 90' lang='lat' dir='ltr'><strong>etiam</strong></span> <span class='ocrx_word' id='word_1_201' title='bbox 484 3147 708 3215; x_wconf 82' lang='lat' dir='ltr'><strong>inmolabiirer</strong></span> <span class='ocrx_word' id='word_1_202' title='bbox 729 3147 926 3229; x_wconf 84' lang='lat' dir='ltr'><strong>obseruetur,</strong></span> <span class='ocrx_word' id='word_1_203' title='bbox 950 3147 1069 3215; x_wconf 86' lang='lat' dir='ltr'><strong>eisdem</strong></span> <span class='ocrx_word' id='word_1_204' title='bbox 1098 3147 1319 3230; x_wconf 89' lang='lat' dir='ltr'><strong>respondimis,</strong></span> <span class='ocrx_word' id='word_1_205' title='bbox 1341 3146 1427 3228; x_wconf 89' lang='lat' dir='ltr'><strong>quod</strong></span> <span class='ocrx_word' id='word_1_206' title='bbox 1450 3150 1592 3228; x_wconf 85' lang='lat' dir='ltr'><strong>quantum</strong></span> 
     </span>
     <span class='ocr_line' id='line_1_27' title="bbox 364 3249 1590 3336; baseline -0.005 -16"><span class='ocrx_word' id='word_1_207' title='bbox 364 3254 405 3320; x_wconf 91' lang='lat' dir='ltr'><strong>ad</strong></span> <span class='ocrx_word' id='word_1_208' title='bbox 429 3253 590 3321; x_wconf 89' lang='lat' dir='ltr'><strong>custodias</strong></span> <span class='ocrx_word' id='word_1_209' title='bbox 614 3259 648 3319; x_wconf 87' lang='lat' dir='ltr'><strong>et</strong></span> <span class='ocrx_word' id='word_1_210' title='bbox 669 3271 767 3336; x_wconf 89' lang='lat' dir='ltr'><strong>opera</strong></span> <span class='ocrx_word' id='word_1_211' title='bbox 788 3253 914 3335; x_wconf 86' lang='lat' dir='ltr'><strong>publiea</strong></span> <span class='ocrx_word' id='word_1_212' title='bbox 937 3257 1071 3335; x_wconf 79' lang='lat' dir='ltr'><strong>spectat,</strong></span> <span class='ocrx_word' id='word_1_213' title='bbox 1094 3252 1305 3320; x_wconf 88' lang='lat' dir='ltr'><strong>obseruentur</strong></span> <span class='ocrx_word' id='word_1_214' title='bbox 1327 3253 1369 3319; x_wconf 90' lang='lat' dir='ltr'><strong>ad</strong></span> <span class='ocrx_word' id='word_1_215' title='bbox 1383 3269 1522 3334; x_wconf 86' lang='lat' dir='ltr'><strong>umquem</strong></span> <span class='ocrx_word' id='word_1_216' title='bbox 1534 3249 1590 3332; x_wconf 82' lang='lat' dir='ltr'><strong>pri</strong></span> 
     </span>
     <span class='ocr_line' id='line_1_28' title="bbox 365 3353 1592 3440; baseline -0.002 -16"><span class='ocrx_word' id='word_1_217' title='bbox 365 3357 482 3440; x_wconf 85' lang='lat' dir='ltr'><strong>uilegia</strong></span> <span class='ocrx_word' id='word_1_218' title='bbox 504 3365 537 3424; x_wconf 88' lang='lat' dir='ltr'><strong>et</strong></span> <span class='ocrx_word' id='word_1_219' title='bbox 566 3357 784 3424; x_wconf 88' lang='lat' dir='ltr'><strong>concessiones</strong></span> <span class='ocrx_word' id='word_1_220' title='bbox 814 3363 951 3440; x_wconf 86' lang='lat' dir='ltr'><strong>nostrae,</strong></span> <span class='ocrx_word' id='word_1_221' title='bbox 983 3356 1088 3423; x_wconf 88' lang='lat' dir='ltr'><strong>iactae</strong></span> <span class='ocrx_word' id='word_1_222' title='bbox 1118 3355 1277 3424; x_wconf 87' lang='lat' dir='ltr'><strong>nobilibus</strong></span> <span class='ocrx_word' id='word_1_223' title='bbox 1305 3362 1339 3424; x_wconf 91' lang='lat' dir='ltr'><strong>et</strong></span> <span class='ocrx_word' id='word_1_224' title='bbox 1367 3355 1491 3422; x_wconf 88' lang='lat' dir='ltr'><strong>ciuibus</strong></span> <span class='ocrx_word' id='word_1_225' title='bbox 1512 3353 1592 3431; x_wconf 63' lang='lat' dir='ltr'><strong>istim</strong></span> 
     </span>
     <span class='ocr_line' id='line_1_29' title="bbox 364 3459 1591 3547; baseline -0.002 -19"><span class='ocrx_word' id='word_1_226' title='bbox 364 3462 449 3545; x_wconf 89' lang='lat' dir='ltr'><strong>quod</strong></span> <span class='ocrx_word' id='word_1_227' title='bbox 471 3461 592 3529; x_wconf 85' lang='lat' dir='ltr'><strong>scilicet</strong></span> <span class='ocrx_word' id='word_1_228' title='bbox 613 3481 675 3529; x_wconf 91' lang='lat' dir='ltr'><strong>non</strong></span> <span class='ocrx_word' id='word_1_229' title='bbox 696 3467 867 3529; x_wconf 89' lang='lat' dir='ltr'><strong>teneantur</strong></span> <span class='ocrx_word' id='word_1_230' title='bbox 888 3480 991 3544; x_wconf 88' lang='lat' dir='ltr'><strong>neque</strong></span> <span class='ocrx_word' id='word_1_231' title='bbox 1015 3461 1056 3528; x_wconf 85' lang='lat' dir='ltr'><strong>nd</strong></span> <span class='ocrx_word' id='word_1_232' title='bbox 1078 3480 1178 3546; x_wconf 90' lang='lat' dir='ltr'><strong>opera</strong></span> <span class='ocrx_word' id='word_1_233' title='bbox 1198 3461 1335 3547; x_wconf 83' lang='lat' dir='ltr'><strong>publica,</strong></span> <span class='ocrx_word' id='word_1_234' title='bbox 1356 3479 1462 3543; x_wconf 86' lang='lat' dir='ltr'><strong>neque</strong></span> <span class='ocrx_word' id='word_1_235' title='bbox 1483 3459 1526 3528; x_wconf 86' lang='lat' dir='ltr'><strong>ed</strong></span> <span class='ocrx_word' id='word_1_236' title='bbox 1546 3477 1591 3526; x_wconf 91' lang='lat' dir='ltr'><strong>cu·</strong></span> 
     </span>
     <span class='ocr_line' id='line_1_30' title="bbox 368 3567 1175 3651; baseline -0.005 -15"><span class='ocrx_word' id='word_1_237' title='bbox 368 3568 500 3648; x_wconf 80' lang='lat' dir='ltr'><strong>stedine,</strong></span> <span class='ocrx_word' id='word_1_238' title='bbox 524 3575 619 3651; x_wconf 87' lang='lat' dir='ltr'><strong>prout</strong></span> <span class='ocrx_word' id='word_1_239' title='bbox 640 3568 673 3633; x_wconf 89' lang='lat' dir='ltr'><strong>iu</strong></span> <span class='ocrx_word' id='word_1_240' title='bbox 696 3567 773 3650; x_wconf 88' lang='lat' dir='ltr'><strong>ipsis</strong></span> <span class='ocrx_word' id='word_1_241' title='bbox 791 3567 965 3650; x_wconf 85' lang='lat' dir='ltr'><strong>priuilegijs</strong></span> <span class='ocrx_word' id='word_1_242' title='bbox 987 3567 1175 3634; x_wconf 85' lang='lat' dir='ltr'><strong>continetur.</strong></span> 
     </span>
    </p>

    <p class='ocr_par' dir='ltr' id='par_1_11' title="bbox 363 3668 1592 3950">
     <span class='ocr_line' id='line_1_31' title="bbox 407 3668 1592 3764; baseline -0.003 -27"><span class='ocrx_word' id='word_1_243' title='bbox 407 3671 500 3750; x_wconf 81' lang='lat' dir='ltr'><strong>Quod</strong></span> <span class='ocrx_word' id='word_1_244' title='bbox 521 3691 598 3740; x_wconf 90' lang='lat' dir='ltr'><strong>uero</strong></span> <span class='ocrx_word' id='word_1_245' title='bbox 629 3671 752 3740; x_wconf 88' lang='lat' dir='ltr'><strong>nobiles</strong></span> <span class='ocrx_word' id='word_1_246' title='bbox 785 3672 851 3738; x_wconf 93' lang='lat' dir='ltr'><strong>ruri</strong></span> <span class='ocrx_word' id='word_1_247' title='bbox 880 3671 1069 3764; x_wconf 84' lang='lat' dir='ltr'><strong>habitantes,</strong></span> <span class='ocrx_word' id='word_1_248' title='bbox 1098 3671 1255 3752; x_wconf 89' lang='lat' dir='ltr'><strong>uolumus,</strong></span> <span class='ocrx_word' id='word_1_249' title='bbox 1284 3677 1321 3738; x_wconf 91' lang='lat' dir='ltr'><strong>ut</strong></span> <span class='ocrx_word' id='word_1_250' title='bbox 1350 3668 1592 3737; x_wconf 77' lang='lat' dir='ltr'><strong>terminationem</strong></span> 
     </span>
     <span class='ocr_line' id='line_1_32' title="bbox 365 3775 1592 3860; baseline -0.004 -16"><span class='ocrx_word' id='word_1_251' title='bbox 365 3777 523 3860; x_wconf 86' lang='lat' dir='ltr'><strong>capitanei</strong></span> <span class='ocrx_word' id='word_1_252' title='bbox 546 3779 647 3844; x_wconf 90' lang='lat' dir='ltr'><strong>nostri</strong></span> <span class='ocrx_word' id='word_1_253' title='bbox 668 3777 827 3859; x_wconf 86' lang='lat' dir='ltr'><strong>generalis</strong></span> <span class='ocrx_word' id='word_1_254' title='bbox 849 3777 881 3842; x_wconf 93' lang='lat' dir='ltr'><strong>in</strong></span> <span class='ocrx_word' id='word_1_255' title='bbox 903 3776 963 3844; x_wconf 89' lang='lat' dir='ltr'><strong>hac</strong></span> <span class='ocrx_word' id='word_1_256' title='bbox 984 3797 1020 3845; x_wconf 93' lang='lat' dir='ltr'><strong>re</strong></span> <span class='ocrx_word' id='word_1_257' title='bbox 1041 3776 1158 3844; x_wconf 85' lang='lat' dir='ltr'><strong>iactam</strong></span> <span class='ocrx_word' id='word_1_258' title='bbox 1180 3775 1367 3856; x_wconf 87' lang='lat' dir='ltr'><strong>obseruetis‚</strong></span> <span class='ocrx_word' id='word_1_259' title='bbox 1390 3779 1506 3858; x_wconf 84' lang='lat' dir='ltr'><strong>utpote</strong></span> <span class='ocrx_word' id='word_1_260' title='bbox 1520 3789 1592 3857; x_wconf 84' lang='lat' dir='ltr'><strong>quae</strong></span> 
     </span>
     <span class='ocr_line' id='line_1_33' title="bbox 363 3868 1149 3950; baseline -0.001 -2"><span class='ocrx_word' id='word_1_261' title='bbox 363 3883 433 3949; x_wconf 93' lang='lat' dir='ltr'><strong>iure</strong></span> <span class='ocrx_word' id='word_1_262' title='bbox 456 3887 490 3948; x_wconf 90' lang='lat' dir='ltr'><strong>et</strong></span> <span class='ocrx_word' id='word_1_263' title='bbox 512 3881 670 3949; x_wconf 89' lang='lat' dir='ltr'><strong>honestati</strong></span> <span class='ocrx_word' id='word_1_264' title='bbox 693 3884 847 3950; x_wconf 89' lang='lat' dir='ltr'><strong>conuenit.</strong></span> <span class='ocrx_word' id='word_1_265' title='bbox 1143 3868 1149 3892; x_wconf 83' lang='lat'><strong>¹</strong></span> 
     </span>
    </p>

    <p class='ocr_par' dir='ltr' id='par_1_12' title="bbox 358 3985 1590 4384">
     <span class='ocr_line' id='line_1_34' title="bbox 405 3985 1590 4069; baseline -0.002 -17"><span class='ocrx_word' id='word_1_266' title='bbox 405 3985 443 4052; x_wconf 92' lang='lat' dir='ltr'><strong>In</strong></span> <span class='ocrx_word' id='word_1_267' title='bbox 459 3987 634 4053; x_wconf 88' lang='lat' dir='ltr'><strong>armatione</strong></span> <span class='ocrx_word' id='word_1_268' title='bbox 649 4005 727 4054; x_wconf 89' lang='lat' dir='ltr'><strong>uero</strong></span> <span class='ocrx_word' id='word_1_269' title='bbox 743 3988 880 4055; x_wconf 85' lang='lat' dir='ltr'><strong>triremis</strong></span> <span class='ocrx_word' id='word_1_270' title='bbox 896 3987 989 4054; x_wconf 86' lang='lat' dir='ltr'><strong>istinc</strong></span> <span class='ocrx_word' id='word_1_271' title='bbox 1004 3987 1159 4068; x_wconf 80' lang='lat' dir='ltr'><strong>uolumru,</strong></span> <span class='ocrx_word' id='word_1_272' title='bbox 1183 3987 1269 4069; x_wconf 90' lang='lat' dir='ltr'><strong>quod</strong></span> <span class='ocrx_word' id='word_1_273' title='bbox 1286 3985 1486 4066; x_wconf 80' lang='lat' dir='ltr'><strong>obseruator,</strong></span> <span class='ocrx_word' id='word_1_274' title='bbox 1502 4003 1590 4068; x_wconf 87' lang='lat' dir='ltr'><strong>quan·</strong></span> 
     </span>
     <span class='ocr_line' id='line_1_35' title="bbox 364 4089 1587 4176; baseline -0.002 -18"><span class='ocrx_word' id='word_1_275' title='bbox 364 4097 432 4158; x_wconf 92' lang='lat' dir='ltr'><strong>tum</strong></span> <span class='ocrx_word' id='word_1_276' title='bbox 453 4093 486 4157; x_wconf 90' lang='lat' dir='ltr'><strong>iu</strong></span> <span class='ocrx_word' id='word_1_277' title='bbox 509 4091 581 4176; x_wconf 88' lang='lat' dir='ltr'><strong>alijs</strong></span> <span class='ocrx_word' id='word_1_278' title='bbox 604 4093 699 4160; x_wconf 83' lang='lat' dir='ltr'><strong>terris</strong></span> <span class='ocrx_word' id='word_1_279' title='bbox 721 4094 836 4159; x_wconf 84' lang='lat' dir='ltr'><strong>nostris</strong></span> <span class='ocrx_word' id='word_1_280' title='bbox 859 4091 1021 4160; x_wconf 87' lang='lat' dir='ltr'><strong>obseruari</strong></span> <span class='ocrx_word' id='word_1_281' title='bbox 1044 4091 1200 4176; x_wconf 88' lang='lat' dir='ltr'><strong>superiori</strong></span> <span class='ocrx_word' id='word_1_282' title='bbox 1221 4091 1282 4159; x_wconf 90' lang='lat' dir='ltr'><strong>hoc</strong></span> <span class='ocrx_word' id='word_1_283' title='bbox 1295 4097 1441 4174; x_wconf 88' lang='lat' dir='ltr'><strong>tempore</strong></span> <span class='ocrx_word' id='word_1_284' title='bbox 1458 4089 1587 4158; x_wconf 89' lang='lat' dir='ltr'><strong>decreui-</strong></span> 
     </span>
     <span class='ocr_line' id='line_1_36' title="bbox 358 4196 1590 4281; baseline 0 -19"><span class='ocrx_word' id='word_1_285' title='bbox 358 4215 438 4276; x_wconf 77' lang='lat' dir='ltr'><strong>mus,</strong></span> <span class='ocrx_word' id='word_1_286' title='bbox 467 4203 503 4262; x_wconf 90' lang='lat' dir='ltr'><strong>ut</strong></span> <span class='ocrx_word' id='word_1_287' title='bbox 523 4198 645 4264; x_wconf 87' lang='lat' dir='ltr'><strong>scilicet</strong></span> <span class='ocrx_word' id='word_1_288' title='bbox 667 4198 870 4280; x_wconf 80' lang='lat' dir='ltr'><strong>supranomiti</strong></span> <span class='ocrx_word' id='word_1_289' title='bbox 892 4204 926 4265; x_wconf 89' lang='lat' dir='ltr'><strong>et</strong></span> <span class='ocrx_word' id='word_1_290' title='bbox 945 4198 1119 4281; x_wconf 89' lang='lat' dir='ltr'><strong>balistrarij</strong></span> <span class='ocrx_word' id='word_1_291' title='bbox 1150 4217 1171 4264; x_wconf 90' lang='lat' dir='ltr'><strong>a</strong></span> <span class='ocrx_word' id='word_1_292' title='bbox 1191 4198 1290 4280; x_wconf 90' lang='lat' dir='ltr'><strong>puppi</strong></span> <span class='ocrx_word' id='word_1_293' title='bbox 1320 4197 1385 4264; x_wconf 90' lang='lat' dir='ltr'><strong>sint</strong></span> <span class='ocrx_word' id='word_1_294' title='bbox 1416 4196 1537 4264; x_wconf 81' lang='lat' dir='ltr'><strong>nobiles</strong></span> <span class='ocrx_word' id='word_1_295' title='bbox 1563 4199 1590 4262; x_wconf 87' lang='lat' dir='ltr'><strong>et</strong></span> 
     </span>
     <span class='ocr_line' id='line_1_37' title="bbox 364 4301 1189 4384; baseline -0.001 -15"><span class='ocrx_word' id='word_1_296' title='bbox 364 4301 483 4384; x_wconf 90' lang='lat' dir='ltr'><strong>reliqui</strong></span> <span class='ocrx_word' id='word_1_297' title='bbox 505 4301 657 4370; x_wconf 85' lang='lat' dir='ltr'><strong>officiales</strong></span> <span class='ocrx_word' id='word_1_298' title='bbox 680 4309 714 4369; x_wconf 90' lang='lat' dir='ltr'><strong>et</strong></span> <span class='ocrx_word' id='word_1_299' title='bbox 735 4304 876 4370; x_wconf 90' lang='lat' dir='ltr'><strong>homiues</strong></span> <span class='ocrx_word' id='word_1_300' title='bbox 898 4302 979 4369; x_wconf 89' lang='lat' dir='ltr'><strong>fiant</strong></span> <span class='ocrx_word' id='word_1_301' title='bbox 1000 4321 1040 4369; x_wconf 89' lang='lat' dir='ltr'><strong>ex</strong></span> <span class='ocrx_word' id='word_1_302' title='bbox 1061 4302 1189 4384; x_wconf 91' lang='lat' dir='ltr'><strong>populo.</strong></span> 
     </span>
    </p>

    <p class='ocr_par' dir='ltr' id='par_1_13' title="bbox 366 4407 1588 4806">
     <span class='ocr_line' id='line_1_38' title="bbox 411 4407 1588 4490; baseline -0.001 -17"><span class='ocrx_word' id='word_1_303' title='bbox 411 4407 522 4474; x_wconf 84' lang='lat' dir='ltr'><strong>Placet</strong></span> <span class='ocrx_word' id='word_1_304' title='bbox 543 4413 710 4490; x_wconf 88' lang='lat' dir='ltr'><strong>praeterea</strong></span> <span class='ocrx_word' id='word_1_305' title='bbox 733 4409 825 4476; x_wconf 88' lang='lat' dir='ltr'><strong>uobis</strong></span> <span class='ocrx_word' id='word_1_306' title='bbox 847 4408 1041 4476; x_wconf 80' lang='lat' dir='ltr'><strong>intellexisse</strong></span> <span class='ocrx_word' id='word_1_307' title='bbox 1064 4408 1179 4474; x_wconf 92' lang='lat' dir='ltr'><strong>bonam</strong></span> <span class='ocrx_word' id='word_1_308' title='bbox 1201 4413 1234 4474; x_wconf 89' lang='lat' dir='ltr'><strong>et</strong></span> <span class='ocrx_word' id='word_1_309' title='bbox 1249 4408 1401 4490; x_wconf 85' lang='lat' dir='ltr'><strong>optimam</strong></span> <span class='ocrx_word' id='word_1_310' title='bbox 1416 4408 1588 4474; x_wconf 79' lang='lat' dir='ltr'><strong>mentemst</strong></span> 
     </span>
     <span class='ocr_line' id='line_1_39' title="bbox 366 4512 1587 4598; baseline -0.003 -19"><span class='ocrx_word' id='word_1_311' title='bbox 366 4512 604 4594; x_wconf 89' lang='lat' dir='ltr'><strong>dispositionem</strong></span> <span class='ocrx_word' id='word_1_312' title='bbox 627 4517 693 4578; x_wconf 83' lang='lat' dir='ltr'><strong>tam</strong></span> <span class='ocrx_word' id='word_1_313' title='bbox 715 4513 866 4581; x_wconf 89' lang='lat' dir='ltr'><strong>nobilium</strong></span> <span class='ocrx_word' id='word_1_314' title='bbox 887 4515 1029 4598; x_wconf 87' lang='lat' dir='ltr'><strong>istorum,</strong></span> <span class='ocrx_word' id='word_1_315' title='bbox 1053 4531 1147 4595; x_wconf 88' lang='lat' dir='ltr'><strong>quam</strong></span> <span class='ocrx_word' id='word_1_316' title='bbox 1169 4513 1367 4596; x_wconf 89' lang='lat' dir='ltr'><strong>popularium</strong></span> <span class='ocrx_word' id='word_1_317' title='bbox 1389 4513 1474 4580; x_wconf 89' lang='lat' dir='ltr'><strong>circa</strong></span> <span class='ocrx_word' id='word_1_318' title='bbox 1496 4527 1587 4578; x_wconf 89' lang='lat' dir='ltr'><strong>muros</strong></span> 
     </span>
     <span class='ocr_line' id='line_1_40' title="bbox 366 4615 1585 4700; baseline -0.001 -19"><span class='ocrx_word' id='word_1_319' title='bbox 366 4615 506 4683; x_wconf 83' lang='lat' dir='ltr'><strong>iubricae</strong></span> <span class='ocrx_word' id='word_1_320' title='bbox 528 4635 622 4699; x_wconf 88' lang='lat' dir='ltr'><strong>quam</strong></span> <span class='ocrx_word' id='word_1_321' title='bbox 646 4619 694 4684; x_wconf 89' lang='lat' dir='ltr'><strong>uti</strong></span> <span class='ocrx_word' id='word_1_322' title='bbox 714 4637 772 4700; x_wconf 84' lang='lat' dir='ltr'><strong>per</strong></span> <span class='ocrx_word' id='word_1_323' title='bbox 795 4624 846 4684; x_wconf 90' lang='lat' dir='ltr'><strong>est</strong></span> <span class='ocrx_word' id='word_1_324' title='bbox 868 4617 1043 4698; x_wconf 82' lang='lat' dir='ltr'><strong>laudamus,</strong></span> <span class='ocrx_word' id='word_1_325' title='bbox 1067 4617 1276 4698; x_wconf 87' lang='lat' dir='ltr'><strong>uolumusque</strong></span> <span class='ocrx_word' id='word_1_326' title='bbox 1292 4622 1325 4683; x_wconf 88' lang='lat' dir='ltr'><strong>et</strong></span> <span class='ocrx_word' id='word_1_327' title='bbox 1340 4618 1526 4684; x_wconf 89' lang='lat' dir='ltr'><strong>mandamus</strong></span> <span class='ocrx_word' id='word_1_328' title='bbox 1539 4633 1585 4680; x_wconf 83' lang='lat' dir='ltr'><strong>uo</strong></span> 
     </span>
     <span class='ocr_line' id='line_1_41' title="bbox 366 4720 1585 4806; baseline -0.003 -18"><span class='ocrx_word' id='word_1_329' title='bbox 366 4721 415 4790; x_wconf 90' lang='lat' dir='ltr'><strong>bis</strong></span> <span class='ocrx_word' id='word_1_330' title='bbox 437 4727 474 4787; x_wconf 90' lang='lat' dir='ltr'><strong>ut</strong></span> <span class='ocrx_word' id='word_1_331' title='bbox 495 4721 589 4789; x_wconf 87' lang='lat' dir='ltr'><strong>solita</strong></span> <span class='ocrx_word' id='word_1_332' title='bbox 610 4728 716 4789; x_wconf 88' lang='lat' dir='ltr'><strong>uestra</strong></span> <span class='ocrx_word' id='word_1_333' title='bbox 739 4723 910 4805; x_wconf 88' lang='lat' dir='ltr'><strong>prudentia</strong></span> <span class='ocrx_word' id='word_1_334' title='bbox 932 4728 965 4790; x_wconf 91' lang='lat' dir='ltr'><strong>et</strong></span> <span class='ocrx_word' id='word_1_335' title='bbox 986 4723 1177 4791; x_wconf 88' lang='lat' dir='ltr'><strong>dexteritate</strong></span> <span class='ocrx_word' id='word_1_336' title='bbox 1199 4721 1352 4806; x_wconf 83' lang='lat' dir='ltr'><strong>efficiatis,</strong></span> <span class='ocrx_word' id='word_1_337' title='bbox 1375 4723 1462 4806; x_wconf 90' lang='lat' dir='ltr'><strong>quod</strong></span> <span class='ocrx_word' id='word_1_338' title='bbox 1483 4720 1585 4788; x_wconf 82' lang='lat' dir='ltr'><strong>lubrice</strong></span> 
     </span>
    </p>
   </div>
   <div class='ocr_carea' id='block_1_5' title="bbox 0 0 1692 5392">
    <p class='ocr_par' dir='ltr' id='par_1_14' title="bbox 0 0 1692 5392">
     <span class='ocr_line' id='line_1_42' title="bbox 0 0 1692 5392; baseline 0 0"><span class='ocrx_word' id='word_1_339' title='bbox 0 0 1692 5392; x_wconf 95' lang='lat' dir='ltr'><strong> </strong></span> 
     </span>
    </p>
   </div>
  </div>
 </body>
</html>
