3422 5364
950 1313 1044 1421 ΙΙΙ.

622 1523 1370 1632 REFORMATIONES.

603 1894 729 1940 ‘mum
751 1895 1022 1942 nmuonnuroltux
1043 1895 1385 1942 eupolemum.

378 2011 426 2077 De
448 2009 596 2078 malsanie
615 2059 835 2076 ......
865 2048 871 2060 ·
916 2063 1438 2078 .............
1584 2013 1602 2078 l.

378 2113 427 2179 De
451 2120 565 2197 quarta
588 2114 743 2183 bonorum
766 2116 991 2184 decedancium
1014 2117 1054 2184 ab
1077 2117 1231 2184 intestato
1252 2135 1310 2200 pro
1324 2135 1444 2200 paupe·

419 2217 507 2285 ribus
531 2220 670 2302 petenda
702 2271 1440 2286 ..................
1575 2221 1600 2302 ij.

378 2321 428 2388 De
451 2323 642 2392 carbonibus
658 2343 721 2393 non
741 2323 943 2392 extrahendis
961 2377 1442 2392 ............
1565 2324 1599 2406 iij.

376 2425 425 2493 De
449 2427 568 2494 calcina
589 2429 747 2511 portanda
769 2427 932 2512 Spalatum
954 2435 988 2498 et
1010 2448 1073 2498 uon
1095 2431 1157 2496 alio
1186 2430 1354 2499 uendeuda
1391 2481 1398 2494 .
1435 2481 1441 2494 .
1553 2429 1598 2512 iiij.

376 2530 426 2598 De
448 2531 538 2599 dacio
561 2531 681 2615 aaloinp
700 2583 1441 2602 ..................
1574 2551 1596 2597 r.

376 2633 425 2704 De
447 2635 637 2704 animalibus
660 2639 866 2721 pascentibus
887 2641 972 2706 intra
991 2641 1054 2707 duo
1070 2637 1199 2708 flumina
1217 2690 1440 2704 ......
1565 2637 1598 2719 vj·

375 2738 425 2808 De
448 2741 552 2824 porois
574 2760 636 2810 uon
661 2743 806 2811 tenendis
832 2793 1442 2810 ...............
1557 2741 1598 2822 iij.

375 2844 424 2912 De
447 2845 591 2914 custodia
613 2849 716 2930 campi
744 2897 1440 2914 .................
1545 2845 1596 2927 viij.

375 2948 425 3017 De
446 2967 531 3034 pena
552 2951 785 3034 paaoulantium
807 2953 839 3018 in
858 2969 970 3035 campo
1000 3003 1439 3018 ...........
1535 2949 1596 3032 viiii.

374 3053 424 3122 Da
445 3053 601 3124 solutione
623 3072 797 3140 precanum
829 3107 1439 3122 ...............
1572 3073 1596 3118 x.

374 3157 425 3226 De
446 3157 539 3227 oliuis
561 3159 759 3242 pastinandis
787 3211 1441 3226 ................
1563 3159 1596 3242 xj.

374 3263 424 3331 De
446 3264 591 3348 ponendo
613 3266 645 3332 in
668 3265 797 3333 oonsilio
831 3315 1442 3331 ...............
1554 3265 1597 3345 xij.

374 3367 424 3436 De
449 3385 533 3454 pena
561 3368 746 3437 habentium
778 3387 908 3438 uxorem
939 3375 972 3438 et
1004 3371 1255 3440 consumentium
1285 3389 1356 3437 eum
1380 3371 1445 3438 alia

418 3473 564 3558 copulam
585 3475 761 3543 camalam¹
788 3525 1442 3542 ................
1544 3473 1595 3556 xiij.

374 3579 425 3648 De
448 3579 557 3647 stratio
580 3579 753 3663 purgandis
788 3629 1444 3645 ................
1535 3577 1595 3660 xiiij.

375 3685 467 3764 Quod
490 3684 657 3766 uomuianj
682 3685 910 3752 sententiarum
935 3684 999 3750 sint
1021 3685 1253 3752 examinatores
1300 3737 1306 3748 .
1344 3737 1349 3750 .
1387 3736 1393 3750 .
1431 3736 1438 3750 .
1554 3699 1597 3746 ru.

375 3789 425 3856 De
448 3788 573 3857 douana
595 3789 762 3870 beocherie
785 3794 818 3858 at
841 3788 975 3872 piscarie
1002 3839 1441 3854 ...........
1546 3783 1594 3868 xvj.

379 3893 429 3961 De
450 3911 533 3976 aqua
555 3911 618 3960 uon
640 3894 787 3976 ponenda
808 3893 840 3960 in
863 3893 937 3961 uino
960 3894 1128 3962 ueniendo
1176 3945 1444 3960 .......
1536 3889 1594 3971 mii.

376 3998 427 4066 De
449 4017 560 4083 spuma
582 4018 644 4067 non
666 3998 812 4066 facienda
834 3999 866 4065 in
889 3998 1009 4066 buoiois
1047 4049 1444 4065 ..........
1528 3993 1594 4076 xviij.

376 4101 468 4182 Quod
491 4101 632 4172 forenses
655 4110 729 4187 post
751 4123 806 4171 sex
830 4123 954 4171 menses
977 4103 1097 4171 iaciant
1118 4103 1273 4171 factiones
1308 4156 1314 4169 .
1351 4157 1357 4168 .
1395 4155 1402 4168 .
1440 4155 1447 4169 .
1547 4100 1593 4164 rin

375 4207 463 4278 Ordo
486 4226 583 4293 super
605 4227 769 4276 mensuras
792 4209 888 4288 bladi,
913 4209 987 4290 uini,
1013 4209 1074 4277 olei
1098 4213 1131 4276 et
1147 4210 1242 4292 pauni
1261 4259 1442 4274 .....
1554 4221 1591 4268 ra

373 4313 425 4380 De
448 4313 607 4381 seruanda
628 4314 771 4381 custodia
789 4363 1444 4378 ................
1546 4307 1594 4388 xxj·
1669 4363 1670 4366 ,

374 4417 425 4486 Da
447 4417 576 4486 bullatis
600 4417 711 4486 fiendis
746 4467 1444 4483 .................
1568 4411 1583 4426 ’“

376 4519 497 4589 Contra
519 4521 664 4590 fauentes
688 4527 868 4591 carceratus
918 4571 1443 4587 .............
1526 4429 1592 4596 ἒ]
1666 4493 1669 4562 ¹

1666 4679 1669 4726 t

421 4713 433 4751 ¹
457 4711 644 4795 „oamalem‘
669 4719 752 4780 donat
774 4719 804 4778 in
826 4717 905 4779 eod.
929 4715 1036 4779 aoad.
1058 4715 1094 4780 Β.
