3434 5368
317 390 358 451 30

319 591 369 658 uel
394 591 566 676 tegumina,
602 591 654 658 uel
676 591 707 657 in
730 590 831 656 hortis
855 590 959 669 olere,
994 590 1047 656 uel
1069 589 1191 656 fructus
1214 595 1247 657 et
1269 590 1438 673 probatum
1461 590 1563 657 fuerit

320 713 489 778 perunum
520 695 665 762 idoneum
700 701 818 761 testem
853 713 923 760 cum
957 697 1133 760 iuramento
1156 699 1190 761 et
1212 699 1364 776 patronus
1399 693 1563 760 affirmare

318 800 456 866 uoluerit
479 817 548 866 eum
572 799 750 863 iuramento
771 798 809 864 de
827 797 1006 880 quantitate
1022 797 1099 864 furti
1116 805 1149 864 et
1164 798 1249 880 qued
1264 817 1375 882 uerum
1391 805 1449 877 est,
1473 799 1563 880 quod

320 903 438 968 furtum
461 901 578 968 factum
601 901 697 967 fuerit
719 901 766 977 ei,
795 901 847 967 fur
867 901 1017 968 restituet
1039 905 1142 967 totum
1175 900 1294 968 furtum
1317 908 1351 968 et
1373 900 1494 981 soluat,
1530 902 1561 967 si

318 1004 437 1072 furtum
460 1004 578 1071 factum
600 1003 697 1070 fuerit
719 1005 751 1070 iu
774 1005 835 1087 die,
859 1011 996 1086 quatuor
1018 1024 1193 1088 yperpern;
1217 1011 1251 1071 et
1265 1005 1293 1070 si
1308 1007 1341 1072 in
1358 1014 1460 1086 nnete,
1485 1025 1561 1084 sex3

318 1116 352 1175 et
375 1109 402 1173 si
425 1114 578 1190 petronus
601 1109 801 1174 accusauenit
815 1107 918 1173 furem
934 1107 1017 1174 infre
1032 1115 1103 1174 octo
1119 1110 1186 1175 dies
1205 1115 1278 1191 pest
1292 1109 1412 1176 furtum
1428 1109 1559 1188 sectum,

315 1212 434 1278 hebent
456 1211 658 1278 medietatem
683 1212 787 1288 banni,
815 1211 900 1293 quod
924 1212 951 1278 si
973 1231 1035 1278 nnn
1058 1214 1274 1296 amusement,
1310 1213 1364 1279 uel
1386 1213 1562 1279 coneorda-

317 1317 401 1381 uenit
424 1333 494 1381 eum
517 1314 650 1393 latrone,
686 1313 762 1378 nihil
787 1313 913 1381 hebeat.
939 1319 972 1381 et
995 1320 1103 1398 portet
1124 1315 1211 1381 illem
1233 1335 1357 1398 penam,
1391 1334 1486 1398 quem
1509 1314 1564 1380 fur

317 1417 498 1483 huiusmodi
530 1422 658 1499 portare
695 1417 828 1483 deberet
850 1423 884 1484 et
905 1417 983 1482 nihil
1006 1419 1068 1489 sibi
1098 1420 1285 1484 restituetur
1309 1419 1349 1485 de
1370 1420 1493 1503 bnnuo,
1528 1426 1565 1484 et

318 1520 400 1585 latro
434 1519 637 1585 nihilominus
670 1538 784 1600 penem
814 1521 908 1585 istam
931 1527 1040 1602 portet
1061 1526 1095 1586 et
1117 1523 1231 1603 perdet
1253 1523 1431 1590 ueritatem.
1465 1522 1509 1586 Et
1533 1521 1563 1587 si

319 1619 445 1706 fugerit,
481 1623 523 1688 sit
544 1623 577 1686 in
598 1623 704 1688 banno
728 1623 880 1702 quamdiu
904 1622 1038 1690 soluerit
1060 1623 1178 1691 dietum
1201 1625 1340 1692 bannum
1363 1626 1395 1690 in
1419 1625 1561 1709 duplum.

708 1800 775 1843 cAP.
799 1801 851 1842 XV.
875 1803 917 1844 DE
939 1801 1164 1847 mutuemus.

363 1899 444 1964 ltem
468 1903 624 1963 statutum
646 1903 680 1964 et
702 1899 881 1964 ordinatum
904 1905 963 1978 est,
988 1901 1073 1982 quod
1096 1901 1273 1982 quicunque
1296 1900 1459 1967 robauerit
1479 1905 1562 1964 stra-

323 2005 389 2066 tam
404 2001 436 2065 in
452 2007 548 2080 terre,
572 2000 625 2068 uel
639 2003 672 2066 in
687 2002 766 2066 muri
784 2002 816 2066 in
833 2002 979 2068 districtu
995 2003 1140 2088 Gurquie,
1165 2011 1199 2069 et
1213 2003 1372 2085 acceperit
1393 2001 1561 2078 uiolenter,

320 2105 389 2170 siue
412 2104 505 2186 ciuis,
539 2105 608 2170 siue
638 2102 774 2170 forensis
796 2102 909 2186 fuerit,
945 2109 985 2172 ab
1009 2125 1069 2172 vno
1091 2126 1249 2190 yperpero
1272 2114 1305 2175 et
1325 2105 1422 2188 inira,
1456 2105 1564 2172 soluat

320 2206 532 2290 quadruplum
555 2212 589 2274 et
610 2207 726 2291 perdet
756 2209 925 2275 ueritatem
948 2213 982 2276 et
1004 2211 1203 2277 credencian
1232 2213 1495 2293 inperpetuum
1529 2214 1564 2274 et

321 2311 348 2378 si
370 2330 433 2377 non
455 2310 603 2378 habueu't
626 2312 709 2378 vnde
732 2311 857 2380 soluere
890 2312 1045 2380 frustetur
1067 2316 1099 2397 (e
1107 2315 1151 2398 t)¹
1185 2314 1324 2380 bulletur
1346 2333 1408 2379 vua
1429 2314 1563 2396 impres·

320 2416 427 2496 sioue;
452 2423 484 2482 et
507 2415 533 2480 si
555 2415 679 2482 furatus
701 2415 806 2495 fueiit,
836 2417 890 2483 uel
913 2418 1117 2484 derobeuerit
1138 2419 1178 2485 ab
1202 2438 1261 2485 vno
1283 2435 1440 2501 yperpero
1464 2435 1563 2500 usque

322 2519 363 2586 ad
386 2521 458 2600 tria,
482 2525 516 2584 et
538 2537 602 2585 non
624 2521 772 2588 habuerit
794 2523 876 2588 vnde
900 2523 1025 2589 soluere
1044 2525 1076 2588 iu
1092 2523 1312 2607 quadruplum,
1337 2523 1452 2606 perdat
1468 2539 1563 2588 vnum

321 2623 462 2708 oculum;
498 2630 532 2690 et
554 2644 574 2690 a
596 2626 821 2707 tribus-usque
844 2627 885 2692 nd
908 2646 979 2706 sex,
1014 2633 1048 2691 et
1070 2646 1133 2695 non
1154 2629 1299 2696 hebuerit
1321 2628 1404 2694 vnde
1437 2628 1563 2694 seluele

319 2727 548 2810 quadruplum,
579 2729 694 2810 perdet
718 2749 843 2795 manum
867 2731 1045 2809 dexterem3
1077 2739 1110 2798 et
1132 2752 1152 2798 a
1173 2752 1228 2798 sex
1251 2750 1349 2812 usque
1372 2732 1415 2798 ad
1438 2733 1557 2811 decem,

324 2829 391 2915 (et)
415 2849 478 2897 non
500 2832 647 2898 habuerit
668 2835 750 2900 uude
773 2835 899 2900 soluere
921 2836 1141 2917 quadruplum,
1175 2837 1287 2918 perdet
1308 2837 1418 2903 ambos
1442 2837 1559 2914 oculte,

324 2939 357 2999 et
380 2952 400 2998 a
422 2934 530 3002 decem
553 2935 715 3018 superius,
752 2942 786 3002 et
808 2955 870 3002 non
891 2937 1039 3003 habuerit
1073 2940 1154 3004 vnde
1179 2940 1305 3005 soluere
1339 2941 1561 3022 quadruplum,

260 3069 265 3078 ·
325 3037 537 3118 suspendetur
559 3040 675 3120 taliter,
700 3041 785 3120 qued
806 3042 977 3120 murittum
1001 3048 1035 3108 et
1056 3045 1083 3109 si
1102 3043 1227 3128 ingerit,
1252 3045 1346 3110 sitin
1370 3045 1474 3111 benno
1491 3062 1563 3124 pen·-

324 3139 444 3222 petueii
467 3148 499 3207 et
522 3143 636 3224 perdet
659 3143 765 3208 emnia
787 3144 872 3210 buna
894 3163 960 3222 sue,
984 3163 1045 3227 que
1069 3147 1241 3214 deueniant
1262 3148 1295 3213 in
1317 3165 1491 3213 commune.

637 3323 704 3366 ΟΔΡ.
729 3325 794 3366 XVI.
818 3326 859 3366 DE
882 3326 1037 3370 EUN'HBUS
1059 3328 1093 3369 m
1116 3327 1250 3372 CURSUM.

369 3419 449 3484 item
473 3425 627 3486 statutum
652 3429 686 3487 et
708 3423 886 3489 ordinatum
910 3431 968 3508 est,
993 3427 1079 3506 quod
1102 3426 1206 3492 nullus
1230 3425 1425 3506 Curqnleuus
1449 3426 1563 3491 debeat

324 3521 371 3588 ire
393 3524 424 3588 in
448 3541 591 3602 eursum3
615 3531 648 3588 et
671 3525 698 3590 si
722 3527 793 3606 quis
812 3527 916 3604 inerit,
942 3529 984 3593 sit
1006 3529 1154 3594 banditue
1177 3531 1210 3593 in
1232 3535 1423 3611 perpetuum
1445 3529 1485 3594 ab
1509 3529 1562 3594 iilo

326 3625 386 3705 die,
410 3626 442 3690 iu
466 3644 528 3708 quo
551 3629 706 3708 inceperit
727 3629 774 3694 ire
797 3631 830 3693 in
853 3647 978 3695 numum
1001 3637 1035 3696 et
1057 3633 1170 3713 perdet
1192 3633 1298 3697 omnin
1312 3633 1396 3698 bonn
1411 3650 1478 3714 sua,
1502 3637 1562 3712 que

324 3727 496 3794 deuenient
518 3731 550 3793 in
573 3749 756 3810 eommune3
780 3738 813 3799 et
835 3735 862 3798 si
888 3734 994 3816 aliquo
1017 3741 1160 3817 tempore
1183 3735 1363 3816 peruenerit
1387 3736 1428 3801 nd
1450 3753 1561 3800 munus

331 3831 495 3914 regiminis
519 3833 664 3915 Cumulo,
688 3837 901 3917 suspendatur
924 3837 1038 3916 taliter,
1061 3839 1145 3920 quod
1169 3840 1331 3904 moriatur.

745 4016 810 4058 GAP.
836 4017 913 4058 xvn.
937 4019 978 4058 DE
1001 4016 1148 4060 mentm.

368 4108 451 4174 Item
476 4113 629 4176 statutum
652 4118 683 4178 et
708 4113 886 4180 ordinatum
910 4121 968 4194 est,
1002 4115 1136 4196 quodsi
1161 4115 1267 4197 eliqua
1288 4117 1410 4192 mulier,
1442 4118 1494 4182 uel
1518 4117 1565 4182 uin

330 4207 444 4278 iecerit
465 4213 622 4278 erbariam
646 4216 698 4280 uel
721 4216 908 4282 maleficium
932 4219 1065 4302 erbarie,
1090 4223 1223 4301 propter
1237 4220 1322 4300 qued
1336 4219 1477 4286 homines
1493 4240 1565 4302 pos-

326 4320 399 4378 sent
421 4317 510 4397 moni,
534 4317 586 4382 uel
608 4319 742 4398 perdere
765 4338 903 4403 sensum,
935 4321 987 4385 uel
1009 4321 1185 4388 membrum
1208 4327 1241 4388 et
1263 4323 1348 4404 quod
1370 4324 1472 4405 possit
1493 4343 1566 4405 pro·

329 4417 399 4482 beri
422 4418 532 4484 saltem
558 4439 616 4501 per
639 4421 719 4487 duos
742 4421 872 4488 idoneos
894 4427 1005 4506 testes,
1035 4425 1119 4506 qued
1142 4426 1326 4508 peripsam
1348 4425 1504 4493 erbarinm
1526 4427 1569 4493 sit

374 4609 490 4686 wan:
509 4611 577 4692 „effi
595 4613 683 4672 deest.
