3396 5402
1324 461 1363 520 77

121 655 278 738 Augusti,
313 665 482 740 antequam
519 658 576 724 fiat
605 661 683 726 ordo
717 679 775 741 per
802 662 967 728 consilium
1000 679 1106 743 poena
1138 681 1365 746 yperperorum

122 760 396 842 vigintiquinque,
431 763 520 828 cuius
543 779 667 844 poenae
685 763 844 830 medietas
865 765 909 830 sit
931 763 1112 830 Communis
1135 771 1169 830 et
1191 765 1254 830 alia
1275 783 1366 832 aecu-

122 863 257 944 satoris3
282 865 374 930 saluo
396 871 429 930 et
451 872 616 932 reseruata
639 864 762 931 Stiniua
784 873 816 932 et
840 867 983 951 Gnioizo,
1007 867 1059 933 ubi
1075 868 1199 949 possint
1214 868 1368 934 habentes

121 967 231 1032 vineas
255 969 288 1032 in
311 968 404 1034 simul
427 968 467 1033 ad
491 968 614 1034 libitum
640 969 851 1048 vindemiare3
875 969 966 1036 saluo
989 971 1084 1034 etiarn
1103 971 1129 1036 si
1146 971 1216 1052 quis
1232 970 1366 1038 haberet

120 1072 299 1151 separatim
322 1071 438 1137 alicubi
460 1071 645 1154 paullum
670 1073 805 1138 vineae¹

199 1283 268 1328 ΟΠ.
291 1284 346 1326 XV·
368 1284 584 1328 acuminatum
607 1285 669 1328 NON
692 1285 995 1329 Buunrlomsunuuu
1018 1287 1060 1328 DE
1081 1263 1292 1330 Nummum,

165 1397 250 1462 Item
273 1397 306 1462 in
329 1399 415 1464 dicto
435 1399 567 1466 consilio
590 1405 717 1480 captum
739 1399 807 1480 luit,
833 1399 917 1480 quod
941 1399 1056 1483 aliquis
1078 1399 1275 1467 Curculanns
1301 1419 1364 1466 non

118 1500 226 1580 possit
248 1500 368 1582 aliquid
391 1501 581 1584 relinquere,
604 1521 663 1568 nec
685 1503 717 1567 in
733 1503 799 1568 rita
813 1505 892 1568 dare
907 1503 1039 1584 stabile,
1064 1504 1210 1570 videlicet
1225 1505 1363 1587 aliquam

119 1605 361 1684 possessionem
394 1605 487 1694 alicrd
520 1605 700 1683 Ecclesiae,
735 1615 769 1673 et
791 1608 818 1671 si
841 1609 913 1688 quis
942 1607 1049 1689 aliquo
1082 1609 1226 1689 quaesito
1261 1608 1365 1673 colora

119 1708 228 1786 daret,
251 1707 302 1774 rel
325 1708 531 1792 relinqueret,
555 1727 618 1773 non
642 1710 756 1788 valeat,
778 1710 836 1775 sed
855 1713 1025 1792 perueniat
1039 1711 1080 1776 ud
1096 1711 1362 1793 propinquiorem,

118 1817 156 1876 vt
180 1813 278 1884 moris
302 1818 360 1878 est.

434 1990 502 2033 OAP.
527 1991 592 2032 xvl.
616 1991 821 2034 summonitus
845 1991 1052 2034 vuauomznr..

164 2105 249 2170 Item
281 2110 409 2186 captum
439 2105 515 2189 fuit,
550 2105 634 2186 quod
665 2105 820 2174 habentes
852 2107 962 2172 vineas
989 2106 1021 2170 in
1043 2106 1224 2172 Verbouiza
1251 2103 1365 2171 Blatue

118 2210 249 2289 possint
271 2207 378 2275 iacere
400 2209 578 2290 pedarium,
602 2210 656 2292 qui
678 2228 766 2276 more
787 2209 882 2275 solito
905 2209 1072 2275 custodiat.

173 2419 242 2464 ons.
265 2421 344 2463 xvrr.
367 2421 546 2466 nmoaurr
568 2423 603 2464 rs
625 2401 737 2464 aalma
759 2421 1055 2464 ossusnrssnosuu
1077 2421 1137 2463 nna
1159 2419 1310 2463 nosmoos.

164 2535 248 2601 item
272 2537 499 2618 captantur,
535 2537 714 2619 quodcum
744 2535 840 2602 luerit
873 2537 991 2602 iactum
1026 2537 1175 2602 damnum
1211 2533 1304 2600 alicui
1332 2533 1365 2599 in

115 2639 227 2724 blado,
258 2641 371 2723 postici
394 2641 533 2707 habeant
555 2641 696 2722 pandere
734 2641 881 2707 damnum
905 2641 988 2708 inira
1010 2647 1081 2708 octo
1105 2639 1173 2706 dies
1195 2639 1364 2721 proximos

114 2762 224 2825 poena
255 2763 483 2828 yperperorum
516 2746 650 2811 duorum
684 2765 741 2828 pro
765 2747 906 2830 quolibet
935 2748 1057 2830 postico
1080 2751 1114 2811 et
1136 2747 1290 2826 patronus
1324 2743 1364 2808 de

118 2849 237 2914 damno
261 2846 410 2914 credatur
432 2869 489 2931 per
512 2851 772 2916 sacramentum³

465 3062 533 3104 ou.
557 3063 649 3104 xvur.
674 3063 798 3108 omre!
820 3063 1017 3106 mnouun.

161 3177 244 3241 item
268 3176 300 3240 in
323 3177 408 3242 dicto
430 3177 562 3243 consilio
584 3187 710 3260 captum
732 3177 809 3257 fuit,
834 3179 920 3258 quod
942 3177 1021 3244 fiant
1047 3177 1147 3258 gades
1170 3181 1204 3242 ot
1225 3175 1361 3242 mulinis

116 3297 209 3346 more
232 3281 371 3363 antiquo,
395 3280 427 3344 in
451 3281 535 3362 quod
559 3281 679 3346 nullum
703 3281 819 3348 animal
841 3281 1002 3365 bouinum,
1025 3281 1086 3346 nisi
1106 3280 1205 3346 boues
1220 3280 1363 3362 aratorij,

116 3384 263 3450 audeant
292 3383 413 3449 intrare
444 3401 548 3465 poena
577 3402 757 3467 grossorum
781 3404 852 3462 sex,
889 3386 943 3465 qui
973 3402 1013 3449 ea
1042 3383 1239 3464 permiserim
1274 3382 1363 3448 cuius

1 3550 2 3553 ,
116 3507 245 3570 poenae
278 3486 434 3553 medietas
467 3489 509 3554 sit
543 3487 727 3552 Communis
751 3495 784 3554 et
806 3487 869 3552 alia
899 3493 1133 3568 accusatorum
1168 3485 1225 3550 aad
1260 3485 1363 3552 solum

114 3593 219 3658 boues
242 3592 382 3674 aratorii.

201 3788 269 3831 ΟΔΡ.
294 3785 360 3828 xlx.
385 3787 665 3830 Pmsssulmolturl
688 3787 752 3828 NON
774 3785 957 3829 VALENTXUN
980 3787 1087 3828 Elam
1109 3783 1282 3828 moment.

164 3904 225 3969 Die
248 3905 329 3969 xxix.
353 3903 555 3986 Nouembris,
578 3903 610 3968 in
632 3903 728 3984 pleno
751 3908 785 3968 et
803 3903 944 3986 generali
963 3901 1094 3970 oonsilio
1110 3901 1257 3968 Ciuitatis
1281 3899 1361 3966 Gur-

113 4008 213 4074 zulae
234 4008 267 4071 in
289 4005 433 4072 Ecclesia
456 4005 563 4071 Sancti
587 4005 686 4070 Marci
717 4007 894 4072 coadunato
918 4005 959 4072 ad
984 4023 1096 4074 sonum
1119 4022 1303 4085 campanae,
1328 4009 1363 4068 vt

170 4183 180 4217 ¹
198 4185 386 4258 Praeceptum
402 4183 489 4258 hujus
504 4181 712 4241 reformationis
727 4181 918 4241 modificatum
934 4183 978 4242 est
992 4182 1169 4256 aliquantum
1186 4179 1363 4239 reformatio-

2 4331 3 4334 ,
112 4271 205 4332 nibus
218 4270 339 4333 inferius
354 4285 459 4344 capp.
475 4270 558 4328 CXX.
575 4271 604 4326 st
620 4268 758 4328 cxxxrl.
776 4269 881 4328 citatis.

2 4411 3 4416 ,
164 4354 411 4427 ‘Reformationa
428 4375 454 4416 a.
474 4357 566 4417 1430.
584 4357 668 4428 capta
682 4351 814 4430 (inferius
832 4373 908 4430 cap.
926 4353 1048 4416 cxu1x.
1074 4350 1257 4432 Reform),
1282 4369 1362 4411 revu-

2 4449 3 4487 ἐ
41 4513 47 4522 ,
112 4446 213 4505 catuna
229 4445 274 4503 est
288 4443 482 4512 interdictum,
499 4441 567 4500 huic
582 4441 706 4513 capitulo
722 4441 869 4501 insertum.

3 4597 4 4600 Ἴ
161 4529 173 4565 ⁵
188 4531 346 4600 Quomodo
362 4529 462 4603 postici
478 4529 613 4587 damnum
633 4527 739 4586 iactum
759 4530 892 4586 estimare
910 4529 1040 4604 debeant,
1057 4527 1252 4599 quantumque
1273 4523 1358 4598 pretii

109 4619 150 4678 iis
165 4635 218 4692 pro
233 4617 415 4676 estimatione
431 4615 482 4673 illa
501 4614 719 4673 damniiaotores
741 4616 848 4672 solvere
872 4615 1029 4693 teneamur,
1055 4613 1260 4682 reformatione,
1284 4611 1360 4670 inira

159 4723 190 4779 p.
208 4703 361 4764 CLXXXI.
378 4703 468 4760 citata
483 4701 616 4760 disertius
631 4701 799 4774 explicatur.
