3376 5392
342 452 404 516 216

339 661 373 724 et
395 655 602 724 cancellariae
625 656 711 724 illius
734 657 872 724 unitatis
893 675 951 740 pro
973 675 1037 724 uuo
1058 657 1212 738 regimine
1229 661 1371 724 tautum:
1396 657 1493 723 uobis
1512 674 1585 722 cum

340 763 497 846 capitibus
519 763 640 845 consilij
666 765 764 828 nostri
788 764 906 829 Decem
930 763 1062 828 dicimus
1084 763 1314 846 respondentes
1336 768 1370 830 et
1385 763 1512 846 pariter
1528 763 1582 830 de·

338 869 506 950 alterantes,
530 869 614 951 quod
637 870 711 950 quie
733 869 828 934 etiarn
850 887 907 950 per
928 873 1050 951 partem
1072 867 1243 935 nouissime
1265 875 1390 952 captam
1418 888 1490 934 xxv.
1519 869 1583 935 Fe·

338 975 457 1057 bruarij
481 973 645 1057 praeteriti
668 975 701 1038 in
724 979 833 1041 nostro
857 973 987 1040 consilio
1009 973 1128 1040 Decem
1151 991 1219 1038 eum
1243 973 1405 1040 additione
1428 979 1584 1056 exceptu·

340 1085 434 1145 antur
458 1079 497 1145 ab
520 1079 582 1146 isto
605 1078 714 1145 ordine
745 1075 818 1144 ilioe
850 1079 981 1164 triginta
1013 1084 1047 1146 et
1075 1079 1286 1162 quadraginta
1308 1097 1365 1162 pro
1395 1079 1585 1146 centenario

341 1189 374 1250 et
395 1189 573 1264 tensarum,
596 1201 677 1265 quae
701 1202 759 1266 per
780 1189 891 1266 partes
914 1189 945 1250 et
969 1184 1096 1250 ordines
1112 1190 1221 1267 captos
1236 1189 1302 1250 tum
1315 1185 1348 1249 in
1363 1184 1449 1252 dicto
1465 1190 1584 1250 nestro

340 1287 480 1367 consilio,
505 1306 600 1369 quem
622 1289 818 1372 Rogntorum
841 1289 1015 1372 deputatae
1037 1287 1144 1355 forent
1166 1294 1199 1354 et
1213 1289 1399 1355 nominatim
1415 1289 1584 1371 obligatae

341 1410 398 1474 pro
422 1392 561 1476 seruitijs
583 1395 700 1462 nostris
715 1400 779 1460 tam
796 1394 1011 1474 terrestribus,
1029 1411 1122 1476 quam
1137 1393 1302 1459 maritimis
1318 1411 1420 1476 usque
1435 1393 1480 1458 ad
1495 1393 1585 1460 diem

339 1498 455 1580 partis;
478 1515 536 1563 nos
558 1505 728 1582 propterea
750 1517 820 1566 esse
851 1503 1025 1584 contentos,
1057 1503 1095 1564 ut
1121 1499 1275 1580 pecuniae
1303 1497 1490 1579 praedictae
1526 1497 1584 1563 bn-

338 1603 436 1670 beant
456 1610 578 1671 restare
600 1623 658 1687 pro
682 1604 773 1672 dictis
797 1603 945 1688 seruitijs,
969 1603 1117 1686 adquae
1140 1607 1214 1668 sunt
1243 1606 1400 1685 utsupra
1418 1621 1481 1684 per
1507 1619 1581 1667 con·

339 1707 500 1774 cessiones
522 1715 647 1774 nostrus
671 1709 702 1773 in
726 1709 817 1774 dietis
840 1708 1012 1790 deputatae
1034 1713 1067 1773 et
1089 1706 1150 1774 hoc
1167 1725 1268 1788 usque
1299 1707 1340 1772 ed
1363 1706 1582 1789 complemen-

340 1815 407 1876 tum
431 1831 561 1894 opemm
585 1814 625 1880 de
649 1813 763 1896 quibus
786 1813 819 1878 in
841 1813 912 1880 illis.

382 1915 500 1982 Datum
529 1919 561 1984 in
590 1925 699 1985 nostro
730 1918 833 1984 ducali
861 1917 979 2000 palatio
1010 1917 1061 1984 die
1091 1917 1164 2000 xvij·
1194 1916 1290 2000 Juuij,
1320 1915 1496 1982 indictione
1528 1915 1581 1998 xij.

338 2020 521 2088 Mcoccxciu.

562 2107 591 2176 A
612 2115 749 2194 tergo:

381 2213 486 2280 Nobili
510 2219 544 2280 et
566 2216 700 2298 sepienti
725 2216 792 2282 viro
816 2214 954 2280 Simeoui
977 2214 1116 2298 Capello,
1141 2213 1247 2281 comiti
1270 2211 1437 2279 Ourzulae.

380 2320 541 2402 Receptao
564 2321 615 2387 die
637 2341 686 2386 xx.
711 2320 798 2404 Juuij
821 2319 1005 2388 Mccccxciv.

761 2499 846 2542 nxrr.
870 2499 991 2543 numero
1014 2497 1147 2560 oourrrs,

339 2593 394 2648 qua
411 2578 549 2645 statuitur,
568 2577 639 2647 quod
656 2577 760 2633 datium
778 2579 940 2635 beocheriaa
958 2579 1089 2648 soluatur,
1114 2579 1138 2634 ai
1156 2578 1284 2634 animalia
1307 2576 1411 2634 inerint
1433 2593 1453 2633 a
1476 2576 1583 2632 berche

699 2673 859 2737 exonerata,
878 2666 901 2722 si
919 2681 1004 2736 secus,
1023 2665 1091 2720 nihil
1109 2665 1224 2722 soluaut

381 2778 442 2845 Die
462 2783 546 2846 exio.
568 2781 705 2866 Aupaati
726 2779 902 2868 Meroetmj.
926 2779 989 2847 Sub
1012 2781 1095 2866 topia
1117 2781 1437 2850 marconeicurtem.

379 2891 565 2977 Magnificus
588 2901 622 2960 et
641 2912 815 2976 generosus
839 2895 982 2962 dominus
1006 2894 1217 2978 Hieronymus
1239 2893 1393 2974 Barbare,
1418 2912 1476 2975 pro
1503 2893 1578 2959 illu-

338 2999 491 3065 strissimo
514 3003 547 3064 et
569 2999 830 3066 excellentissimo
854 2999 956 3065 ducali
980 2999 1119 3065 dominio
1143 2998 1349 3064 venetiarum
1372 3016 1480 3064 cornea
1495 2994 1579 3062 Gur·

339 3103 431 3169 aulae
454 3121 523 3168 oum
548 3123 608 3169 ser.
632 3103 763 3170 Nicolao
787 3105 827 3170 de
850 3105 963 3187 Junijs,
988 3103 1091 3170 iudice
1113 3123 1171 3170 suo
1193 3104 1378 3171 temriuauit
1400 3109 1433 3170 et
1447 3109 1580 3169 seuten-

338 3208 432 3273 tiauit
453 3207 494 3273 ad
516 3207 697 3274 instantiam
719 3208 939 3276 nonnullorum
963 3209 1079 3274 ciuium
1102 3214 1136 3274 et
1157 3207 1339 3286 forensium,
1364 3207 1450 3290 quod
1465 3224 1579 3274 omues

337 3311 392 3388 illi,
416 3312 470 3395 qui
492 3312 668 3379 conducent
682 3314 794 3381 amodo
810 3314 843 3378 in
859 3320 955 3380 antea
971 3313 1119 3379 animalia
1134 3319 1200 3379 tam
1215 3332 1325 3398 parua,
1349 3330 1444 3396 quum
1459 3329 1580 3395 magna

337 3417 379 3482 ad
402 3417 562 3483 ciuitatem
584 3419 636 3483 uel
659 3419 700 3484 ad
731 3425 867 3503 portum,
898 3418 925 3484 si
956 3419 1172 3484 exonerabunt
1198 3417 1347 3512 animalia
1376 3417 1417 3483 de
1446 3415 1577 3498 bucha,

336 3521 390 3587 uel
413 3521 453 3588 de
476 3522 611 3604 nauigio,
635 3525 742 3588 statim
764 3529 934 3589 teneantur
965 3523 1092 3589 soluere
1123 3523 1244 3588 datium
1273 3521 1460 3599 becharium
1489 3521 1579 3601 quod

336 3626 364 3693 ai
386 3644 449 3692 non
471 3627 698 3707 exuberabunt,
730 3646 795 3693 uon
825 3629 889 3694 sint
911 3627 1051 3711 obligati,
1083 3645 1145 3694 uec
1174 3633 1345 3695 teneantur
1368 3625 1493 3692 soluere
1518 3625 1577 3690 da-

336 3729 417 3795 tium
438 3731 635 3812 praedictum
658 3731 742 3798 dicto
766 3732 901 3798 datiario
922 3731 1120 3798 becchariae.

382 3834 590 3910 Testesrser.
605 3835 747 3903 ioannes
770 3837 925 3921 Zoretich,
949 3857 1009 3904 ser.
1026 3837 1167 3904 lacobus
1182 3835 1312 3917 Obradi,
1336 3853 1366 3918 q.
1390 3855 1457 3902 ser:
1472 3832 1577 3899 Fran·

337 3958 420 4008 eusci.

378 4044 534 4111 Antonius
557 4063 587 4128 q.
611 4045 729 4113 domini
751 4047 875 4114 Paridis
897 4047 1104 4112 canoellarius
1127 4048 1274 4114 mandato
1298 4045 1433 4128 scripsit.

763 4225 835 4268 mxv.
859 4226 981 4270 nuorsro
1005 4227 1128 4270 oourrrs

553 4303 586 4358 de
604 4302 709 4360 damnis
727 4305 756 4360 in
782 4311 841 4360 tota
867 4305 958 4361 insula
983 4322 1033 4376 per
1060 4306 1164 4362 uicinos
1191 4303 1372 4360 emendandis.

376 4418 437 4485 Die
463 4421 547 4484 aceio.
572 4419 710 4505 Aupuatt'
733 4420 910 4508 Mcccoeouj.
933 4421 996 4487 Sub
1018 4423 1100 4507 topia
1122 4423 1272 4486 marinae.

378 4531 565 4616 Magnificus
588 4539 623 4601 et
643 4553 816 4618 generosus
837 4535 981 4602 dominus
1005 4553 1111 4603 comes
1132 4533 1344 4620 Hieronymus
1359 4531 1499 4598 Barbara
1516 4547 1570 4596 se

338 4637 417 4710 dens
440 4657 512 4706 curn
534 4658 594 4705 ser.
618 4638 748 4706 Nicoluo
772 4640 942 4707 Petrouich
965 4645 999 4706 et
1022 4659 1082 4706 ser.
1107 4639 1238 4726 Nicolao
1261 4639 1302 4705 de
1323 4637 1439 4719 Junijs,
1461 4634 1569 4701 iuditi-

331 4747 391 4814 bus
415 4745 489 4826 suis,
514 4744 628 4813 auditis
650 4745 756 4811 multis
779 4750 814 4812 et
834 4745 970 4812 diuersis
994 4743 1198 4828 querimoniis
1222 4742 1365 4827 quotidie
1387 4741 1564 4809 exclamau-
