3398 5354
492 661 561 705 ῦᾸΡ.
585 661 703 703 LxxxV.
727 662 769 702 DE
790 661 933 706 mmm
955 661 1142 705 REGNUM
1163 660 1228 704 NON
1249 659 1488 703 somma.

418 777 501 842 Item
523 782 680 843 statutum
702 782 735 842 et
758 777 938 844 ordinatum
953 783 1013 850 est,
1037 777 1120 859 quod
1136 776 1259 854 mulier,
1283 777 1359 842 dum
1378 782 1428 842 est
1442 795 1605 860 pregnans,

376 898 434 961 pro
457 881 544 946 nullo
565 879 722 946 maleficio
744 879 862 947 debeat
877 881 1075 964 tormentari,
1099 882 1174 961 quia
1188 886 1349 946 tormenta
1363 887 1491 962 possent
1506 881 1607 947 deleui

373 986 481 1050 uentri
505 991 539 1050 et
561 985 668 1067 partui
691 985 802 1051 mortis
824 985 999 1066 periculum
1022 1003 1186 1067 generare.
1209 983 1253 1048 Et
1275 984 1301 1050 si
1317 983 1430 1050 mulier
1444 985 1610 1051 diceretse

370 1093 583 1170 pregnantem
606 1107 702 1154 causa
724 1087 893 1154 differendi
915 1107 1032 1170 penam
1054 1089 1174 1168 mortis,
1198 1089 1251 1153 uel
1275 1088 1450 1170 periculum
1471 1091 1609 1153 tormen-

373 1197 480 1258 torum
503 1197 537 1258 et
559 1210 719 1274 pregnans
742 1211 805 1258 non
828 1199 923 1271 esset,
947 1197 1023 1258 tnnc
1045 1211 1142 1274 super
1164 1193 1224 1258 hoc
1245 1193 1395 1258 iudicium
1419 1193 1609 1258 medicorum

373 1298 547 1380 peritorum
585 1303 618 1362 et
646 1297 802 1362 bonarum
832 1301 866 1362 et
903 1297 1052 1378 legalium
1083 1296 1296 1362 dominarum¹
1335 1302 1369 1362 et
1399 1301 1608 1362 matronarum

376 1400 559 1482 specialiter
580 1401 770 1480 requiratur,
794 1406 830 1464 ut
852 1400 911 1465 sub
934 1399 1087 1481 religione
1110 1399 1301 1466 sacramenti
1324 1401 1488 1482 prestandi
1510 1400 1610 1466 abeis

378 1503 486 1570 dicant
508 1511 541 1570 et
563 1503 759 1586 prospiciant
781 1503 960 1586 diligenter,
995 1504 1022 1570 si
1053 1504 1188 1569 credunt
1210 1504 1327 1570 dictam
1350 1504 1515 1570 mulierem
1543 1521 1612 1570 esse

375 1613 596 1691 pregnantem,
626 1607 679 1672 uel
701 1625 764 1674 non
787 1611 821 1672 ot
844 1607 1016 1674 secundum
1046 1626 1155 1673 eorum
1186 1607 1403 1674 testimonium
1424 1607 1614 1690 procedatur

377 1711 420 1776 ad
450 1709 670 1792 differendum,
702 1711 755 1776 uel
785 1728 848 1776 non
871 1709 1097 1777 differendum²
1118 1713 1229 1778 mortis
1252 1713 1451 1796 supplicium,
1480 1712 1532 1777 nel
1552 1718 1614 1778 tor-

378 1820 495 1881 menta.
530 1813 580 1880 Ad
610 1820 770 1881 tormenta
800 1834 878 1881 uero
902 1815 1030 1897 procedi
1052 1816 1154 1898 possit
1176 1815 1306 1898 inditijs,
1330 1817 1385 1882 uel
1407 1817 1615 1897 presumptio
1689 1841 1691 1852 ·

374 1919 468 1986 nibus
486 1924 597 1987 contra
611 1919 772 2000 quoslibet
782 1918 1004 2000 dilinquentes,
1021 1937 1061 1985 no
1082 1917 1237 1986 maleficia
1251 1924 1439 1986 remaneant
1452 1920 1613 2000 impunita.

458 2149 526 2193 car.
550 2151 682 2192 nxxxvr.
705 2150 748 2192 ns
770 2149 1034 2193 numeramus
1056 2149 1170 2193 aaran
1191 2150 1234 2192 na
1255 2147 1341 2192 aeno
1363 2125 1537 2194 aurcnrusi.

421 2267 503 2332 Item
535 2271 689 2332 statutum
722 2272 755 2331 et
785 2267 964 2332 ordinatum
987 2271 1046 2351 est,
1076 2266 1162 2350 quod
1191 2265 1219 2331 si
1248 2265 1364 2347 aliquis
1386 2265 1470 2330 malo
1491 2263 1612 2346 ingenio

377 2370 525 2435 extrahat
547 2370 686 2452 aliquam
708 2375 826 2436 metam
850 2369 890 2436 de
910 2389 988 2452 agro
1005 2370 1147 2446 alicuius,
1171 2370 1276 2436 soluat
1293 2368 1451 2436 communi
1466 2369 1612 2450 quinqua·

379 2471 469 2554 ginta
499 2473 597 2538 libras
628 2478 661 2538 et
691 2474 733 2539 sit
755 2472 881 2538 infamis
905 2478 939 2539 et
965 2474 1114 2541 emendet
1147 2474 1314 2539 damnum*
1346 2473 1491 2555 patienti,
1527 2490 1613 2552 quam
1689 2507 1691 2550 ὲ

379 2594 497 2658 penam
521 2578 548 2643 si
570 2578 695 2644 soluere
718 2595 781 2644 non
804 2579 933 2659 poterit,
956 2579 1097 2644 bulletur
1118 2579 1151 2642 in
1174 2577 1307 2644 maxillis
1322 2577 1381 2642 de⁶
1397 2577 1500 2646 tribus
1515 2575 1613 2641 bullis.
1690 2653 1691 2656 Ἴ

645 2807 712 2852 ῠΔΡ.
736 2809 879 2851 nxxxvn.
903 2809 946 2850 DE
966 2807 1182 2852 adamannus
1205 2807 1350 2851 numus.

422 2924 505 2990 Item
526 2927 683 2990 statutum
706 2931 739 2990 et
761 2925 941 2990 ordinatum
964 2929 1023 3004 est
1057 2925 1141 3006 quod
1172 2924 1260 2988 nulla
1289 2941 1428 3006 persona
1456 2928 1615 3006 presumat

377 3027 483 3096 facere
514 3035 601 3095 artes
623 3029 792 3111 magicales
816 3030 868 3094 uel
891 3029 1063 3109 herbarius,
1094 3046 1152 3094 nec
1174 3046 1304 3110 operam
1327 3029 1383 3094 det
1406 3028 1447 3094 ad
1468 3028 1612 3110 predicta
1689 3045 1691 3060 ³

382 3131 536 3200 iacienda

425 3236 469 3301 Et
498 3238 551 3318 qui
584 3236 816 3317 contrafecerit,
851 3236 923 3320 igne
954 3235 1157 3302 comburatur
1187 3236 1232 3300 ita
1255 3235 1340 3316 quod
1361 3235 1518 3301 moriatur
1541 3233 1615 3300 etsi
1688 3261 1691 3324 ρ

381 3345 469 3407 caret
491 3338 566 3422 filijs
588 3340 762 3406 heredibus
786 3340 944 3420 masculis,
969 3342 1074 3406 omnia
1096 3357 1156 3406 sua
1180 3339 1263 3405 bona
1286 3339 1460 3405 deueniant
1480 3339 1515 3404 in
1538 3355 1613 3404 oon-
1690 3335 1691 3424 ἦ

379 3462 474 3509 mune
498 3442 641 3526 Spalati3
674 3445 701 3509 si
732 3462 810 3510 uero
843 3444 991 3512 habuerit
1013 3443 1096 3510 filias
1119 3443 1263 3524 seminas,
1291 3442 1447 3508 medietas
1469 3441 1614 3507 bonomn

379 3549 423 3615 sit
443 3547 580 3615 filiarum
601 3547 790 3628 feminarum
812 3554 846 3614 et
869 3547 933 3613 alia
954 3549 1110 3614 medietas
1132 3529 1175 3613 sit
1197 3547 1381 3612 communis.

383 3779 451 3823 OAP·
483 3779 641 3821 auxum.
671 3779 714 3821 DE
747 3756 845 3840 mn0⁶,
878 3779 933 3830 QUI
964 3777 1137 3821 conantum*
1167 3776 1321 3820 nasum
1350 3777 1386 3818 ΙΝ
1418 3775 1612 3818 mammona.

425 3895 507 3960 Item
538 3898 693 3961 statutum
724 3899 758 3960 et
780 3894 961 3960 ordinatum
991 3899 1050 3976 est,
1085 3892 1170 3976 quod
1203 3892 1230 3958 si
1261 3893 1330 3972 quis
1361 3891 1542 3958 uendiderit
1567 3889 1613 3955 uel

384 4001 497 4066 emerit
519 4017 587 4064 rem
610 4018 667 4080 pro
691 3999 797 4080 aliquo
819 3999 906 4063 etin
928 3999 998 4079 ipsa
1020 3996 1205 4066 uenditione
1227 3996 1281 4060 uel
1302 3997 1463 4077 emptione
1478 3993 1612 4060 fraudem

384 4103 527 4186 aliquam
551 4103 753 4182 commiserit,
777 4102 885 4170 soluat
899 4103 1037 4168 bannum
1054 4101 1165 4166 decem
1179 4100 1342 4175 librarum,
1366 4100 1456 4164 cuius
1470 4099 1613 4164 medietas

385 4208 428 4274 sit
450 4207 632 4290 communis,
656 4207 719 4273 alia
742 4207 935 4272 accusatoris
951 4211 984 4272 et
999 4205 1147 4272 emendet
1162 4209 1263 4269 totum
1283 4203 1435 4268 damnum
1457 4204 1494 4286 ei,
1511 4208 1613 4268 contra

383 4331 477 4394 quem
500 4311 693 4378 commiserit
716 4311 831 4376 dictam
854 4307 1009 4377 fraudem.

432 4504 443 4540 ¹
465 4506 523 4582 Ap.
546 4507 674 4583 Ljub.:
701 4501 903 4580 „mulierum“.
990 4497 1002 4535 ²
1023 4503 1116 4560 Deest
1138 4502 1230 4560 ibid.
1313 4497 1324 4534 ³
1346 4501 1453 4561 ibid:
1478 4497 1609 4577 „alicno“.

389 4591 401 4626 ⁴
423 4593 511 4654 (lod.
535 4594 640 4653 acad.
664 4593 705 4650 B:
732 4588 941 4673 „dampnum“.
994 4584 1013 4622 '⁶
1035 4589 1126 4647 Deest
1141 4605 1190 4663 ap.
1214 4587 1324 4662 Ljnb.
1387 4585 1398 4620 ⁰
1419 4589 1508 4646 Deest
1528 4582 1607 4644 ibid
