3388 5356
1335 401 1401 470 295

140 611 207 695 pia·
232 612 343 672 extrahi
358 617 456 689 potest
471 614 509 673 eb
524 614 620 674 insula
634 618 791 690 postquam
806 630 864 673 uno
880 613 929 673 dis
943 615 1055 674 steterit
1066 614 1094 674 in
1107 619 1194 690 portu
1206 613 1333 675 civitatis
1344 631 1398 690 pro

242 717 293 758 usu
310 699 427 758 civium.
472 717 502 775 p.
521 703 592 760 224.
609 717 654 775 sq.

145 782 318 866 plozoruos
339 786 454 860 possint
469 787 566 846 facere
582 787 623 846 illi
639 788 676 848 de
690 787 777 846 Blsta
792 793 821 846 et
836 787 959 848 Ohxsrs.
1003 805 1033 864 p.
1053 789 1124 847 103.

139 869 304 952 plesseto,
326 872 486 932 iudicatum
501 873 586 950 solui,
602 874 720 948 quando
736 875 800 934 dari
816 875 932 934 debeat.
977 891 1006 950 p.
1026 877 1075 932 14.
1092 889 1136 947 sq.
1154 875 1205 932 35.

139 975 251 1037 poeno
280 957 349 1017 furti
375 960 482 1035 soluta,
509 960 700 1020 restituantur
725 960 908 1020 condemnati
935 961 973 1020 ad
1000 965 1108 1020 statum
1134 959 1248 1034 pristini
1269 959 1397 1020 honoris.

140 1061 270 1210 poenales·
289 1046 461 1191 11112161οέ355
477 1131 677 1192 accusantium
691 1133 848 1210 exigantur
866 1151 920 1209 per
934 1133 1064 1210 regimen
1080 1135 1111 1192 et
1124 1131 1309 1207 applicentur
1323 1149 1399 1192 eom-

143 1233 327 1383 ,mauras
340 1221 620 1380 neldiolplrgmsgomit
635 1307 664 1364 in
679 1307 809 1368 consilio.
854 1325 874 1382 p
903 1310 954 1367 91.

141 1385 316 1470 popularis
338 1407 397 1448 non
411 1387 474 1450 fieri
490 1393 584 1466 possit
599 1394 755 1452 canonicus
771 1393 833 1452 sine
848 1394 999 1453 voluntate
1014 1392 1135 1452 consilii.
1180 1407 1209 1466 p.
1227 1392 1277 1451 91.

142 1472 322 1556 populures
345 1493 403 1534 non
418 1482 542 1552 possunt
558 1478 654 1538 faeere
670 1479 831 1544 consilium.
875 1498 905 1554 p.
924 1482 994 1539 174.

23 1576 28 1582 ·
144 1557 320 1642 populares
343 1563 462 1622 veniant
476 1563 614 1624 Venetiae
637 1566 676 1626 ad
699 1583 767 1625 suae
790 1583 945 1645 expensas,
969 1565 1047 1624 iacta
1069 1564 1151 1640 prins
1173 1563 1400 1640 congregatione
1442 1593 1446 1600 ·

241 1666 306 1707 cum
321 1647 438 1708 licentis
453 1649 576 1712 comitis.
621 1670 650 1728 p.
670 1655 740 1734 169.

139 1731 319 1813 populares
342 1735 459 1808 quando
482 1737 580 1812 agitur
602 1737 638 1797 de
660 1755 692 1797 re
715 1755 815 1798 omnes
837 1742 985 1816 tangente,
1010 1738 1128 1796 veniant
1141 1735 1280 1796 Venetiae
1295 1735 1333 1794 ad
1349 1753 1397 1794 sx-

237 1837 345 1895 pensas
361 1823 584 1884 communitatis,
629 1842 658 1899 p.
677 1827 744 1885 169·
894 1836 898 1844 ·

140 1922 262 1986 porcos
284 1907 347 1966 sive
362 1925 468 1983 porcas
484 1925 568 1968 nemo
583 1910 613 1968 in
631 1911 749 1970 civitate
764 1912 883 1972 nutriat.
927 1929 957 1986 p.
968 1913 1026 1971 98.

145 1991 374 2072 possessionen
397 1995 503 2068 siquis
519 2013 572 2070 per
586 2015 646 2054 xxx
662 2015 754 2056 annos
769 1997 903 2074 tenuerit,
919 2015 977 2056 non
992 1997 1170 2056 molestetur.
1215 2011 1245 2068 p.
1263 1995 1313 2058 57.

143 2077 343 2158 possessione
365 2097 419 2155 per
433 2099 495 2140 xxx
509 2099 602 2140 annos
616 2099 702 2142 nemo
717 2083 811 2158 possit
827 2101 858 2144 se
873 2083 948 2142 tueri
965 2087 1067 2142 contra
1078 2083 1299 2142 instrumentum
1311 2084 1398 2139 teste-

238 2167 338 2243 menti,
355 2167 403 2224 rel
420 2167 504 2228 dotis.
549 2185 579 2242 p.
600 2171 649 2230 57.

144 2249 262 2332 poetici
284 2253 460 2312 denuncient
475 2253 612 2312 damnum
627 2255 656 2314 in
672 2255 760 2315 blado
775 2255 894 2316 factum.
939 2273 968 2330 p.
987 2258 1036 2317 77.

143 2334 310 2418 poste-'chus
333 2357 390 2397 non
405 2344 503 2415 potest
518 2357 592 2418 esse,
609 2342 658 2415 qui
675 2343 803 2417 pastoris
819 2341 987 2401 exercitium
1003 2341 1074 2417 agit.
1119 2357 1149 2414 p.
1167 2341 1240 2402 247.

142 2420 382 2504 posticdiorum,
405 2427 542 2485 damnum
558 2428 763 2505 estimantium,
780 2429 927 2488 salarium.
973 2445 1002 2502 p.
1024 2429 1095 2490 121.

143 2507 338 2589 procedendi
361 2512 433 2570 ordo
448 2529 548 2571 coram
560 2513 671 2587 judicio
687 2514 823 2574 civitatis.
869 2532 899 2589 p.
917 2517 989 2574 259.
1006 2530 1051 2587 sq.

122 2639 128 2650 .
144 2593 282 2678 51111511]
304 2603 451 2674 accusent,
468 2599 492 2656 si
508 2599 573 2672 quis
589 2599 643 2658 iret
658 2617 712 2674 pcr
726 2617 846 2674 campos
861 2601 1010 2660 laboratus
1026 2616 1077 2658 seu
1092 2598 1203 2658 vineas.
1249 2613 1278 2672 p.
1296 2598 1346 2656 50.

143 2679 281 2762 pudorii
303 2685 341 2742 ad
357 2685 514 2743 videndum
529 2685 665 2744 damnum
682 2685 757 2744 intre
773 2690 838 2745 octo
854 2685 917 2745 dies
932 2686 1051 2746 vadant.
1096 2701 1125 2759 p.
1143 2685 1193 2746 57.

145 2767 281 2848 pudora'i
304 2770 381 2831 inira
397 2787 445 2830 xv.
470 2771 532 2830 dies
547 2776 685 2830 accusent
700 2771 942 2833 damnificatores.
988 2789 1017 2846 p.
1034 2773 1086 2832 49.

133 2853 281 2934 pedarii
303 2857 412 2915 faciant
426 2858 641 2915 accusationem
655 2857 732 2916 inira
748 2863 813 2917 octo
829 2859 900 2918 dies.
946 2875 975 2932 p.
994 2861 1064 2918 112.

144 2937 308 3020 puderent
330 2941 439 3002 habeat
452 2943 568 3002 tertiam
582 2948 696 3018 partem
711 2961 833 3018 1155555.
879 2961 908 3018 p.
926 2946 976 3004 50.

145 3025 281 3106 putarit
307 3028 363 3086 nisi
392 3029 618 3088 monstraverint
643 3035 768 3104 patrono
791 3031 928 3090 domnum
950 3047 1048 3108 passo,
1072 3026 1316 3103 damnificatores‚
1340 3024 1397 3100 ipsi

233 3115 391 3174 emendent
405 3115 551 3176 damnum.
597 3133 625 3190 p.
644 3119 714 3177 112.

145 3196 310 3278 padanus
333 3201 358 3260 51
373 3201 510 3259 damnum
526 3200 635 3276 iecerit,
652 3202 798 3276 quomodo
813 3202 960 3277 puniatur.
1006 3219 1035 3276 p.
1053 3203 1103 3260 60.

146 3281 283 3364 pudenti
304 3287 450 3362 eligantur
468 3287 556 3362 juxta
578 3289 694 3346 ordines
716 3293 746 3347 ct
768 3288 990 3348 consuetudines
1007 3287 1062 3347 loci
1077 3290 1107 3346 et
1121 3289 1255 3347 cassatur
1269 3301 1326 3344 ser.
1342 3281 1396 3344 Oa-

232 3375 327 3449 rolus,
344 3375 453 3432 electus
469 3390 559 3448 supra
574 3374 721 3447 pudarios.
768 3392 796 3450 p.
816 3377 887 3434 170.

146 3455 325 3536 pedarium
347 3459 457 3518 iaciant
471 3459 513 3517 illi
528 3459 565 3518 de
581 3460 754 3520 Verbcviua.
799 3478 830 3534 p.
848 3463 898 3523 77.

145 3541 291 3623 pedarii,
316 3545 378 3604 5115
400 3545 536 3604 custodes
556 3563 694 3621 agrorum
709 3547 855 3622 eligantur
870 3547 898 3605 in
914 3546 985 3605 villa
1000 3546 1117 3604 Blattac
1130 3549 1191 3604 tam
1207 3560 1260 3618 per
1274 3541 1396 3618 nobiles,

232 3648 325 3706 quam
340 3632 415 3690 alios
430 3631 572 3691 habentes
583 3649 672 3707 agros
683 3636 713 3690 et
724 3633 826 3692 vineas
837 3632 866 3690 iu
879 3632 955 3692 dicto
966 3633 1031 3692 loco
1044 3631 1235 3691 concorditer.
1281 3645 1310 3704 p.
1324 3630 1396 3688 238.

147 3715 285 3796 puellento
307 3720 354 3777 vel
376 3717 526 3776 mulierem
549 3736 634 3777 nemo
657 3709 745 3778 ducet
762 3718 792 3776 in
807 3735 928 3778 uxorem
944 3719 1006 3778 siue
1020 3720 1172 3778 voluntate
1187 3714 1395 3792 proximiorum

232 3805 302 3880 ejus
317 3803 607 3878 consanquineorum.
653 3821 683 3879 p.
703 3807 773 3866 109.
789 3821 834 3880 sq.

150 3888 178 3948 in
187 3895 309 3970 punctu
334 3890 437 3966 Stagni
451 3908 509 3948 non
525 3891 658 3950 laborent
673 3889 872 3950 Curoulensss.
918 3908 947 3965 p.
965 3893 1016 3954 76.

151 3975 290 4052 pretium
314 3977 444 4038 carnium
460 3976 547 4050 quale
563 3976 609 4035 sit.
654 3995 684 4052 p.
700 3972 753 4038 47.

149 4061 284 4140 pretium
307 4064 437 4123 carnium
453 4065 624 4122 observetur
640 4063 728 4138 juxta
743 4063 944 4123 limitationem
958 4081 977 4122 a
992 4061 1097 4122 comite
1112 4061 1230 4121 factum
1274 4075 1304 4134 p.
1322 4059 1394 4118 200.

148 4147 294 4225 pretium,
318 4166 377 4224 quo
392 4149 458 4224 quis
473 4149 614 4225 inceperit
629 4150 763 4227 vendere,
780 4150 882 4226 augeri
897 4167 956 4208 non
970 4149 1072 4224 possit.
1117 4165 1145 4222 p.
1164 4149 1213 4207 44.
1231 4147 1283 4206 46.

150 4234 248 4312 pretia
272 4253 372 4294 rerum
387 4235 534 4298 venalium
545 4239 574 4294 et
585 4235 724 4310 precipue
733 4235 770 4296 de
781 4237 903 4312 Puncta,
914 4239 947 4295 ut
958 4240 1026 4294 sunt
1037 4234 1073 4294 de
1085 4234 1158 4311 ovis,
1172 4232 1269 4310 pullis,
1282 4229 1394 4306 haedis,

232 4322 321 4400 aguis
336 4326 366 4382 et
380 4322 515 4398 pellibus,
530 4339 590 4380 non
604 4326 776 4398 augeantur.
821 4339 850 4396 p.
868 4321 941 4383 206.

149 4407 322 4490 presbyteri
342 4427 401 4468 uon
419 4408 529 4468 faciant
543 4407 744 4470 mercationes.
790 4425 820 4484 p.
840 4410 910 4470 124.
926 4424 971 4482 sq.

154 4493 323 4576 presbyteri
345 4513 403 4555 non
418 4499 516 4555 emant
530 4494 687 4554 meantum.
732 4512 761 4570 p.
781 4497 831 4554 77.
847 4511 892 4568 sq.

152 4579 385 4664 privilegiorum
407 4581 575 4642 observatio
597 4580 759 4640 insinuatur
774 4581 803 4639 iu
818 4580 951 4640 omnibus
967 4579 996 4638 in
1011 4579 1083 4654 ipsis
1102 4575 1254 4654 contentis,
1271 4576 1395 4649 excepta

234 4669 378 4732 electione
391 4667 514 4732 comitis.
559 4685 587 4742 p.
607 4669 677 4728 186.
