3434 5368
365 489 403 549 12

360 693 565 776 prouidenoia
586 693 703 758 domini
727 659 850 758 comitis
873 699 906 758 et
929 693 1063 759 duorum
1086 693 1126 758 de
1148 694 1291 767 consilio,
1316 712 1386 758 cum
1410 693 1523 776 quibus
1548 709 1602 757 eo-

360 817 427 864 mes
450 795 588 863 uoluerit
609 797 727 864 habere
751 797 932 880 consilium3
957 805 990 862 et
1005 803 1127 862 tantum
1145 798 1249 863 soluat
1262 797 1395 864 inferius
1411 818 1468 880 per
1482 805 1601 869 ratum.

359 909 512 984 quantum
536 909 585 970 est
608 903 725 968 minus¹
749 903 933 968 iniuriosum
955 903 1157 970 maledictum
1181 904 1221 970 de
1245 905 1327 971 male
1349 905 1450 984 factm
1475 913 1508 972 et
1524 925 1600 989 per·

359 1025 446 1086 sona,
478 1025 540 1088 que
563 1026 659 1089 passa
680 1005 828 1089 iniuriam,
848 1005 1009 1073 maledicti
1032 1007 1083 1074 uel
1106 1007 1284 1088 malefacti,
1319 1009 1344 1074 si
1370 1009 1606 1090 reclamauerit,

359 1109 477 1177 habeat
499 1111 703 1178 medietatem
725 1111 834 1178 banni.
949 1185 953 1194 ¹

466 1290 533 1334 ῦΔΡ.
557 1291 636 1332 xm.
660 1291 702 1332 DE
724 1291 901 1334 uocarlorm
924 1292 967 1333 An
990 1291 1149 1335 Pnacium!
1173 1293 1269 1334 SUPER
1292 1269 1492 1337 ΜΛΙΛΙΠΙἾΟῙΟ.Ξ

404 1388 599 1469 statuimus,
633 1389 717 1471 quod
747 1389 936 1471 quicumque
969 1395 1103 1456 uocatus
1127 1389 1222 1456 luerit
1244 1407 1302 1473 per
1325 1390 1470 1458 comitem
1506 1409 1606 1474 super

360 1490 513 1560 maleficio
537 1491 590 1558 uel
612 1493 781 1558 maledicto
811 1511 870 1575 per
902 1501 1072 1575 preconem
1100 1493 1332 1575 preconizando
1363 1496 1396 1560 in
1417 1493 1544 1577 platea,
1578 1495 1604 1559 si

359 1611 423 1661 nou
445 1595 579 1677 uenerit,
600 1593 786 1679 ubicumque
809 1593 914 1676 fuerit,
940 1597 999 1662 sub
1022 1595 1156 1664 termino
1181 1597 1241 1662 sibi
1264 1597 1437 1682 assignato,
1470 1599 1514 1664 sit
1537 1598 1604 1664 cul·

362 1699 477 1782 nabilis
501 1703 535 1765 et
557 1704 665 1781 portet
685 1695 773 1766 illam
796 1717 912 1782 penam
935 1700 1108 1766 secundum
1128 1700 1255 1766 modum
1277 1705 1311 1768 et
1333 1702 1475 1768 ordinem
1499 1705 1605 1768 stato·

362 1809 429 1869 tum
453 1803 494 1870 de
515 1803 774 1869 maledictis⁸
797 1803 849 1869 uel
871 1802 1047 1870 malefactis
1069 1805 1314 1886 superioribus⁴

738 1999 806 2042 oar.
829 1999 922 2040 xxm.
945 1999 987 2040 on
1008 1973 1225 2043 asmomnus.⁵

316 2079 319 2086 ¹
404 2099 484 2164 Item
508 2097 692 2174 statuimuS,
730 2098 815 2180 quod
838 2097 865 2162 si
885 2097 999 2178 aliquis
1031 2101 1165 2162 uocatus
1199 2095 1297 2164 fuerit
1318 2097 1359 2163 orl
1382 2097 1540 2163 rationem
1564 2096 1604 2162 de

361 2202 510 2268 mandato
534 2201 651 2268 domini
676 2201 800 2267 comitis
821 2219 880 2283 per
902 2219 993 2267 suum
1010 2199 1159 2298 nuncium
1175 2201 1244 2266 siue
1259 2201 1359 2267 uerbo
1376 2201 1522 2283 preconis
1535 2199 1606 2266 siue

362 2324 420 2386 per
443 2305 539 2371 alium
561 2301 720 2370 hominem
744 2321 814 2369 cum
837 2302 951 2387 sigillo,
975 2307 1009 2370 et
1030 2321 1094 2371 non
1117 2301 1250 2383 uenerit,
1275 2303 1367 2370 cariat
1390 2303 1430 2370 de
1452 2303 1521 2370 iure
1545 2315 1603 2368 suc

361 2428 460 2492 super
482 2407 680 2492 querimonia
703 2407 763 2472 sibi
785 2406 902 2502 iactast·
921 2406 982 2473 nisi
1003 2407 1121 2473 iustum
1136 2405 1254 2472 habeat
1268 2401 1540 2490 impedimentum,
1565 2405 1604 2470 de

361 2529 423 2594 quo
447 2529 483 2577 se
505 2510 636 2576 mandet
670 2509 847 2576 excusando
881 2527 987 2577 coram
1021 2509 1148 2576 domino
1182 2510 1297 2576 comite
1327 2517 1361 2575 et
1390 2527 1497 2576 comes
1532 2526 1603 2574 cum

361 2615 472 2681 maiori
495 2620 587 2696 parte
610 2614 747 2680 iudicum
776 2613 945 2696 prouideat
974 2619 1070 2695 super
1099 2613 1152 2680 illo
1183 2613 1425 2696 impedimento,
1456 2613 1542 2696 quod
1575 2615 1601 2678 si

360 2720 478 2783 iustum
500 2717 613 2798 fuerit,
645 2717 702 2784 det
723 2717 784 2786 sibi
807 2718 975 2783 terminum
999 2717 1167 2800 largiorem
1190 2715 1223 2784 in
1249 2717 1455 2800 prouidencia
1482 2712 1601 2786 donini

361 2821 494 2888 comitis.

540 2983 606 3027 ΟᾸΡ.
631 2983 719 3025 xxiv.
743 2983 785 3024 DE
802 2981 976 3026 ΜΟΤῙΟΞΠ
997 2981 1133 3026 romum!
1154 2983 1194 3024 Μ’
1217 2981 1431 3025 emmanuet.

405 3100 486 3166 Item
510 3099 690 3179 statuimus,
724 3098 809 3180 quod
832 3116 955 3178 comeS,
989 3100 1043 3180 qui
1067 3111 1124 3180 pro
1148 3103 1292 3179 tempore
1324 3095 1422 3163 fuerit
1443 3096 1495 3163 uel
1519 3097 1604 3163 nica·

363 3221 468 3270 comes
502 3203 599 3286 eligat
621 3207 688 3270 tres
723 3203 846 3268 iudices
871 3202 910 3270 de
932 3201 1037 3268 medio
1059 3202 1091 3266 in
1114 3199 1307 3268 medium⁷
1340 3217 1456 3265 annum
1479 3205 1514 3265 et
1534 3205 1604 3265 tres

362 3305 576 3391 consiliarios,
611 3312 644 3372 vt
667 3324 786 3394 omnes¹
799 3325 855 3372 sex
878 3303 942 3372 siut
974 3305 1145 3372 consiliarii
1175 3305 1215 3371 de
1245 3323 1346 3386 paruo
1379 3301 1510 3369 consilio
1545 3321 1604 3384 per

362 3414 594 3476 sacramentum
619 3409 660 3474 ad
682 3409 884 3475 iudicandum
907 3415 942 3474 et
962 3407 1190 3475 consulendum
1205 3405 1339 3489 quilibet
1360 3407 1393 3472 in
1414 3419 1473 3472 suo
1496 3405 1601 3472 officio

363 3512 536 3578 secundum
558 3509 692 3578 sormam
726 3516 919 3580 statutorum
942 3511 1081 3578 ciuitatis
1104 3517 1138 3578 et
1160 3511 1345 3593 capitularis
1368 3511 1429 3576 sibi
1451 3509 1535 3588 dati,
1571 3515 1604 3574 et

362 3633 467 3683 comes
490 3633 560 3682 cum
583 3615 647 3682 illis
669 3631 724 3683 sex
746 3615 800 3680 uel
821 3615 932 3682 maiori
954 3621 1046 3698 parte
1068 3613 1148 3681 ulios
1170 3613 1323 3682 officiales
1345 3613 1452 3698 eligat.
1487 3613 1531 3676 Et
1552 3613 1602 3677 iu·

361 3720 446 3786 dices
465 3719 605 3785 debeant
620 3719 704 3786 iuste
718 3718 868 3804 iudicare,
885 3719 968 3799 odio,
992 3737 1108 3798 amore,
1133 3719 1256 3797 timore,
1280 3717 1387 3800 precio
1403 3715 1597 3800 postposito,

408 3877 418 3912 ¹
434 3880 490 3954 Ap.
506 3877 547 3954 Lj
557 3879 602 3937 ub
613 3877 661 3936 it:
681 3876 852 3960 „nuncius“,
872 3879 946 3951 quod
961 3878 1105 3938 evidenter
1121 3877 1164 3937 ast
1179 3875 1297 3939 falsum.

408 3961 491 4064 ”Aa
507 3966 531 4024 L
536 3963 658 4040 jobii:
678 3961 727 4037 ,Si
743 3967 861 4023 uocatus
873 3965 909 4023 ad
922 3961 1060 4039 placitum
1075 3977 1159 4038 super
1175 3959 1343 4056 maleficio⁸.
1360 3961 1403 4021 Gi.
1417 3977 1479 4036 cap.
1492 3949 1602 4020 XXlll.

361 4053 496 4213 Stainilia.
518 4135 646 4212 Ljubit
668 4139 697 4196 et
719 4133 917 4212 Hormayr:
951 4136 1151 4213 ,summouet
1181 4135 1257 4210 quod
1287 4135 1364 4194 nullo
1387 4134 1467 4193 modo
1490 4129 1603 4208 pmbari

360 4240 442 4300 posse
457 4239 611 4285 censemus.
1427 4235 1432 4242 ·

407 4308 418 4343 ⁴
438 4303 670 4387 „Superioribua“
688 4309 768 4368 deest
787 4325 833 4382 ap.
850 4310 873 4368 L
876 4309 888 4384 j
901 4309 997 4371 ubit.
1072 4373 1076 4381 ,

406 4392 420 4430 ⁵
435 4398 521 4456 Deest
535 4411 580 4470 ap.
598 4396 639 4471 Li
650 4395 737 4455 unit
752 4396 781 4454 ot
795 4395 992 4470 Horroayr.
1010 4395 1051 4455 cl.
1069 4409 1131 4469 cap.
1147 4392 1249 4453 xxlv.
1266 4389 1383 4450 Statuti.

407 4480 495 4582 “Aa
519 4481 667 4557 Ljubit:
693 4498 797 4556 ,super
819 4481 1024 4555 quasimoniam
1046 4481 1102 4540 sibi
1126 4481 1203 4539 faeta
1224 4475 1347 4538 tanta“
1370 4475 1466 4535 sensui
1488 4473 1602 4532 minime

362 4571 639 4732 mniiilirioiiuimus,
670 4672 842 4730 quamquam
865 4656 945 4715 deest
967 4672 1013 4732 ap.
1042 4651 1178 4728 Ljubit
1200 4653 1230 4712 et
1251 4651 1443 4725 Hormayr.
1473 4646 1515 4706 ci.
1538 4663 1600 4721 cap.

364 4743 466 4806 XXVI.
482 4743 597 4806 Statuti.
