3398 5354
290 443 354 504 212

291 643 349 710 fiat
371 645 499 710 nouitas
521 661 580 726 per
602 661 767 710 commune
789 641 921 726 Spalati.
952 644 997 710 Et
1018 643 1046 710 si
1066 643 1150 710 infra
1179 646 1281 712 dictos
1303 665 1353 712 rr
1374 645 1441 712 dies
1466 663 1524 712 non

292 744 366 812 fiat¹
388 746 566 813 satisfactio
589 746 674 812 dicto
697 746 759 812 ciui
782 747 835 814 uel
857 746 1028 814 habitatori
1052 747 1189 814 ciuitatis
1211 747 1346 832 Spalati,
1376 756 1451 815 tunc
1472 768 1526 831 po-

290 855 392 918 testas
422 855 456 918 et
487 851 556 916 eius
587 850 675 916 curia
705 869 769 916 una
800 867 871 916 cum
893 851 996 918 tribus
1018 852 1174 918 iudicibus
1197 859 1230 919 et
1252 871 1309 919 sex
1332 853 1525 934 consiliariis,

290 954 345 1037 qui
368 960 446 1020 sunt
469 973 567 1037 super
587 953 761 1038 propositis
777 952 939 1035 semendis,
964 955 1133 1038 diligenter
1148 957 1329 1024 examinent
1343 975 1402 1039 per
1415 955 1527 1023 famam

289 1063 325 1125 et
353 1057 479 1140 indicia,
512 1076 571 1141 per
599 1058 778 1125 iuramenta
806 1058 1028 1142 principalium
1057 1078 1265 1142 personarum
1295 1067 1330 1127 et
1359 1060 1528 1126 uicinorum

291 1180 421 1229 suorum
444 1167 479 1230 et
500 1162 636 1229 aliarum
662 1181 869 1246 personarum
892 1163 932 1230 de
954 1163 1041 1230 dicta
1063 1164 1189 1231 robaria
1211 1163 1255 1231 sil
1277 1165 1320 1230 sit
1342 1163 1429 1231 iacta
1443 1171 1476 1230 et
1492 1164 1529 1231 de

289 1266 399 1334 ualere
419 1267 575 1334 bonorum
598 1267 694 1348 illius,
727 1267 782 1349 qui
811 1267 926 1334 dixerit
955 1286 991 1334 se
1013 1268 1201 1335 derobatum
1225 1275 1259 1335 et
1281 1269 1322 1335 cie
1344 1270 1478 1351 pecnnia
1498 1273 1529 1334 ot

292 1370 400 1451 robus,
424 1387 505 1451 quas
528 1370 605 1436 dicit
625 1371 696 1452 ipae
718 1370 779 1437 sibi
802 1371 971 1437 derobatas
994 1379 1028 1437 et
1049 1371 1174 1438 ablatas
1195 1371 1294 1438 fuisse
1317 1379 1351 1438 et
1368 1377 1476 1437 utrum
1490 1373 1529 1438 sit

288 1474 471 1560 uerisimile,
496 1474 581 1554 quod
604 1474 690 1541 <licta
713 1474 848 1557 pecunia
872 1481 906 1540 et
927 1494 980 1541 res
1001 1475 1182 1556 potuissent
1205 1476 1266 1542 sibi
1289 1494 1361 1542 esse
1376 1476 1483 1556 ablate
1499 1481 1529 1540 et

285 1578 459 1645 secundnm
483 1577 569 1659 quod
593 1577 655 1660 ipsi
677 1579 866 1662 inuenerint,
890 1583 987 1660 prout
1008 1579 1054 1646 eis
1076 1579 1194 1644 iustum
1216 1580 1322 1644 uisum
1346 1579 1451 1659 inerit,
1481 1579 1529 1645 uel

287 1681 401 1750 maiori
423 1682 508 1763 parti
530 1681 672 1763 ipsorum
695 1681 812 1748 dictam
833 1683 1045 1764 quantitatem
1068 1682 1206 1749 debeant
1226 1688 1346 1764 taxare,
1370 1683 1529 1750 refrenare

288 1791 324 1852 et
352 1785 509 1854 reducere
538 1785 680 1852 adeum
711 1786 849 1865 modum,
881 1787 937 1868 qui
968 1786 1015 1852 eis
1045 1787 1206 1853 uidebitur
1235 1807 1306 1854 esse
1328 1788 1529 1871 conueniens,

287 1890 432 1972 inspecta
456 1889 612 1972 qualitate
635 1907 772 1972 persone
795 1896 829 1956 et
849 1888 1036 1956 facultatum
1060 1909 1197 1956 suarum.
1223 1891 1378 1959 Similiter
1395 1892 1529 1958 debeant

288 1994 473 2060 examinare
495 1995 708 2060 instrumenta
731 1999 764 2060 et
787 1993 858 2059 iura
880 1993 965 2060 illins
989 1995 1067 2060 ciuis
1091 1991 1222 2078 Spalati,
1247 1994 1300 2077 qui
1323 1995 1401 2060 dicit
1422 2014 1457 2062 se
1478 1995 1529 2060 de

285 2097 381 2164 bere⁸
404 2098 546 2180 recipere
576 2098 716 2179 aliquam
739 2098 952 2179 quantitatem
975 2099 1120 2180 pecunie,
1151 2098 1204 2164 uel
1233 2099 1356 2180 aliquas
1378 2099 1459 2164 alias
1479 2115 1530 2164 res

287 2201 463 2284 abaliquo
486 2201 626 2283 forense,
650 2202 677 2268 si
699 2201 797 2268 habet
819 2220 929 2268 ueram
958 2201 1126 2281 iusticiam,
1157 2220 1216 2268 nec
1237 2220 1288 2268 ne.
1323 2201 1395 2280 Qua
1417 2201 1530 2268 exami-

285 2307 417 2372 natione
440 2303 525 2372 lacta
549 2310 583 2372 et
605 2311 714 2372 taxata
737 2311 770 2372 et
793 2305 955 2373 declarata
984 2323 1042 2386 per
1064 2325 1119 2372 eos
1141 2307 1175 2370 in
1197 2306 1332 2373 ueritate
1355 2305 1412 2370 illa
1434 2325 1530 2388 quan·

285 2411 388 2496 tituta,
412 2428 508 2494 quam
532 2410 699 2493 predictus
722 2409 801 2475 ciuis
824 2409 1008 2492 Spoletinus
1035 2409 1119 2476 iuste
1141 2410 1274 2476 deberet
1296 2409 1448 2492 recipere,
1478 2407 1530 2474 uel

287 2515 452 2582 occasione
474 2513 611 2594 robarie,
640 2513 694 2580 uel
718 2516 884 2580 occasione
906 2513 1014 2592 debiti,
1038 2519 1114 2579 tunc
1137 2513 1177 2580 de
1199 2515 1271 2595 ipsa
1293 2513 1473 2594 quantitate
1497 2515 1531 2577 et

287 2617 428 2684 damnis*
450 2623 485 2686 et
506 2617 654 2699 expensis
678 2622 827 2683 teneatur
849 2621 992 2699 potestas
1015 2623 1048 2682 et
1063 2623 1179 2696 rector,
1201 2617 1322 2682 iudices
1338 2623 1373 2682 et
1388 2635 1443 2683 sex
1458 2633 1530 2682 con·

286 2721 399 2806 siliarij
424 2721 552 2788 uinculo
577 2722 768 2786 sacramenti
783 2719 929 2803 predicta
943 2739 1122 2802 proponere
1139 2720 1180 2786 ad
1198 2721 1362 2786 consilium
1383 2718 1531 2802 generale

287 2825 373 2906 dicte
398 2825 548 2909 ciuitatis,
571 2825 605 2889 in
628 2823 708 2906 quo⁵
730 2824 794 2890 sint
816 2824 960 2890 cominus
980 2824 1146 2907 sexaginta
1160 2823 1340 2906 consiliarii,
1362 2823 1403 2890 da
1418 2823 1531 2888 dandis

286 2929 379 2995 dictis
402 2928 611 3011 repressalijs,
636 2945 696 2994 nec
720 2945 761 2994 ne
783 2928 817 2992 in
839 2928 984 3010 personis
1007 2928 1059 2994 uel
1081 2929 1114 2993 in
1129 2929 1224 2994 rebus
1239 2933 1352 2994 contra
1366 2945 1531 2994 commune

286 3039 321 3098 et
342 3031 497 3114 speciales
518 3031 661 3098 homines
685 3031 772 3096 illius
794 3037 892 3116 terre,
922 3031 956 3096 in
986 3032 1074 3096 cuius
1104 3031 1266 3098 territorio
1296 3032 1382 3096 dicta
1405 3029 1534 3096 robaria

284 3133 384 3202 luerit
404 3137 580 3215 commissa,
605 3135 659 3202 uel
685 3135 727 3202 de
749 3154 812 3218 qua
833 3134 894 3200 luit
916 3134 1043 3201 debitor
1065 3135 1142 3200 dicti
1157 3136 1235 3200 ciuis
1252 3133 1412 3216 Spoletini
1433 3140 1468 3200 et
1483 3133 1534 3199 sui

286 3239 440 3322 territorii
464 3246 498 3306 et
520 3240 704 3318 districtus3
726 3240 760 3304 in
783 3257 846 3322 quo
870 3239 1001 3305 consilio
1024 3235 1081 3304 fiat
1103 3239 1255 3320 partitum
1278 3238 1318 3304 ad
1335 3237 1485 3304 bussulos
1500 3243 1534 3304 et

285 3341 425 3410 ballotas
448 3348 481 3411 et
503 3349 540 3408 ut
561 3361 620 3427 per
642 3343 796 3410 maiorem
817 3347 941 3425 partem
973 3343 1049 3410 dicti
1072 3343 1193 3424 oonsilij
1227 3340 1326 3408 luerit
1348 3341 1535 3408 obtentum⁶

288 3447 329 3514 de
351 3447 466 3513 dandis
489 3447 583 3513 dictis
606 3447 810 3529 repressalijs
833 3465 892 3514 nec
914 3465 955 3512 ne
977 3451 1011 3513 et
1033 3454 1140 3513 utrum
1161 3447 1194 3511 in
1213 3447 1319 3526 rebus,
1342 3445 1397 3512 uel
1411 3445 1444 3510 in
1460 3464 1535 3527 per-

284 3551 371 3619 sonis
393 3551 543 3618 strabus
568 3549 688 3618 debeat
712 3551 878 3618 obseruari
900 3557 934 3618 et
955 3551 1085 3633 plenam
1107 3551 1249 3618 obtineat
1270 3549 1466 3617 firmitatem.

665 3809 668 3816 “
734 3797 802 3843 ΟΔΡι
825 3799 882 3841 vn.
904 3797 948 3840 DE
968 3797 1086 3842 nomm.

328 3913 410 3980 Item
432 3918 588 3981 statutum
611 3918 645 3981 et
667 3913 850 3981 ordinatum
873 3921 932 3993 est,
956 3914 1043 3995 quod
1073 3913 1263 3996 quicumque
1285 3913 1445 3996 acceperit
1475 3915 1536 3980 ali-

286 4035 366 4100 quas
396 4037 448 4086 res
478 4037 536 4101 pro
568 4017 774 4102 repressalijs
796 4019 858 4086 sibi
880 4019 1040 4086 concessis
1063 4037 1121 4100 per
1143 4035 1308 4084 commune
1332 4015 1467 4099 Spoleti,
1498 4018 1535 4083 in

285 4123 459 4188 continenti
481 4121 564 4190 infra
583 4124 662 4190 duos
686 4123 757 4190 dies
772 4124 859 4207 ipsas
883 4142 935 4190 res
952 4128 1038 4189 totas
1057 4122 1177 4188 debeat
1192 4120 1331 4188 fideliter
1346 4127 1538 4204 presentare

285 4243 394 4293 coram
416 4231 588 4312 potestate,
611 4232 737 4294 rectore
761 4232 795 4294 et
817 4225 1006 4294 officialibus
1027 4227 1200 4294 communis
1222 4224 1356 4308 Spalati.
1379 4226 1424 4290 Et
1444 4226 1535 4306 dicte

284 4349 337 4398 res
360 4329 552 4398 extimentur
574 4351 632 4415 per
655 4331 860 4400 extimatores
883 4332 1058 4400 communis
1083 4329 1207 4414 Spalati
1229 4333 1263 4396 ct
1282 4330 1354 4413 ipsa
1369 4329 1537 4397 estimatio

331 4522 423 4602 ²np.
445 4524 572 4604 mua:
596 4517 699 4603 ,sart
796 4519 942 4586 aratu:
969 4523 1092 4599 ,arcura
1179 4479 1322 4585 ⁸saru:
1348 4539 1400 4606 ,se
1423 4521 1537 4584 mrem

284 4611 463 4674 debereet“
579 4609 698 4672 ⁴00d.
729 4611 838 4672 acad.
870 4610 913 4671 B:
946 4610 1131 4689 ,dampnis“.
1246 4605 1426 4670 ¹‘Decetin
1448 4610 1536 4670 oon

282 4699 390 4763 acad.
412 4697 450 4760 Δ.
522 4696 642 4760 ‘Occi
665 4699 771 4760 acad.
794 4700 838 4760 B:
867 4691 1099 4776 ,obtemptum“.
