<?xml version="1.0" encoding="UTF-8"?>
<!DOCTYPE html PUBLIC "-//W3C//DTD XHTML 1.0 Transitional//EN"
    "http://www.w3.org/TR/xhtml1/DTD/xhtml1-transitional.dtd">
<html xmlns="http://www.w3.org/1999/xhtml" xml:lang="en" lang="en">
 <head>
  <title>
</title>
<meta http-equiv="Content-Type" content="text/html;charset=utf-8" />
  <meta name='ocr-system' content='tesseract 3.04.00' />
  <meta name='ocr-capabilities' content='ocr_page ocr_carea ocr_par ocr_line ocrx_word'/>
</head>
<body>
  <div class='ocr_page' id='page_1' title='image "./statutaetlegesc00yuggoog_0470.png"; bbox 0 0 3416 5350; ppageno 0'>
   <div class='ocr_carea' id='block_1_1' title="bbox 364 454 425 516">
    <p class='ocr_par' dir='ltr' id='par_1_1' title="bbox 364 454 425 516">
     <span class='ocr_line' id='line_1_1' title="bbox 364 454 425 516; baseline 0 0"><span class='ocrx_word' id='word_1_1' title='bbox 364 454 425 516; x_wconf 90' lang='lat'>110</span> 
     </span>
    </p>
   </div>
   <div class='ocr_carea' id='block_1_2' title="bbox 345 651 1677 1776">
    <p class='ocr_par' dir='ltr' id='par_1_2' title="bbox 358 651 1677 1154">
     <span class='ocr_line' id='line_1_2' title="bbox 359 651 1677 742; baseline -0.002 -21"><span class='ocrx_word' id='word_1_2' title='bbox 359 660 503 738; x_wconf 81' lang='lat' dir='ltr'>potestas</span> <span class='ocrx_word' id='word_1_3' title='bbox 533 653 672 720; x_wconf 82' lang='lat' dir='ltr'>ciuitatis</span> <span class='ocrx_word' id='word_1_4' title='bbox 704 651 827 736; x_wconf 79' lang='lat' dir='ltr'>Speleti</span> <span class='ocrx_word' id='word_1_5' title='bbox 855 660 889 720; x_wconf 91' lang='lat' dir='ltr'>et</span> <span class='ocrx_word' id='word_1_6' title='bbox 926 661 1068 722; x_wconf 89' lang='lat' dir='ltr'>rectores</span> <span class='ocrx_word' id='word_1_7' title='bbox 1099 659 1133 722; x_wconf 88' lang='lat' dir='ltr'>et</span> <span class='ocrx_word' id='word_1_8' title='bbox 1163 654 1312 722; x_wconf 85' lang='lat' dir='ltr'>offitielcs</span> <span class='ocrx_word' id='word_1_9' title='bbox 1342 654 1428 734; x_wconf 88' lang='lat' dir='ltr'>dicte</span> <span class='ocrx_word' id='word_1_10' title='bbox 1463 654 1593 720; x_wconf 77' lang='lat' dir='ltr'>ciuitatis</span> <span class='ocrx_word' id='word_1_11' title='bbox 1675 669 1677 742; x_wconf 60' lang='grc' dir='ltr'>ς</span> 
     </span>
     <span class='ocr_line' id='line_1_3' title="bbox 360 753 1677 827; baseline -0.003 -1"><span class='ocrx_word' id='word_1_12' title='bbox 360 767 531 827; x_wconf 80' lang='lat' dir='ltr'>teneantur</span> <span class='ocrx_word' id='word_1_13' title='bbox 553 759 680 826; x_wconf 91' lang='lat' dir='ltr'>uinculo</span> <span class='ocrx_word' id='word_1_14' title='bbox 703 759 893 826; x_wconf 77' lang='lat' dir='ltr'><strong>sacramenti</strong></span> <span class='ocrx_word' id='word_1_15' title='bbox 917 760 1034 824; x_wconf 87' lang='lat' dir='ltr'>dictum</span> <span class='ocrx_word' id='word_1_16' title='bbox 1058 767 1233 825; x_wconf 85' lang='lat' dir='ltr'>mercatum</span> <span class='ocrx_word' id='word_1_17' title='bbox 1255 758 1362 825; x_wconf 83' lang='lat' dir='ltr'>fecere</span> <span class='ocrx_word' id='word_1_18' title='bbox 1382 759 1546 824; x_wconf 81' lang='lat' dir='ltr'>obseruari</span> <span class='ocrx_word' id='word_1_19' title='bbox 1566 766 1594 822; x_wconf 86' lang='lat' dir='ltr'>et</span> <span class='ocrx_word' id='word_1_20' title='bbox 1675 753 1677 794; x_wconf 62' lang='lat'>³</span> 
     </span>
     <span class='ocr_line' id='line_1_4' title="bbox 359 863 1677 946; baseline -0.002 -16"><span class='ocrx_word' id='word_1_21' title='bbox 359 864 509 946; x_wconf 90' lang='lat' dir='ltr'>compleri</span> <span class='ocrx_word' id='word_1_22' title='bbox 534 867 567 929; x_wconf 90' lang='lat' dir='ltr'>et</span> <span class='ocrx_word' id='word_1_23' title='bbox 589 863 766 928; x_wconf 82' lang='lat' dir='ltr'>executioni</span> <span class='ocrx_word' id='word_1_24' title='bbox 790 865 943 928; x_wconf 81' lang='lat' dir='ltr'>mandari.</span> <span class='ocrx_word' id='word_1_25' title='bbox 976 863 1019 928; x_wconf 88' lang='lat' dir='ltr'>Et</span> <span class='ocrx_word' id='word_1_26' title='bbox 1051 865 1076 928; x_wconf 90' lang='lat' dir='ltr'>si</span> <span class='ocrx_word' id='word_1_27' title='bbox 1101 883 1158 945; x_wconf 89' lang='lat' dir='ltr'>per</span> <span class='ocrx_word' id='word_1_28' title='bbox 1181 864 1315 928; x_wconf 81' lang='lat' dir='ltr'>alterum</span> <span class='ocrx_word' id='word_1_29' title='bbox 1339 863 1478 945; x_wconf 86' lang='lat' dir='ltr'>partium</span> <span class='ocrx_word' id='word_1_30' title='bbox 1501 881 1593 928; x_wconf 87' lang='lat' dir='ltr'>remu·</span> <span class='ocrx_word' id='word_1_31' title='bbox 1676 891 1677 906; x_wconf 41' lang='grc' dir='ltr'>η</span> 
     </span>
     <span class='ocr_line' id='line_1_5' title="bbox 358 967 1593 1049; baseline -0.003 -15"><span class='ocrx_word' id='word_1_32' title='bbox 358 973 442 1049; x_wconf 81' lang='lat' dir='ltr'>nect,</span> <span class='ocrx_word' id='word_1_33' title='bbox 466 967 552 1049; x_wconf 87' lang='lat' dir='ltr'>quod</span> <span class='ocrx_word' id='word_1_34' title='bbox 575 967 692 1034; x_wconf 90' lang='lat' dir='ltr'>dictum</span> <span class='ocrx_word' id='word_1_35' title='bbox 716 971 894 1033; x_wconf 83' lang='lat' dir='ltr'>mercatum</span> <span class='ocrx_word' id='word_1_36' title='bbox 917 985 979 1032; x_wconf 96' lang='lat' dir='ltr'>non</span> <span class='ocrx_word' id='word_1_37' title='bbox 1004 973 1113 1048; x_wconf 86' lang='lat' dir='ltr'>posset</span> <span class='ocrx_word' id='word_1_38' title='bbox 1135 967 1313 1032; x_wconf 75' lang='lat' dir='ltr'>executioni</span> <span class='ocrx_word' id='word_1_39' title='bbox 1336 967 1497 1030; x_wconf 81' lang='lat' dir='ltr'>mandari:</span> <span class='ocrx_word' id='word_1_40' title='bbox 1526 974 1593 1030; x_wconf 90' lang='lat' dir='ltr'>tunc</span> 
     </span>
     <span class='ocr_line' id='line_1_6' title="bbox 358 1071 1593 1154; baseline -0.004 -16"><span class='ocrx_word' id='word_1_41' title='bbox 358 1071 423 1152; x_wconf 90' lang='lat' dir='ltr'>ille,</span> <span class='ocrx_word' id='word_1_42' title='bbox 446 1089 504 1154; x_wconf 87' lang='lat' dir='ltr'>pro</span> <span class='ocrx_word' id='word_1_43' title='bbox 528 1087 590 1152; x_wconf 94' lang='lat' dir='ltr'>quo</span> <span class='ocrx_word' id='word_1_44' title='bbox 613 1076 765 1149; x_wconf 75' lang='lat' dir='ltr'>remanet,</span> <span class='ocrx_word' id='word_1_45' title='bbox 790 1075 939 1136; x_wconf 82' lang='lat' dir='ltr'>teneatur</span> <span class='ocrx_word' id='word_1_46' title='bbox 960 1071 1022 1148; x_wconf 75' lang='lat' dir='ltr'>illi,</span> <span class='ocrx_word' id='word_1_47' title='bbox 1056 1073 1110 1152; x_wconf 94' lang='lat' dir='ltr'>qui</span> <span class='ocrx_word' id='word_1_48' title='bbox 1140 1071 1210 1136; x_wconf 91' lang='lat' dir='ltr'>uult</span> <span class='ocrx_word' id='word_1_49' title='bbox 1233 1071 1407 1136; x_wconf 84' lang='lat' dir='ltr'>obseruare</span> <span class='ocrx_word' id='word_1_50' title='bbox 1429 1075 1593 1135; x_wconf 80' lang='lat' dir='ltr'>mercatum</span> 
     </span>
    </p>

    <p class='ocr_par' dir='ltr' id='par_1_3' title="bbox 361 1171 1593 1360">
     <span class='ocr_line' id='line_1_7' title="bbox 361 1171 1592 1258; baseline -0.002 -18"><span class='ocrx_word' id='word_1_51' title='bbox 361 1179 395 1241; x_wconf 88' lang='lat' dir='ltr'>et</span> <span class='ocrx_word' id='word_1_52' title='bbox 417 1179 544 1256; x_wconf 82' lang='lat' dir='ltr'>pactum</span> <span class='ocrx_word' id='word_1_53' title='bbox 567 1171 761 1258; x_wconf 82' lang='lat' dir='ltr'>satisfecere,</span> <span class='ocrx_word' id='word_1_54' title='bbox 786 1174 826 1239; x_wconf 90' lang='lat' dir='ltr'>de</span> <span class='ocrx_word' id='word_1_55' title='bbox 850 1173 996 1240; x_wconf 90' lang='lat' dir='ltr'>omnibus</span> <span class='ocrx_word' id='word_1_56' title='bbox 1019 1173 1174 1256; x_wconf 79' lang='lat' dir='ltr'>demnis1,</span> <span class='ocrx_word' id='word_1_57' title='bbox 1209 1174 1355 1256; x_wconf 84' lang='lat' dir='ltr'>expensis</span> <span class='ocrx_word' id='word_1_58' title='bbox 1378 1178 1413 1238; x_wconf 88' lang='lat' dir='ltr'>et</span> <span class='ocrx_word' id='word_1_59' title='bbox 1434 1174 1592 1253; x_wconf 79' lang='lat' dir='ltr'>interesse,</span> 
     </span>
     <span class='ocr_line' id='line_1_8' title="bbox 362 1275 1593 1360; baseline -0.001 -17"><span class='ocrx_word' id='word_1_60' title='bbox 362 1295 424 1360; x_wconf 87' lang='lat' dir='ltr'>que</span> <span class='ocrx_word' id='word_1_61' title='bbox 447 1278 585 1344; x_wconf 87' lang='lat' dir='ltr'>sustinet</span> <span class='ocrx_word' id='word_1_62' title='bbox 606 1277 669 1357; x_wconf 82' lang='lat' dir='ltr'>illc,</span> <span class='ocrx_word' id='word_1_63' title='bbox 693 1277 747 1358; x_wconf 93' lang='lat' dir='ltr'>qui</span> <span class='ocrx_word' id='word_1_64' title='bbox 763 1277 835 1342; x_wconf 91' lang='lat' dir='ltr'>uult</span> <span class='ocrx_word' id='word_1_65' title='bbox 851 1277 970 1343; x_wconf 89' lang='lat' dir='ltr'>dictum</span> <span class='ocrx_word' id='word_1_66' title='bbox 986 1284 1162 1343; x_wconf 76' lang='lat' dir='ltr'>mercatum</span> <span class='ocrx_word' id='word_1_67' title='bbox 1179 1277 1360 1342; x_wconf 82' lang='lat' dir='ltr'>obseruare.</span> <span class='ocrx_word' id='word_1_68' title='bbox 1385 1275 1454 1356; x_wconf 88' lang='lat' dir='ltr'>Que</span> <span class='ocrx_word' id='word_1_69' title='bbox 1472 1275 1593 1342; x_wconf 74' lang='lat' dir='ltr'>‹lemno&#39;</span> 
     </span>
    </p>

    <p class='ocr_par' dir='ltr' id='par_1_4' title="bbox 345 1379 1592 1674">
     <span class='ocr_line' id='line_1_9' title="bbox 361 1379 1592 1464; baseline -0.002 -15"><span class='ocrx_word' id='word_1_70' title='bbox 361 1388 394 1449; x_wconf 86' lang='lat' dir='ltr'>et</span> <span class='ocrx_word' id='word_1_71' title='bbox 417 1397 553 1464; x_wconf 85' lang='lat' dir='ltr'>expense</span> <span class='ocrx_word' id='word_1_72' title='bbox 577 1387 610 1446; x_wconf 88' lang='lat' dir='ltr'>et</span> <span class='ocrx_word' id='word_1_73' title='bbox 631 1379 788 1446; x_wconf 82' lang='lat' dir='ltr'>interesse</span> <span class='ocrx_word' id='word_1_74' title='bbox 812 1381 950 1446; x_wconf 81' lang='lat' dir='ltr'>debeant</span> <span class='ocrx_word' id='word_1_75' title='bbox 974 1381 1128 1446; x_wconf 81' lang='lat' dir='ltr'>declarari</span> <span class='ocrx_word' id='word_1_76' title='bbox 1145 1386 1178 1445; x_wconf 88' lang='lat' dir='ltr'>et</span> <span class='ocrx_word' id='word_1_77' title='bbox 1196 1379 1400 1446; x_wconf 79' lang='lat' dir='ltr'>determinari</span> <span class='ocrx_word' id='word_1_78' title='bbox 1424 1398 1482 1462; x_wconf 92' lang='lat' dir='ltr'>per</span> <span class='ocrx_word' id='word_1_79' title='bbox 1499 1385 1592 1461; x_wconf 82' lang='lat' dir='ltr'>potes-</span> 
     </span>
     <span class='ocr_line' id='line_1_10' title="bbox 360 1481 1591 1565; baseline -0.002 -13"><span class='ocrx_word' id='word_1_80' title='bbox 360 1490 461 1552; x_wconf 82' lang='lat' dir='ltr'>tatem</span> <span class='ocrx_word' id='word_1_81' title='bbox 485 1491 518 1550; x_wconf 88' lang='lat' dir='ltr'>et</span> <span class='ocrx_word' id='word_1_82' title='bbox 541 1502 631 1550; x_wconf 81' lang='lat' dir='ltr'>suem</span> <span class='ocrx_word' id='word_1_83' title='bbox 654 1486 782 1563; x_wconf 75' lang='lat' dir='ltr'>curiam,</span> <span class='ocrx_word' id='word_1_84' title='bbox 814 1485 866 1552; x_wconf 91' lang='lat' dir='ltr'>uel</span> <span class='ocrx_word' id='word_1_85' title='bbox 890 1493 1047 1551; x_wconf 88' lang='lat' dir='ltr'>rectorem</span> <span class='ocrx_word' id='word_1_86' title='bbox 1071 1492 1128 1550; x_wconf 84' lang='lat' dir='ltr'>eut</span> <span class='ocrx_word' id='word_1_87' title='bbox 1150 1483 1298 1551; x_wconf 82' lang='lat' dir='ltr'>offitieles</span> <span class='ocrx_word' id='word_1_88' title='bbox 1327 1485 1499 1548; x_wconf 90' lang='lat' dir='ltr'>communis</span> <span class='ocrx_word' id='word_1_89' title='bbox 1523 1481 1591 1565; x_wconf 82' lang='lat' dir='ltr'>Spu·</span> 
     </span>
     <span class='ocr_line' id='line_1_11' title="bbox 345 1587 1590 1674; baseline 0.003 -26"><span class='ocrx_word' id='word_1_90' title='bbox 345 1589 438 1674; x_wconf 84' lang='lat' dir='ltr'>leti,</span> <span class='ocrx_word' id='word_1_91' title='bbox 467 1589 542 1670; x_wconf 84' lang='lat' dir='ltr'>quie</span> <span class='ocrx_word' id='word_1_92' title='bbox 564 1587 642 1654; x_wconf 85' lang='lat' dir='ltr'>nilril</span> <span class='ocrx_word' id='word_1_93' title='bbox 666 1593 731 1652; x_wconf 84' lang='lat' dir='ltr'>tem</span> <span class='ocrx_word' id='word_1_94' title='bbox 754 1589 926 1671; x_wconf 80' lang='lat' dir='ltr'>contingit³</span> <span class='ocrx_word' id='word_1_95' title='bbox 955 1587 1029 1655; x_wconf 88' lang='lat' dir='ltr'>fidei</span> <span class='ocrx_word' id='word_1_96' title='bbox 1051 1588 1189 1669; x_wconf 80' lang='lat' dir='ltr'>humane</span> <span class='ocrx_word' id='word_1_97' title='bbox 1214 1605 1404 1668; x_wconf 86' lang='lat' dir='ltr'>congruum,</span> <span class='ocrx_word' id='word_1_98' title='bbox 1435 1605 1528 1667; x_wconf 82' lang='lat' dir='ltr'>quern</span> <span class='ocrx_word' id='word_1_99' title='bbox 1549 1606 1590 1664; x_wconf 74' lang='lat' dir='ltr'>es,</span> 
     </span>
    </p>

    <p class='ocr_par' dir='ltr' id='par_1_5' title="bbox 361 1691 1462 1776">
     <span class='ocr_line' id='line_1_12' title="bbox 361 1691 1462 1776; baseline -0.003 -18"><span class='ocrx_word' id='word_1_100' title='bbox 361 1710 423 1776; x_wconf 88' lang='lat' dir='ltr'>que</span> <span class='ocrx_word' id='word_1_101' title='bbox 447 1693 532 1758; x_wconf 91' lang='lat' dir='ltr'>iuste</span> <span class='ocrx_word' id='word_1_102' title='bbox 546 1709 604 1773; x_wconf 90' lang='lat' dir='ltr'>per</span> <span class='ocrx_word' id='word_1_103' title='bbox 621 1699 748 1772; x_wconf 79' lang='lat' dir='ltr'>pactum</span> <span class='ocrx_word' id='word_1_104' title='bbox 770 1693 854 1759; x_wconf 87' lang='lat' dir='ltr'>inter</span> <span class='ocrx_word' id='word_1_105' title='bbox 875 1693 999 1774; x_wconf 81' lang='lat' dir='ltr'>sliquos</span> <span class='ocrx_word' id='word_1_106' title='bbox 1021 1693 1261 1776; x_wconf 88' lang='lat' dir='ltr'>interuenerint,</span> <span class='ocrx_word' id='word_1_107' title='bbox 1286 1691 1462 1758; x_wconf 76' lang='lat' dir='ltr'>obseruari.</span> 
     </span>
    </p>
   </div>
   <div class='ocr_carea' id='block_1_3' title="bbox 361 1939 1591 2000">
    <p class='ocr_par' dir='ltr' id='par_1_6' title="bbox 361 1939 1591 2000">
     <span class='ocr_line' id='line_1_13' title="bbox 361 1939 1591 2000; baseline -0.002 -13"><span class='ocrx_word' id='word_1_108' title='bbox 361 1941 429 1987; x_wconf 69' lang='lat' dir='ltr'>OAP.</span> <span class='ocrx_word' id='word_1_109' title='bbox 453 1939 551 1985; x_wconf 76' lang='lat' dir='ltr'><strong>XOVH·</strong></span> <span class='ocrx_word' id='word_1_110' title='bbox 574 1941 616 1984; x_wconf 74' lang='lat' dir='ltr'>DE</span> <span class='ocrx_word' id='word_1_111' title='bbox 639 1941 864 1993; x_wconf 73' lang='lat' dir='ltr'>Quusmomnus</span> <span class='ocrx_word' id='word_1_112' title='bbox 887 1942 1053 1986; x_wconf 69' lang='lat' dir='ltr'>FAOOENDIE</span> <span class='ocrx_word' id='word_1_113' title='bbox 1077 1941 1161 1984; x_wconf 71' lang='lat' dir='ltr'>Anum</span> <span class='ocrx_word' id='word_1_114' title='bbox 1183 1941 1308 2000; x_wconf 62' lang='lat' dir='ltr'>URBES,</span> <span class='ocrx_word' id='word_1_115' title='bbox 1332 1941 1395 1982; x_wconf 74' lang='lat' dir='ltr'>mlh</span> <span class='ocrx_word' id='word_1_116' title='bbox 1419 1941 1591 1985; x_wconf 68' lang='lat' dir='ltr'>unoculus.</span> 
     </span>
    </p>
   </div>
   <div class='ocr_carea' id='block_1_4' title="bbox 361 2057 1591 3697">
    <p class='ocr_par' dir='ltr' id='par_1_7' title="bbox 361 2057 1591 3697">
     <span class='ocr_line' id='line_1_14' title="bbox 404 2057 1590 2140; baseline -0.001 -17"><span class='ocrx_word' id='word_1_117' title='bbox 404 2059 487 2124; x_wconf 84' lang='lat' dir='ltr'>Item</span> <span class='ocrx_word' id='word_1_118' title='bbox 510 2062 667 2124; x_wconf 78' lang='lat' dir='ltr'>statutum</span> <span class='ocrx_word' id='word_1_119' title='bbox 690 2063 722 2123; x_wconf 91' lang='lat' dir='ltr'>et</span> <span class='ocrx_word' id='word_1_120' title='bbox 744 2057 926 2124; x_wconf 84' lang='lat' dir='ltr'>ordinatum</span> <span class='ocrx_word' id='word_1_121' title='bbox 949 2065 1007 2136; x_wconf 87' lang='lat' dir='ltr'>est,</span> <span class='ocrx_word' id='word_1_122' title='bbox 1032 2059 1114 2138; x_wconf 86' lang='lat' dir='ltr'>quod</span> <span class='ocrx_word' id='word_1_123' title='bbox 1140 2059 1328 2140; x_wconf 83' lang='lat' dir='ltr'>quicumque</span> <span class='ocrx_word' id='word_1_124' title='bbox 1352 2057 1423 2122; x_wconf 92' lang='lat' dir='ltr'>uult</span> <span class='ocrx_word' id='word_1_125' title='bbox 1440 2057 1590 2138; x_wconf 77' lang='lat' dir='ltr'>placitare,</span> 
     </span>
     <span class='ocr_line' id='line_1_15' title="bbox 361 2161 1591 2244; baseline -0.003 -15"><span class='ocrx_word' id='word_1_126' title='bbox 361 2163 414 2229; x_wconf 91' lang='lat' dir='ltr'>uel</span> <span class='ocrx_word' id='word_1_127' title='bbox 437 2163 525 2227; x_wconf 92' lang='lat' dir='ltr'>litem</span> <span class='ocrx_word' id='word_1_128' title='bbox 549 2167 604 2226; x_wconf 82' lang='lat' dir='ltr'>aut</span> <span class='ocrx_word' id='word_1_129' title='bbox 625 2161 826 2242; x_wconf 78' lang='lat' dir='ltr'>questionem</span> <span class='ocrx_word' id='word_1_130' title='bbox 848 2162 954 2229; x_wconf 83' lang='lat' dir='ltr'>facere</span> <span class='ocrx_word' id='word_1_131' title='bbox 976 2164 1069 2228; x_wconf 81' lang='lat' dir='ltr'>elicui</span> <span class='ocrx_word' id='word_1_132' title='bbox 1093 2163 1133 2228; x_wconf 89' lang='lat' dir='ltr'>de</span> <span class='ocrx_word' id='word_1_133' title='bbox 1157 2163 1357 2244; x_wconf 77' lang='lat' dir='ltr'>proprietate</span> <span class='ocrx_word' id='word_1_134' title='bbox 1376 2163 1458 2244; x_wconf 85' lang='lat' dir='ltr'>agri,</span> <span class='ocrx_word' id='word_1_135' title='bbox 1481 2161 1591 2228; x_wconf 83' lang='lat' dir='ltr'>hocio-</span> 
     </span>
     <span class='ocr_line' id='line_1_16' title="bbox 362 2257 1590 2350; baseline -0.002 -17"><span class='ocrx_word' id='word_1_136' title='bbox 362 2268 424 2333; x_wconf 84' lang='lat' dir='ltr'>ciet</span> <span class='ocrx_word' id='word_1_137' title='bbox 454 2271 488 2334; x_wconf 85' lang='lat' dir='ltr'>et</span> <span class='ocrx_word' id='word_1_138' title='bbox 516 2263 622 2331; x_wconf 84' lang='lat' dir='ltr'>fecere</span> <span class='ocrx_word' id='word_1_139' title='bbox 655 2265 773 2332; x_wconf 84' lang='lat' dir='ltr'>debeat</span> <span class='ocrx_word' id='word_1_140' title='bbox 803 2271 877 2333; x_wconf 86' lang='lat' dir='ltr'>ente</span> <span class='ocrx_word' id='word_1_141' title='bbox 899 2266 1063 2332; x_wconf 78' lang='lat' dir='ltr'>Kalendas</span> <span class='ocrx_word' id='word_1_142' title='bbox 1091 2257 1186 2350; x_wconf 85' lang='lat' dir='ltr'>Julij,</span> <span class='ocrx_word' id='word_1_143' title='bbox 1217 2273 1332 2348; x_wconf 86' lang='lat' dir='ltr'>postea</span> <span class='ocrx_word' id='word_1_144' title='bbox 1354 2284 1433 2332; x_wconf 89' lang='lat' dir='ltr'>uero</span> <span class='ocrx_word' id='word_1_145' title='bbox 1456 2266 1539 2332; x_wconf 87' lang='lat' dir='ltr'>litem</span> <span class='ocrx_word' id='word_1_146' title='bbox 1560 2273 1590 2331; x_wconf 90' lang='lat' dir='ltr'>et</span> 
     </span>
     <span class='ocr_line' id='line_1_17' title="bbox 364 2367 1591 2452; baseline -0.001 -17"><span class='ocrx_word' id='word_1_147' title='bbox 364 2370 565 2452; x_wconf 78' lang='lat' dir='ltr'>questionem</span> <span class='ocrx_word' id='word_1_148' title='bbox 588 2367 694 2436; x_wconf 82' lang='lat' dir='ltr'>locere</span> <span class='ocrx_word' id='word_1_149' title='bbox 717 2389 779 2436; x_wconf 95' lang='lat' dir='ltr'>non</span> <span class='ocrx_word' id='word_1_150' title='bbox 802 2371 906 2452; x_wconf 90' lang='lat' dir='ltr'>possit</span> <span class='ocrx_word' id='word_1_151' title='bbox 928 2387 1030 2452; x_wconf 89' lang='lat' dir='ltr'>usque</span> <span class='ocrx_word' id='word_1_152' title='bbox 1046 2371 1087 2436; x_wconf 83' lang='lat' dir='ltr'>ml</span> <span class='ocrx_word' id='word_1_153' title='bbox 1103 2377 1239 2452; x_wconf 78' lang='lat' dir='ltr'>tempus,</span> <span class='ocrx_word' id='word_1_154' title='bbox 1264 2389 1326 2452; x_wconf 93' lang='lat' dir='ltr'>quo</span> <span class='ocrx_word' id='word_1_155' title='bbox 1345 2367 1456 2452; x_wconf 84' lang='lat' dir='ltr'>fruges</span> <span class='ocrx_word' id='word_1_156' title='bbox 1472 2377 1503 2437; x_wconf 90' lang='lat' dir='ltr'>ct</span> <span class='ocrx_word' id='word_1_157' title='bbox 1518 2390 1591 2436; x_wconf 86' lang='lat' dir='ltr'>mes·</span> 
     </span>
     <span class='ocr_line' id='line_1_18' title="bbox 362 2471 1591 2555; baseline -0.001 -14"><span class='ocrx_word' id='word_1_158' title='bbox 362 2493 414 2541; x_wconf 89' lang='lat' dir='ltr'>ses</span> <span class='ocrx_word' id='word_1_159' title='bbox 436 2472 555 2540; x_wconf 91' lang='lat' dir='ltr'>fuerint</span> <span class='ocrx_word' id='word_1_160' title='bbox 570 2473 714 2552; x_wconf 87' lang='lat' dir='ltr'>collecte.</span> <span class='ocrx_word' id='word_1_161' title='bbox 746 2471 898 2539; x_wconf 86' lang='lat' dir='ltr'>Similiter</span> <span class='ocrx_word' id='word_1_162' title='bbox 920 2474 1110 2555; x_wconf 89' lang='lat' dir='ltr'>quicumque</span> <span class='ocrx_word' id='word_1_163' title='bbox 1131 2475 1202 2538; x_wconf 92' lang='lat' dir='ltr'>uult</span> <span class='ocrx_word' id='word_1_164' title='bbox 1224 2473 1386 2555; x_wconf 77' lang='lat' dir='ltr'>placitare,</span> <span class='ocrx_word' id='word_1_165' title='bbox 1419 2473 1471 2539; x_wconf 91' lang='lat' dir='ltr'>uel</span> <span class='ocrx_word' id='word_1_166' title='bbox 1491 2473 1591 2540; x_wconf 81' lang='lat' dir='ltr'>locere</span> 
     </span>
     <span class='ocr_line' id='line_1_19' title="bbox 362 2577 1587 2660; baseline -0.001 -16"><span class='ocrx_word' id='word_1_167' title='bbox 362 2577 457 2644; x_wconf 84' lang='lat' dir='ltr'>elicui</span> <span class='ocrx_word' id='word_1_168' title='bbox 480 2577 634 2658; x_wconf 68' lang='lat' dir='ltr'>aliquem</span> <span class='ocrx_word' id='word_1_169' title='bbox 658 2577 756 2653; x_wconf 85' lang='lat' dir='ltr'>litem,</span> <span class='ocrx_word' id='word_1_170' title='bbox 779 2579 831 2646; x_wconf 88' lang='lat' dir='ltr'>uel</span> <span class='ocrx_word' id='word_1_171' title='bbox 855 2579 1056 2660; x_wconf 79' lang='lat' dir='ltr'>questionem</span> <span class='ocrx_word' id='word_1_172' title='bbox 1079 2578 1119 2645; x_wconf 91' lang='lat' dir='ltr'>de</span> <span class='ocrx_word' id='word_1_173' title='bbox 1135 2577 1330 2660; x_wconf 82' lang='lat' dir='ltr'>proprietate</span> <span class='ocrx_word' id='word_1_174' title='bbox 1346 2577 1478 2644; x_wconf 80' lang='lat' dir='ltr'>alicuius</span> <span class='ocrx_word' id='word_1_175' title='bbox 1493 2579 1587 2656; x_wconf 83' lang='lat' dir='ltr'>uince,</span> 
     </span>
     <span class='ocr_line' id='line_1_20' title="bbox 362 2680 1583 2764; baseline -0.001 -18"><span class='ocrx_word' id='word_1_176' title='bbox 362 2681 463 2764; x_wconf 88' lang='lat' dir='ltr'>ipsum</span> <span class='ocrx_word' id='word_1_177' title='bbox 485 2681 585 2760; x_wconf 87' lang='lat' dir='ltr'>litem,</span> <span class='ocrx_word' id='word_1_178' title='bbox 609 2680 662 2746; x_wconf 89' lang='lat' dir='ltr'>uel</span> <span class='ocrx_word' id='word_1_179' title='bbox 684 2681 885 2763; x_wconf 85' lang='lat' dir='ltr'>questionem</span> <span class='ocrx_word' id='word_1_180' title='bbox 908 2680 1004 2748; x_wconf 78' lang='lat' dir='ltr'>faciet</span> <span class='ocrx_word' id='word_1_181' title='bbox 1027 2688 1059 2748; x_wconf 88' lang='lat' dir='ltr'>et</span> <span class='ocrx_word' id='word_1_182' title='bbox 1081 2681 1186 2748; x_wconf 83' lang='lat' dir='ltr'>lucere</span> <span class='ocrx_word' id='word_1_183' title='bbox 1209 2681 1325 2748; x_wconf 81' lang='lat' dir='ltr'>debeat</span> <span class='ocrx_word' id='word_1_184' title='bbox 1346 2687 1420 2748; x_wconf 84' lang='lat' dir='ltr'>ente</span> <span class='ocrx_word' id='word_1_185' title='bbox 1435 2681 1583 2747; x_wconf 77' lang='lat' dir='ltr'>Kalendis</span> 
     </span>
     <span class='ocr_line' id='line_1_21' title="bbox 362 2785 1590 2870; baseline -0.002 -19"><span class='ocrx_word' id='word_1_186' title='bbox 362 2785 515 2870; x_wconf 66' lang='lat' dir='ltr'>Anguem</span> <span class='ocrx_word' id='word_1_187' title='bbox 554 2790 667 2867; x_wconf 82' lang='lat' dir='ltr'>postea</span> <span class='ocrx_word' id='word_1_188' title='bbox 689 2803 767 2852; x_wconf 90' lang='lat' dir='ltr'>uero</span> <span class='ocrx_word' id='word_1_189' title='bbox 788 2785 876 2852; x_wconf 86' lang='lat' dir='ltr'>litem</span> <span class='ocrx_word' id='word_1_190' title='bbox 900 2787 952 2851; x_wconf 91' lang='lat' dir='ltr'>uel</span> <span class='ocrx_word' id='word_1_191' title='bbox 975 2787 1173 2868; x_wconf 89' lang='lat' dir='ltr'>questionem</span> <span class='ocrx_word' id='word_1_192' title='bbox 1204 2785 1309 2851; x_wconf 85' lang='lat' dir='ltr'>iecere</span> <span class='ocrx_word' id='word_1_193' title='bbox 1341 2803 1407 2860; x_wconf 85' lang='lat' dir='ltr'>non</span> <span class='ocrx_word' id='word_1_194' title='bbox 1430 2786 1526 2866; x_wconf 89' lang='lat' dir='ltr'>possit</span> <span class='ocrx_word' id='word_1_195' title='bbox 1546 2804 1590 2850; x_wconf 90' lang='lat' dir='ltr'>us·</span> 
     </span>
     <span class='ocr_line' id='line_1_22' title="bbox 364 2888 1591 2972; baseline -0.002 -17"><span class='ocrx_word' id='word_1_196' title='bbox 364 2908 427 2972; x_wconf 86' lang='lat' dir='ltr'>que</span> <span class='ocrx_word' id='word_1_197' title='bbox 450 2889 492 2956; x_wconf 83' lang='lat' dir='ltr'>ed</span> <span class='ocrx_word' id='word_1_198' title='bbox 513 2895 649 2972; x_wconf 86' lang='lat' dir='ltr'>tempus,</span> <span class='ocrx_word' id='word_1_199' title='bbox 674 2906 736 2970; x_wconf 92' lang='lat' dir='ltr'>quo</span> <span class='ocrx_word' id='word_1_200' title='bbox 759 2890 919 2970; x_wconf 88' lang='lat' dir='ltr'>uindemie</span> <span class='ocrx_word' id='word_1_201' title='bbox 943 2889 1062 2956; x_wconf 89' lang='lat' dir='ltr'>luerint</span> <span class='ocrx_word' id='word_1_202' title='bbox 1077 2891 1262 2971; x_wconf 83' lang='lat' dir='ltr'>recollecte3</span> <span class='ocrx_word' id='word_1_203' title='bbox 1288 2909 1327 2957; x_wconf 84' lang='lat' dir='ltr'>eo</span> <span class='ocrx_word' id='word_1_204' title='bbox 1349 2889 1450 2968; x_wconf 81' lang='lat' dir='ltr'>seluo,</span> <span class='ocrx_word' id='word_1_205' title='bbox 1473 2888 1591 2970; x_wconf 84' lang='lat' dir='ltr'>quodsi</span> 
     </span>
     <span class='ocr_line' id='line_1_23' title="bbox 364 2992 1591 3076; baseline -0.004 -16"><span class='ocrx_word' id='word_1_206' title='bbox 364 3003 511 3076; x_wconf 89' lang='lat' dir='ltr'>tempore</span> <span class='ocrx_word' id='word_1_207' title='bbox 531 2993 684 3058; x_wconf 89' lang='lat' dir='ltr'>messium</span> <span class='ocrx_word' id='word_1_208' title='bbox 708 2993 821 3074; x_wconf 82' lang='lat' dir='ltr'>aliquis</span> <span class='ocrx_word' id='word_1_209' title='bbox 844 2995 984 3061; x_wconf 88' lang='lat' dir='ltr'>uoluerit</span> <span class='ocrx_word' id='word_1_210' title='bbox 1005 2993 1111 3062; x_wconf 86' lang='lat' dir='ltr'>facere</span> <span class='ocrx_word' id='word_1_211' title='bbox 1131 2995 1330 3075; x_wconf 81' lang='lat' dir='ltr'>questionem</span> <span class='ocrx_word' id='word_1_212' title='bbox 1348 2994 1388 3058; x_wconf 88' lang='lat' dir='ltr'>de</span> <span class='ocrx_word' id='word_1_213' title='bbox 1411 2993 1516 3071; x_wconf 84' lang='lat' dir='ltr'>blado,</span> <span class='ocrx_word' id='word_1_214' title='bbox 1539 2992 1591 3057; x_wconf 88' lang='lat' dir='ltr'>hoc</span> 
     </span>
     <span class='ocr_line' id='line_1_24' title="bbox 361 3096 1591 3180; baseline -0.003 -18"><span class='ocrx_word' id='word_1_215' title='bbox 361 3096 470 3164; x_wconf 84' lang='lat' dir='ltr'>facere</span> <span class='ocrx_word' id='word_1_216' title='bbox 492 3097 612 3178; x_wconf 83' lang='lat' dir='ltr'>possit3</span> <span class='ocrx_word' id='word_1_217' title='bbox 648 3103 681 3162; x_wconf 89' lang='lat' dir='ltr'>et</span> <span class='ocrx_word' id='word_1_218' title='bbox 704 3098 729 3163; x_wconf 91' lang='lat' dir='ltr'>si</span> <span class='ocrx_word' id='word_1_219' title='bbox 752 3103 897 3180; x_wconf 89' lang='lat' dir='ltr'>tempore</span> <span class='ocrx_word' id='word_1_220' title='bbox 922 3099 1150 3165; x_wconf 83' lang='lat' dir='ltr'>uindemiarum</span> <span class='ocrx_word' id='word_1_221' title='bbox 1175 3099 1255 3163; x_wconf 89' lang='lat' dir='ltr'>uelit</span> <span class='ocrx_word' id='word_1_222' title='bbox 1276 3097 1383 3162; x_wconf 83' lang='lat' dir='ltr'>lacere</span> <span class='ocrx_word' id='word_1_223' title='bbox 1407 3097 1591 3178; x_wconf 83' lang='lat' dir='ltr'>questionem</span> 
     </span>
     <span class='ocr_line' id='line_1_25' title="bbox 363 3201 1590 3284; baseline -0.002 -18"><span class='ocrx_word' id='word_1_224' title='bbox 363 3201 403 3268; x_wconf 90' lang='lat' dir='ltr'>de</span> <span class='ocrx_word' id='word_1_225' title='bbox 426 3201 569 3282; x_wconf 81' lang='lat' dir='ltr'>mulsto⁶,</span> <span class='ocrx_word' id='word_1_226' title='bbox 594 3201 633 3266; x_wconf 91' lang='lat' dir='ltr'>de</span> <span class='ocrx_word' id='word_1_227' title='bbox 655 3201 823 3284; x_wconf 86' lang='lat' dir='ltr'>uegetibus</span> <span class='ocrx_word' id='word_1_228' title='bbox 846 3209 880 3266; x_wconf 90' lang='lat' dir='ltr'>et</span> <span class='ocrx_word' id='word_1_229' title='bbox 903 3203 943 3268; x_wconf 91' lang='lat' dir='ltr'>de</span> <span class='ocrx_word' id='word_1_230' title='bbox 966 3203 1110 3270; x_wconf 89' lang='lat' dir='ltr'>omnibus</span> <span class='ocrx_word' id='word_1_231' title='bbox 1134 3208 1168 3268; x_wconf 90' lang='lat' dir='ltr'>et</span> <span class='ocrx_word' id='word_1_232' title='bbox 1190 3201 1332 3284; x_wconf 80' lang='lat' dir='ltr'>singulis,</span> <span class='ocrx_word' id='word_1_233' title='bbox 1358 3219 1421 3283; x_wconf 87' lang='lat' dir='ltr'>que</span> <span class='ocrx_word' id='word_1_234' title='bbox 1444 3201 1590 3284; x_wconf 87' lang='lat' dir='ltr'>pertinent</span> 
     </span>
     <span class='ocr_line' id='line_1_26' title="bbox 364 3303 1590 3390; baseline -0.004 -18"><span class='ocrx_word' id='word_1_235' title='bbox 364 3304 407 3372; x_wconf 86' lang='lat' dir='ltr'>ed</span> <span class='ocrx_word' id='word_1_236' title='bbox 427 3303 613 3383; x_wconf 79' lang='lat' dir='ltr'>uindemias,</span> <span class='ocrx_word' id='word_1_237' title='bbox 637 3303 697 3370; x_wconf 93' lang='lat' dir='ltr'>hoc</span> <span class='ocrx_word' id='word_1_238' title='bbox 720 3304 821 3372; x_wconf 87' lang='lat' dir='ltr'>libere</span> <span class='ocrx_word' id='word_1_239' title='bbox 843 3304 949 3372; x_wconf 86' lang='lat' dir='ltr'>facere</span> <span class='ocrx_word' id='word_1_240' title='bbox 971 3308 1075 3388; x_wconf 85' lang='lat' dir='ltr'>possit</span> <span class='ocrx_word' id='word_1_241' title='bbox 1089 3307 1184 3372; x_wconf 84' lang='lat' dir='ltr'>etiam</span> <span class='ocrx_word' id='word_1_242' title='bbox 1201 3313 1345 3388; x_wconf 85' lang='lat' dir='ltr'>tempore</span> <span class='ocrx_word' id='word_1_243' title='bbox 1359 3303 1484 3390; x_wconf 80' lang='lat' dir='ltr'>ieriuto²</span> <span class='ocrx_word' id='word_1_244' title='bbox 1502 3305 1590 3368; x_wconf 90' lang='lat' dir='ltr'>intro·</span> 
     </span>
     <span class='ocr_line' id='line_1_27' title="bbox 364 3407 1590 3491; baseline -0.006 -14"><span class='ocrx_word' id='word_1_245' title='bbox 364 3411 460 3477; x_wconf 88' lang='lat' dir='ltr'>ducto</span> <span class='ocrx_word' id='word_1_246' title='bbox 483 3427 541 3491; x_wconf 88' lang='lat' dir='ltr'>per</span> <span class='ocrx_word' id='word_1_247' title='bbox 563 3407 659 3474; x_wconf 82' lang='lat' dir='ltr'>serias</span> <span class='ocrx_word' id='word_1_248' title='bbox 682 3409 833 3474; x_wconf 88' lang='lat' dir='ltr'>messium</span> <span class='ocrx_word' id='word_1_249' title='bbox 864 3418 897 3475; x_wconf 91' lang='lat' dir='ltr'>et</span> <span class='ocrx_word' id='word_1_250' title='bbox 919 3411 1159 3476; x_wconf 78' lang='lat' dir='ltr'>uindemiarum.</span> <span class='ocrx_word' id='word_1_251' title='bbox 1190 3409 1284 3490; x_wconf 86' lang='lat' dir='ltr'>Ferie</span> <span class='ocrx_word' id='word_1_252' title='bbox 1317 3416 1425 3476; x_wconf 85' lang='lat' dir='ltr'>eutem</span> <span class='ocrx_word' id='word_1_253' title='bbox 1455 3409 1590 3474; x_wconf 88' lang='lat' dir='ltr'>messium</span> 
     </span>
     <span class='ocr_line' id='line_1_28' title="bbox 363 3511 1591 3597; baseline -0.007 -14"><span class='ocrx_word' id='word_1_254' title='bbox 363 3522 397 3583; x_wconf 89' lang='lat' dir='ltr'>et</span> <span class='ocrx_word' id='word_1_255' title='bbox 419 3513 650 3580; x_wconf 75' lang='lat' dir='ltr'>uindemiarum</span> <span class='ocrx_word' id='word_1_256' title='bbox 673 3511 743 3579; x_wconf 91' lang='lat' dir='ltr'>fieri</span> <span class='ocrx_word' id='word_1_257' title='bbox 766 3514 904 3580; x_wconf 80' lang='lat' dir='ltr'>debeant</span> <span class='ocrx_word' id='word_1_258' title='bbox 927 3515 1099 3580; x_wconf 89' lang='lat' dir='ltr'>secundum</span> <span class='ocrx_word' id='word_1_259' title='bbox 1133 3517 1219 3596; x_wconf 90' lang='lat' dir='ltr'>quod</span> <span class='ocrx_word' id='word_1_260' title='bbox 1248 3534 1306 3596; x_wconf 90' lang='lat' dir='ltr'>per</span> <span class='ocrx_word' id='word_1_261' title='bbox 1331 3515 1482 3597; x_wconf 79' lang='lat' dir='ltr'>generale</span> <span class='ocrx_word' id='word_1_262' title='bbox 1502 3511 1591 3578; x_wconf 88' lang='lat' dir='ltr'>oonsi-</span> 
     </span>
     <span class='ocr_line' id='line_1_29' title="bbox 366 3615 1044 3697; baseline 0 -13"><span class='ocrx_word' id='word_1_263' title='bbox 366 3619 443 3685; x_wconf 91' lang='lat' dir='ltr'>lium</span> <span class='ocrx_word' id='word_1_264' title='bbox 467 3617 550 3697; x_wconf 89' lang='lat' dir='ltr'>dicte</span> <span class='ocrx_word' id='word_1_265' title='bbox 574 3616 712 3683; x_wconf 81' lang='lat' dir='ltr'>ciuitatis</span> <span class='ocrx_word' id='word_1_266' title='bbox 735 3615 832 3684; x_wconf 84' lang='lat' dir='ltr'>luerit</span> <span class='ocrx_word' id='word_1_267' title='bbox 855 3619 1044 3685; x_wconf 83' lang='lat' dir='ltr'>ordinatum.</span> 
     </span>
    </p>
   </div>
   <div class='ocr_carea' id='block_1_5' title="bbox 644 3867 1324 3916">
    <p class='ocr_par' dir='ltr' id='par_1_8' title="bbox 644 3867 1324 3916">
     <span class='ocr_line' id='line_1_30' title="bbox 644 3867 1324 3916; baseline -0.007 0"><span class='ocrx_word' id='word_1_268' title='bbox 644 3871 712 3916; x_wconf 71' lang='lat' dir='ltr'>ou’.</span> <span class='ocrx_word' id='word_1_269' title='bbox 735 3871 846 3916; x_wconf 83' lang='lat' dir='ltr'>xovm.</span> <span class='ocrx_word' id='word_1_270' title='bbox 868 3871 911 3915; x_wconf 74' lang='lat' dir='ltr'>DE</span> <span class='ocrx_word' id='word_1_271' title='bbox 933 3871 1088 3916; x_wconf 70' lang='lat' dir='ltr'>OMUIBUS</span> <span class='ocrx_word' id='word_1_272' title='bbox 1111 3867 1324 3915; x_wconf 77' lang='lat' dir='ltr'>sommus.</span> 
     </span>
    </p>
   </div>
   <div class='ocr_carea' id='block_1_6' title="bbox 364 3986 1593 4384">
    <p class='ocr_par' dir='ltr' id='par_1_9' title="bbox 364 3986 1593 4384">
     <span class='ocr_line' id='line_1_31' title="bbox 407 3986 1591 4071; baseline -0.008 -17"><span class='ocrx_word' id='word_1_273' title='bbox 407 3989 490 4056; x_wconf 88' lang='lat' dir='ltr'>Item</span> <span class='ocrx_word' id='word_1_274' title='bbox 513 3994 669 4056; x_wconf 81' lang='lat' dir='ltr'>statutum</span> <span class='ocrx_word' id='word_1_275' title='bbox 693 3995 726 4054; x_wconf 90' lang='lat' dir='ltr'>et</span> <span class='ocrx_word' id='word_1_276' title='bbox 749 3991 929 4054; x_wconf 80' lang='lat' dir='ltr'>ordinatum</span> <span class='ocrx_word' id='word_1_277' title='bbox 952 3995 1021 4069; x_wconf 87' lang='lat' dir='ltr'>est,</span> <span class='ocrx_word' id='word_1_278' title='bbox 1049 3989 1134 4071; x_wconf 89' lang='lat' dir='ltr'>quod</span> <span class='ocrx_word' id='word_1_279' title='bbox 1157 3989 1184 4055; x_wconf 91' lang='lat' dir='ltr'>si</span> <span class='ocrx_word' id='word_1_280' title='bbox 1207 3990 1240 4053; x_wconf 92' lang='lat' dir='ltr'>in</span> <span class='ocrx_word' id='word_1_281' title='bbox 1263 3988 1394 4054; x_wconf 84' lang='lat' dir='ltr'>ciuitate</span> <span class='ocrx_word' id='word_1_282' title='bbox 1418 3987 1470 4053; x_wconf 92' lang='lat' dir='ltr'>uel</span> <span class='ocrx_word' id='word_1_283' title='bbox 1491 3986 1591 4066; x_wconf 84' lang='lat' dir='ltr'>burgo,</span> 
     </span>
     <span class='ocr_line' id='line_1_32' title="bbox 366 4091 1593 4178; baseline -0.005 -19"><span class='ocrx_word' id='word_1_284' title='bbox 366 4095 436 4160; x_wconf 92' lang='lat' dir='ltr'>siue</span> <span class='ocrx_word' id='word_1_285' title='bbox 458 4094 491 4159; x_wconf 93' lang='lat' dir='ltr'>in</span> <span class='ocrx_word' id='word_1_286' title='bbox 514 4101 595 4177; x_wconf 88' lang='lat' dir='ltr'>orto,</span> <span class='ocrx_word' id='word_1_287' title='bbox 619 4094 688 4159; x_wconf 91' lang='lat' dir='ltr'>siue</span> <span class='ocrx_word' id='word_1_288' title='bbox 711 4093 743 4158; x_wconf 92' lang='lat' dir='ltr'>iu</span> <span class='ocrx_word' id='word_1_289' title='bbox 766 4094 870 4178; x_wconf 86' lang='lat' dir='ltr'>terris,</span> <span class='ocrx_word' id='word_1_290' title='bbox 893 4095 962 4160; x_wconf 90' lang='lat' dir='ltr'>siue</span> <span class='ocrx_word' id='word_1_291' title='bbox 985 4096 1017 4158; x_wconf 93' lang='lat' dir='ltr'>in</span> <span class='ocrx_word' id='word_1_292' title='bbox 1039 4094 1143 4158; x_wconf 89' lang='lat' dir='ltr'>uineis</span> <span class='ocrx_word' id='word_1_293' title='bbox 1166 4093 1264 4158; x_wconf 85' lang='lat' dir='ltr'>fuerit</span> <span class='ocrx_word' id='word_1_294' title='bbox 1284 4091 1391 4174; x_wconf 81' lang='lat' dir='ltr'>alique</span> <span class='ocrx_word' id='word_1_295' title='bbox 1406 4092 1502 4156; x_wconf 80' lang='lat' dir='ltr'>clauis</span> <span class='ocrx_word' id='word_1_296' title='bbox 1515 4107 1593 4155; x_wconf 88' lang='lat' dir='ltr'>cour-</span> 
     </span>
     <span class='ocr_line' id='line_1_33' title="bbox 364 4194 1592 4279; baseline -0.006 -18"><span class='ocrx_word' id='word_1_297' title='bbox 364 4198 467 4263; x_wconf 90' lang='lat' dir='ltr'>munis</span> <span class='ocrx_word' id='word_1_298' title='bbox 496 4203 530 4262; x_wconf 89' lang='lat' dir='ltr'>et</span> <span class='ocrx_word' id='word_1_299' title='bbox 559 4204 669 4278; x_wconf 81' lang='lat' dir='ltr'>partes</span> <span class='ocrx_word' id='word_1_300' title='bbox 700 4197 785 4262; x_wconf 88' lang='lat' dir='ltr'>inter</span> <span class='ocrx_word' id='word_1_301' title='bbox 816 4216 851 4265; x_wconf 91' lang='lat' dir='ltr'>se</span> <span class='ocrx_word' id='word_1_302' title='bbox 883 4217 945 4264; x_wconf 93' lang='lat' dir='ltr'>non</span> <span class='ocrx_word' id='word_1_303' title='bbox 976 4199 1124 4279; x_wconf 82' lang='lat' dir='ltr'>possent⁰</span> <span class='ocrx_word' id='word_1_304' title='bbox 1147 4197 1357 4276; x_wconf 78' lang='lat' dir='ltr'>concordare,</span> <span class='ocrx_word' id='word_1_305' title='bbox 1388 4197 1458 4278; x_wconf 91' lang='lat' dir='ltr'>quis</span> <span class='ocrx_word' id='word_1_306' title='bbox 1480 4194 1592 4260; x_wconf 89' lang='lat' dir='ltr'>illorum</span> 
     </span>
     <span class='ocr_line' id='line_1_34' title="bbox 367 4297 1592 4384; baseline -0.006 -17"><span class='ocrx_word' id='word_1_307' title='bbox 367 4301 487 4368; x_wconf 76' lang='lat' dir='ltr'>debeat</span> <span class='ocrx_word' id='word_1_308' title='bbox 508 4301 648 4368; x_wconf 89' lang='lat' dir='ltr'>retinere</span> <span class='ocrx_word' id='word_1_309' title='bbox 671 4301 788 4367; x_wconf 86' lang='lat' dir='ltr'>dictem</span> <span class='ocrx_word' id='word_1_310' title='bbox 811 4301 943 4382; x_wconf 83' lang='lat' dir='ltr'>cleuim;</span> <span class='ocrx_word' id='word_1_311' title='bbox 968 4309 1043 4368; x_wconf 90' lang='lat' dir='ltr'>tunc</span> <span class='ocrx_word' id='word_1_312' title='bbox 1067 4307 1210 4383; x_wconf 78' lang='lat' dir='ltr'>potestas</span> <span class='ocrx_word' id='word_1_313' title='bbox 1234 4300 1356 4384; x_wconf 79' lang='lat' dir='ltr'>Spoleti</span> <span class='ocrx_word' id='word_1_314' title='bbox 1379 4307 1414 4366; x_wconf 91' lang='lat' dir='ltr'>et</span> <span class='ocrx_word' id='word_1_315' title='bbox 1436 4299 1501 4366; x_wconf 90' lang='lat' dir='ltr'>eius</span> <span class='ocrx_word' id='word_1_316' title='bbox 1515 4297 1592 4362; x_wconf 81' lang='lat' dir='ltr'>curia</span> 
     </span>
    </p>
   </div>
   <div class='ocr_carea' id='block_1_7' title="bbox 368 4543 1591 4804">
    <p class='ocr_par' dir='ltr' id='par_1_10' title="bbox 368 4543 1591 4804">
     <span class='ocr_line' id='line_1_35' title="bbox 413 4543 1591 4626; baseline -0.006 -18"><span class='ocrx_word' id='word_1_317' title='bbox 413 4543 424 4581; x_wconf 92' lang='lat'>¹</span> <span class='ocrx_word' id='word_1_318' title='bbox 455 4548 541 4611; x_wconf 83' lang='lat' dir='ltr'>God.</span> <span class='ocrx_word' id='word_1_319' title='bbox 572 4549 678 4610; x_wconf 78' lang='lat' dir='ltr'>acad.</span> <span class='ocrx_word' id='word_1_320' title='bbox 710 4547 754 4611; x_wconf 91' lang='lat' dir='ltr'>B:</span> <span class='ocrx_word' id='word_1_321' title='bbox 791 4547 976 4626; x_wconf 84' lang='lat' dir='ltr'>„dampnis“.</span> <span class='ocrx_word' id='word_1_322' title='bbox 1047 4544 1204 4609; x_wconf 56' lang='lat' dir='ltr'>&#39;ibicis</span> <span class='ocrx_word' id='word_1_323' title='bbox 1230 4549 1411 4626; x_wconf 83' lang='lat' dir='ltr'>,‚dampna“.</span> <span class='ocrx_word' id='word_1_324' title='bbox 1482 4543 1591 4603; x_wconf 78' lang='lat' dir='ltr'>³Deeu</span> 
     </span>
     <span class='ocr_line' id='line_1_36' title="bbox 368 4629 1590 4711; baseline -0.007 -17"><span class='ocrx_word' id='word_1_325' title='bbox 368 4651 418 4711; x_wconf 81' lang='lat' dir='ltr'>ep.</span> <span class='ocrx_word' id='word_1_326' title='bbox 453 4635 563 4711; x_wconf 81' lang='lat' dir='ltr'>Ljub.</span> <span class='ocrx_word' id='word_1_327' title='bbox 646 4635 658 4670; x_wconf 88' lang='lat'><strong>⁴</strong></span> <span class='ocrx_word' id='word_1_328' title='bbox 691 4637 784 4698; x_wconf 89' lang='lat' dir='ltr'>Deest</span> <span class='ocrx_word' id='word_1_329' title='bbox 817 4637 904 4696; x_wconf 86' lang='lat' dir='ltr'>ibid.</span> <span class='ocrx_word' id='word_1_330' title='bbox 978 4633 990 4669; x_wconf 82' lang='lat'><em>⁶</em></span> <span class='ocrx_word' id='word_1_331' title='bbox 1020 4635 1105 4696; x_wconf 80' lang='lat' dir='ltr'>God.</span> <span class='ocrx_word' id='word_1_332' title='bbox 1140 4635 1247 4695; x_wconf 79' lang='lat' dir='ltr'>acad.</span> <span class='ocrx_word' id='word_1_333' title='bbox 1282 4636 1307 4694; x_wconf 93' lang='lat' dir='ltr'><strong>B</strong></span> <span class='ocrx_word' id='word_1_334' title='bbox 1337 4639 1367 4694; x_wconf 87' lang='lat' dir='ltr'>et</span> <span class='ocrx_word' id='word_1_335' title='bbox 1401 4651 1448 4710; x_wconf 82' lang='lat' dir='ltr'>ep.</span> <span class='ocrx_word' id='word_1_336' title='bbox 1477 4629 1590 4706; x_wconf 57' lang='lat' dir='ltr'>Ljuba</span> 
     </span>
     <span class='ocr_line' id='line_1_37' title="bbox 372 4721 1373 4804; baseline 0.003 -25"><span class='ocrx_word' id='word_1_337' title='bbox 372 4723 550 4800; x_wconf 80' lang='lat' dir='ltr'>„mustum“.</span> <span class='ocrx_word' id='word_1_338' title='bbox 623 4721 743 4782; x_wconf 71' lang='lat' dir='ltr'>flOocl.</span> <span class='ocrx_word' id='word_1_339' title='bbox 768 4723 870 4784; x_wconf 85' lang='lat' dir='ltr'>acad.</span> <span class='ocrx_word' id='word_1_340' title='bbox 894 4723 920 4782; x_wconf 94' lang='lat' dir='ltr'>B</span> <span class='ocrx_word' id='word_1_341' title='bbox 943 4727 972 4782; x_wconf 92' lang='lat' dir='ltr'>et</span> <span class='ocrx_word' id='word_1_342' title='bbox 994 4740 1041 4798; x_wconf 83' lang='lat' dir='ltr'>ap.</span> <span class='ocrx_word' id='word_1_343' title='bbox 1066 4721 1184 4798; x_wconf 83' lang='lat' dir='ltr'>Ljub:</span> <span class='ocrx_word' id='word_1_344' title='bbox 1210 4721 1373 4804; x_wconf 76' lang='lat' dir='ltr'>„possint“.</span> 
     </span>
    </p>
   </div>
   <div class='ocr_carea' id='block_1_8' title="bbox 0 0 1717 5350">
    <p class='ocr_par' dir='ltr' id='par_1_11' title="bbox 0 0 1717 5350">
     <span class='ocr_line' id='line_1_38' title="bbox 0 0 1717 5350; baseline 0 0"><span class='ocrx_word' id='word_1_345' title='bbox 0 0 1717 5350; x_wconf 95' lang='lat' dir='ltr'> </span> 
     </span>
    </p>
   </div>
  </div>
 </body>
</html>
