3376 5392
1307 461 1367 522 163

138 670 356 737 ambasciatae
377 669 566 752 praedictae,
590 669 622 754 in
646 668 714 736 istis
736 668 838 734 causis
861 686 922 734 uon
939 665 1154 750 intelligantur
1168 663 1281 732 fecisse
1296 664 1373 730 adu-

128 775 283 860 nantiam,
300 792 359 840 nec
371 774 523 842 cecidisse
534 776 574 841 ad
586 793 729 857 poenam.
746 773 900 841 Volumus
912 778 1028 852 autem,
1045 771 1129 855 quod
1140 771 1217 836 illud
1230 775 1371 838 nostrum

127 879 317 946 mandatum
333 879 529 962 intelligatur
544 880 585 945 ad
597 899 707 946 sanum
722 879 924 956 intelectum3
948 877 1026 944 haec
1039 883 1088 944 est
1101 883 1211 942 nostra
1227 877 1369 955 intentio,

128 983 219 1065 quod
243 984 283 1050 de
306 987 550 1068 congregatione
573 985 735 1066 praedicta
758 985 790 1050 in
814 983 905 1050 dictis
929 983 1055 1048 casibus
1071 981 1154 1049 facta
1171 983 1263 1050 detur
1277 983 1369 1050 nobis

128 1089 239 1155 subito
263 1089 376 1156 notitia
397 1097 454 1156 aut
476 1090 589 1158 saltem
612 1095 782 1172 antequam
804 1094 1008 1172 praetereant
1030 1089 1099 1154 dies
1122 1094 1188 1154 tres
1204 1094 1279 1172 post
1294 1105 1366 1153 con-

126 1194 351 1277 gregationem
375 1195 569 1278 praedictam
593 1195 651 1260 sub
674 1213 777 1278 poena
799 1193 981 1277 praedicte3
1004 1191 1180 1258 hoctamcn
1199 1191 1369 1276 declarato,

128 1297 275 1380 quodie
305 1299 429 1366 casibus
460 1299 629 1384 praedictis
660 1317 724 1365 non
752 1299 878 1383 possitis
910 1299 1025 1364 dictam
1057 1297 1280 1364 adunationem
1311 1296 1370 1363 sibi

127 1401 303 1484 denegare.

175 1505 328 1572 Ceterum
351 1507 426 1589 quia
448 1525 555 1573 sumus
578 1507 748 1593 informati,
772 1507 856 1590 quod
879 1507 1000 1592 denarij
1025 1501 1181 1574 detiorum
1204 1508 1370 1589 deputato·

127 1630 203 1677 rum
225 1612 317 1678 uobis
340 1611 506 1678 comitibus
534 1611 704 1694 aliquando
721 1612 941 1696 expenduntur
956 1613 987 1677 in
1005 1613 1125 1693 aliare,
1150 1617 1183 1678 et
1198 1611 1369 1694 aliquando

128 1716 250 1782 dautur
272 1716 430 1783 nobilibus
459 1715 659 1783 uenientibus
688 1716 841 1783 Venetias
863 1735 921 1799 pro
945 1717 1092 1798 expensis
1124 1717 1190 1783 suis
1213 1723 1246 1782 et
1269 1735 1370 1799 nuper

130 1819 201 1887 dati
224 1819 356 1887 fuerunt
378 1827 450 1903 post
472 1827 612 1887 nostram
635 1822 892 1889 deliberationem
915 1821 1005 1888 uobis
1028 1823 1176 1904 scriptam
1201 1821 1241 1888 de
1263 1821 1369 1886 amba-

128 1927 322 1994 sciatoribus
338 1927 502 1992 ueniendis
519 1928 559 1992 ad
575 1945 648 1993 suas
664 1946 834 2010 expensas:
858 1927 1003 1993 uolumus
1021 1935 1052 1993 et
1067 1926 1251 1992 mandamus
1267 1927 1369 2003 nobie,

128 2031 220 2112 quod
244 2030 364 2113 denarij
388 2031 532 2115 deputati
555 2032 702 2099 solutioni
726 2033 830 2116 salarii
854 2033 952 2098 uestri
969 2033 1168 2116 nonpossint
1190 2034 1287 2117 tangi,
1310 2050 1368 2100 nec

127 2135 225 2202 aliter
240 2135 426 2218 dispensari,
444 2155 537 2217 quarn
552 2137 584 2200 in
601 2137 717 2203 salario
733 2141 841 2204 uestro
858 2137 922 2203 ullo
939 2137 1050 2216 mod03
1081 2137 1155 2204 etsi
1172 2137 1256 2204 dicta
1278 2137 1364 2203 datia

128 2257 196 2305 non
219 2239 413 2322 supplerent,
436 2241 468 2305 in
481 2241 540 2306 boc
559 2259 634 2306 casu
648 2241 752 2324 placet
768 2241 867 2322 nobis,
891 2243 976 2324 quod
996 2241 1196 2308 fiatcollecta
1210 2241 1366 2326 generalis

128 2365 190 2429 pro
217 2345 438 2429 supplemento
463 2345 569 2428 salarij
596 2347 684 2410 iuxta
706 2345 841 2426 solitum,
871 2346 963 2414 aliter
985 2366 1061 2414 uero
1084 2365 1146 2412 non
1170 2345 1367 2412 ullomodo:

129 2450 159 2516 si
183 2467 260 2516 uero
282 2455 354 2532 post
377 2455 517 2515 nostram
541 2450 801 2516 deliberationem
825 2469 919 2534 super
941 2449 1220 2517 ambasciatoribus
1236 2452 1367 2517 uenien-

128 2555 181 2621 dis
204 2555 245 2620 ad
268 2574 342 2621 suas
364 2572 519 2636 expensas
543 2555 663 2638 denarij
687 2556 846 2622 detiorum
873 2556 1096 2638 deputatorum
1120 2560 1228 2622 uestro
1251 2555 1367 2622 salario

127 2658 267 2726 fuissent
291 2660 461 2741 dispensati
484 2665 517 2727 et
540 2659 605 2724 dati
629 2659 788 2726 nobilibus
811 2679 868 2743 pro
891 2661 955 2726 suis
972 2662 1134 2742 expensis3
1158 2659 1313 2738 columne,
1332 2665 1368 2726 ut

127 2763 203 2830 illos
226 2763 315 2831 reddi
338 2763 460 2830 faciatis
483 2770 579 2845 retro,
603 2783 661 2830 nec
683 2765 808 2846 ponatis
832 2765 994 2832 collectam
1011 2764 1217 2848 popularibus
1233 2783 1290 2846 pro
1306 2763 1368 2829 illis

129 2869 357 2950 recuperandis
380 2868 445 2934 ullo
468 2870 572 2948 orode,
596 2889 654 2934 nec
670 2871 764 2934 etiam
782 2870 905 2935 ratione
920 2870 1052 2935 alicuius
1069 2869 1281 2935 ambasciatae
1295 2887 1368 2950 pos-

111 2973 204 3038 ·sitis
227 2973 258 3037 in
280 2973 342 3038 illis
367 2991 483 3054 ponere
506 2975 680 3039 collectam.

175 3076 343 3143 Caeterum
366 3077 459 3143 uobis
483 3080 671 3161 replicamus
694 3079 736 3164 id,
769 3080 946 3161 quodcum
971 3078 1101 3144 consilio
1132 3085 1239 3145 nostro
1263 3079 1368 3163 Roga-

129 3189 238 3248 torum
261 3182 444 3263 scripsimus
468 3183 519 3249 die
542 3203 591 3248 xx.
616 3185 820 3263 Decembris,
851 3185 934 3267 quod
962 3185 1067 3250 omnia
1089 3203 1147 3250 sua
1170 3189 1290 3250 statuta
1313 3185 1367 3250 de·

128 3287 235 3352 beatis
263 3286 461 3370 integraliter
483 3295 516 3354 et
542 3288 769 3356 inuiolabiliter
798 3290 971 3356 obseruare
998 3297 1031 3356 et
1057 3287 1162 3356 lacere
1188 3289 1367 3370 obseruari;

127 3391 194 3457 illis
215 3398 323 3458 tamen
346 3393 495 3475 exceptis
519 3411 602 3475 quae
624 3413 681 3476 per
704 3397 828 3459 nostras
844 3393 967 3460 litteras
985 3393 1165 3475 specialiter
1187 3394 1367 3460 reuocanis-

127 3514 248 3575 semus,
271 3494 425 3562 iacientes
448 3497 506 3564 has
529 3503 656 3564 nostras
687 3499 827 3565 littereas
850 3499 883 3563 in
906 3498 984 3564 actis
1008 3497 1108 3563 uestri
1138 3497 1298 3580 regiminis
1323 3497 1364 3564 ad

126 3599 308 3667 futurorum
331 3601 512 3668 memoriam
536 3603 699 3685 registrari
722 3609 756 3670 et
777 3605 965 3687 registratas
988 3602 1140 3668 latoribus
1163 3603 1297 3668 restitui.

173 3706 292 3772 Datum
302 3705 452 3772 innostro
464 3707 567 3773 ducali
579 3707 698 3790 palatio
711 3707 761 3774 die
773 3727 821 3773 rur.
846 3707 952 3792 Martij
973 3707 1143 3773 indictione
1156 3725 1184 3771 v.
1198 3705 1365 3790 Moeccxlij.

498 3923 550 3962 xv.
574 3921 651 3965 enas
674 3921 862 3966 trancosum
886 3921 996 3978 omn,

127 4016 183 4071 qua
202 4002 340 4070 statuitur,
359 4000 431 4070 quod
448 4002 555 4057 scribae
578 4001 729 4056 triremium
747 4008 775 4056 et
800 4002 915 4056 aliarum
934 4003 1044 4057 nauium
1062 4001 1118 4056 sint
1136 4002 1210 4057 ciues
1228 4001 1299 4070 nati,
1324 4000 1367 4055 vel

419 4104 470 4158 per
487 4089 659 4160 priuilegium
678 4089 751 4157 iacti,
770 4105 824 4144 uon
840 4095 931 4144 autem
949 4089 1078 4146 forenses.

176 4209 348 4296 Mcceealij.
370 4209 400 4274 A
424 4210 458 4275 dl
479 4213 567 4297 scip.
591 4211 754 4278 &tomba
775 4215 809 4277 r'o
834 4211 979 4298 Prepcdi.

171 4332 253 4400 Cum
275 4337 322 4400 cio
344 4334 393 4400 sia
415 4333 472 4400 che
499 4335 540 4400 da
564 4336 655 4400 alcun
676 4341 781 4417 tempo
804 4335 835 4400 in
860 4353 923 4417 qua
938 4336 968 4401 el
985 4335 1032 4401 sia
1045 4336 1152 4416 osredo,
1177 4335 1272 4404 cheli
1294 4335 1369 4401 scri-

129 4439 206 4504 uani
230 4437 315 4504 delle
342 4439 436 4522 gallie
460 4458 477 4505 e
501 4439 540 4506 de
564 4459 646 4506 naue
673 4445 706 4506 et
728 4439 954 4524 soprachargbi
976 4459 1053 4506 sono
1077 4441 1183 4506 dedii
1208 4438 1367 4518 ioristieri,

128 4544 243 4626 peria
265 4544 339 4625 qual
361 4562 436 4611 cosa
458 4547 476 4610 e
499 4545 613 4610 indutti
644 4545 742 4611 multo
771 4545 1002 4612 inconuenienti
1034 4565 1053 4610 a
1075 4545 1197 4610 cadaun
1230 4543 1280 4610 chi
1303 4560 1366 4610 non

128 4649 150 4714 li
173 4649 370 4732 prouedesse
392 4655 425 4716 et
447 4649 543 4716 etiam
566 4649 617 4714 dio
641 4649 671 4715 el
695 4649 743 4715 sia
764 4651 827 4716 bon
855 4650 912 4716 ebe
934 4649 987 4733 piu
1011 4655 1093 4716 tosto
1116 4651 1127 4715 i
1150 4651 1250 4716 uostri
1275 4649 1365 4715 citte-

128 4753 192 4820 dini
217 4759 252 4821 et
272 4754 422 4821 marineri
445 4767 479 4820 et
501 4752 600 4821 auehe
622 4753 719 4835 quelli
742 4753 799 4819 che
823 4773 900 4821 sono
926 4753 997 4822 fatti
1019 4775 1075 4838 per
1090 4753 1254 4838 priuilegio
1271 4755 1365 4821 abbia

1194 4857 1212 4892 ὕ
