3388 5356
1291 475 1353 539 283

115 677 209 746 zuiae
233 697 347 759 comas,
370 678 516 748 uolentes
538 683 572 745 et
594 679 795 746 intendentes
818 676 881 746 dne
904 679 1012 748 debito
1035 679 1182 750 decidere
1197 686 1230 747 et
1246 681 1353 748 termi-

115 803 194 851 nare
219 784 464 850 controuersiam
488 803 594 850 coram
617 783 708 850 nobis
731 789 907 850 uertentem
930 789 1021 866 parte
1043 789 1075 850 et
1090 786 1172 851 inter
1188 787 1350 853 dominum

114 887 288 956 Antonium
310 889 422 973 Angeli
453 895 545 972 parte
579 908 641 954 una
671 895 818 956 oretenus
849 889 1004 955 dicentem
1033 897 1065 956 et
1094 897 1254 972 petentem
1283 889 1352 976 cogi

115 997 195 1060 iuris
220 995 331 1076 medijs
353 1015 391 1060 ox
414 1002 529 1059 natura
551 995 726 1060 sententiae
751 993 834 1059 latae
857 993 931 1059 oiim
953 1013 1011 1076 per
1033 995 1232 1080 magnificum
1255 996 1353 1062 domi-

115 1119 192 1164 num
218 1099 362 1166 comitem
386 1106 527 1166 nostrum
552 1117 789 1180 praecessorem
813 1099 971 1164 dominum
995 1099 1192 1166 Bernardum
1223 1101 1263 1166 de
1295 1099 1354 1166 Ca·

115 1205 202 1270 naii¹
229 1223 324 1286 super
346 1203 429 1270 iacto
452 1205 609 1282 immenti,
634 1205 721 1271 bladi
743 1223 780 1270 ac
803 1206 903 1272 omnis
926 1224 1057 1286 grossae
1082 1207 1301 1289 perueniantia
1323 1205 1355 1272 in

113 1309 174 1375 hac
199 1309 328 1376 ciuitate
351 1317 385 1376 et
406 1309 621 1376 iurisdictione
643 1307 836 1388 Curzulensi‚
860 1329 919 1376 ser.
944 1309 1101 1376 Joaunem
1133 1311 1173 1378 de
1204 1309 1351 1388 Martiae,

114 1413 169 1496 qui
193 1414 245 1480 his
269 1414 380 1479 diebus
404 1415 481 1479 emit
503 1415 534 1478 in
558 1413 617 1480 hae
640 1414 767 1480 ciuitate
791 1413 895 1480 oleum
919 1414 1090 1496 aquodam
1106 1413 1241 1495 forense,
1266 1417 1351 1498 quod

115 1518 155 1584 de
180 1519 251 1584 eius
275 1519 401 1600 nauigio
425 1519 580 1584 existente
612 1519 646 1584 in
679 1518 800 1584 canaiis
829 1515 994 1599 cumulas,
1024 1519 1172 1588 uidelicet
1200 1521 1240 1586 od
1269 1521 1354 1604 ripas

115 1620 306 1690 Sabioncessi
329 1623 391 1688 huc
414 1622 604 1688 conductum
626 1621 687 1688 iuit
709 1623 749 1687 ad
773 1622 910 1688 dandum
934 1629 968 1690 et
991 1625 1189 1691 condendum
1213 1625 1253 1692 de
1269 1625 1352 1693 dicto

113 1727 186 1793 oleo
211 1745 268 1809 per
290 1733 355 1792 tres
378 1727 445 1793 dies
468 1727 635 1808 unicuique
657 1745 762 1793 emere
786 1728 905 1794 uolenti
928 1733 1031 1795 eomet
1061 1729 1163 1812 pretio
1189 1729 1276 1795 iuxta
1307 1736 1352 1798 te

114 1851 227 1898 norem
250 1833 353 1899 dictae
375 1831 552 1898 sententiae
574 1851 632 1915 pro
662 1832 789 1914 capitali
811 1838 843 1896 et
872 1851 935 1897 non
957 1831 1059 1912 ultra3
1091 1833 1199 1900 audita
1221 1852 1352 1916 respon-

112 1937 206 2004 sione
228 1937 328 2020 ipsius
351 1955 411 2002 ser.
435 1937 577 2019 Joannis,
601 1955 637 2002 ac
660 1953 720 2003 ser.
744 1935 902 2002 Francisci
926 1937 1102 2022 Dragazioh
1127 1937 1297 2004 dicentium
1313 1939 1353 2004 ad

112 2042 180 2108 hoo
202 2059 267 2108 non
291 2043 401 2124 teneri,
426 2047 482 2106 aut
505 2041 598 2107 aliter
621 2041 794 2124 obligatum
818 2060 904 2120 esse3
928 2043 1002 2124 quia
1024 2044 1183 2109 sententia
1212 2061 1352 2126 compre

113 2147 229 2214 hendit
252 2166 316 2223 eos,
341 2146 394 2228 qui
418 2145 636 2212 fraudulenter
659 2146 690 2211 in
714 2146 861 2212 damnum
885 2147 1022 2214 ciuitatis
1045 2146 1209 2214 deuiareut
1224 2148 1352 2230 nauigia

117 2252 158 2317 de
183 2259 279 2333 portu
302 2252 362 2317 isto
386 2257 419 2316 et
441 2251 653 2316 conducerent
676 2251 716 2316 ad
740 2250 973 2317 Sabionceilum
995 2257 1028 2318 et
1050 2253 1092 2318 ibi
1116 2259 1260 2318 emerent
1282 2271 1352 2318 eum

117 2358 236 2422 damno
260 2355 407 2434 ciuitatis,
431 2375 500 2421 eum
525 2355 597 2438 alijs
613 2355 718 2421 multis
734 2355 910 2422 rationibus
926 2375 983 2438 per
997 2355 1084 2438 ipsos
1101 2357 1259 2423 deductis:
1276 2357 1353 2422 uisis

114 2459 264 2526 uidendis
288 2467 320 2527 et
342 2460 454 2527 merito
470 2459 675 2526 consideratis
691 2460 935 2539 considerandis,
959 2459 1153 2543 praesertim,
1177 2461 1262 2544 quod
1284 2461 1354 2526 iura

114 2565 238 2631 canalis
260 2566 359 2630 nostri
384 2566 505 2630 ratione
527 2563 633 2650 maris,
657 2564 741 2646 quod
764 2570 814 2630 est
837 2565 1027 2630 serenissimi
1052 2564 1179 2646 dominij
1204 2565 1354 2632 nostrisa

115 2669 296 2736 extendunt
317 2687 419 2751 usque
443 2668 482 2734 ad
499 2673 616 2734 terram
633 2665 824 2734 Sabioncelii
840 2669 1008 2749 exclusiue,
1032 2675 1126 2750 prout
1141 2669 1201 2751 ipsi
1228 2687 1355 2752 quoque

111 2775 328 2854 Ragusienses
351 2773 444 2855 plane
467 2777 675 2838 attestantur:
709 2771 827 2838 Christi
849 2773 984 2846 nomine,
1016 2791 1054 2838 ac
1076 2773 1169 2839 diuae
1199 2775 1268 2840 cius
1298 2793 1352 2856 ge-

112 2879 236 2946 nitricis
260 2879 390 2958 Mariae,
415 2897 452 2944 ac
473 2879 664 2960 protectoris
688 2881 787 2945 nostri
811 2880 913 2945 sancti
937 2878 1035 2944 Marci
1057 2877 1217 2962 suffragijs
1239 2878 1350 2964 implo-

112 2983 201 3062 ratis,
227 2985 272 3048 sic
294 2983 376 3050 inter
399 2991 506 3064 partes
530 2983 672 3068 dicimus,
695 2977 901 3068 declaramus
934 2984 1164 3050 senteutiamus
1188 3001 1245 3065 pro
1267 3001 1351 3049 nunc

110 3091 143 3154 in
166 3089 309 3170 presenti
331 3106 406 3153 casu
431 3094 463 3153 et
485 3089 517 3152 in
538 3087 678 3154 futurum
701 3108 758 3171 per
781 3107 889 3154 omnes
914 3093 946 3154 et
969 3106 1183 3172 quoscumque
1198 3087 1278 3154 alios
1293 3089 1348 3156 oh·

114 3193 238 3260 seruari
261 3193 445 3278 iudicamus
477 3193 635 3272 uidelicet,
667 3193 750 3275 quod
782 3192 853 3275 ipse
883 3213 943 3260 ser.
975 3193 1115 3260 Joannes
1144 3193 1184 3258 de
1215 3191 1351 3260 Martino

117 3305 269 3364 teneatur
292 3305 324 3364 et
347 3297 464 3363 debeat
486 3297 600 3377 oleum,
625 3298 709 3380 quod
733 3298 809 3364 emit
830 3298 879 3362 his
903 3297 1013 3364 diebus
1036 3297 1120 3364 iacto
1143 3305 1282 3364 mercato
1300 3299 1350 3365 hic

116 3399 276 3468 Curzulae
292 3409 326 3468 et
341 3402 529 3468 conductum
547 3402 586 3468 de
602 3403 729 3484 nauigio
745 3402 909 3483 proedicto
924 3402 956 3466 in
973 3403 1052 3468 mari
1067 3407 1176 3468 nostro
1193 3403 1349 3470 existente

115 3508 155 3572 ad
181 3507 283 3572 dictas
306 3507 392 3588 ripas
419 3505 617 3584 Sabionceiii,
642 3507 718 3572 dare
741 3511 774 3571 et
788 3506 927 3572 uendere
947 3527 1005 3588 per
1019 3513 1087 3572 tres
1102 3506 1169 3572 dies
1187 3509 1350 3575 continuos

110 3611 282 3692 unicuique
306 3609 493 3676 Curzuiensi
517 3629 620 3676 emere
644 3610 763 3676 uolenti
787 3629 843 3692 pro
868 3610 996 3693 capitali
1018 3610 1106 3676 iuxta
1129 3609 1261 3677 formam
1277 3631 1348 3678 aen-

115 3713 237 3780 tentiae
259 3715 331 3779 oiim
356 3715 430 3780 dicti
453 3716 552 3780 nostri
576 3714 788 3796 praecessoris
812 3715 930 3780 domini
953 3714 1108 3780 Beruardi
1140 3713 1267 3782 Caralis
1291 3717 1350 3782 sub

110 3837 217 3901 poena
239 3821 271 3884 in
294 3838 333 3886 ea
354 3825 521 3898 contenta;
545 3819 741 3886 declarantes
764 3820 904 3902 insuper,
921 3819 1006 3902 quod
1028 3821 1121 3886 modo
1138 3821 1348 3901 inposterum

112 3925 157 3989 sic
180 3923 344 3990 obsemori
368 3924 484 3990 debeat
506 3925 546 3989 ad
569 3925 684 3990 bonum
708 3930 741 3990 et
762 3924 842 3989 utiie
865 3925 957 3990 huius
980 3930 1108 3992 nostrae
1132 3925 1268 3991 ciuitatis
1291 3925 1348 3992 sub

111 4047 218 4110 poena
240 4027 349 4094 eadem
374 4047 432 4112 pro
458 4029 603 4111 quoiibet
624 4028 870 4096 contrafaciente
896 4033 929 4096 et
951 4029 1092 4112 qualibet
1113 4029 1192 4098 uice.

151 4133 318 4199 Publicata
342 4134 381 4200 de
405 4135 559 4200 mandato
582 4134 733 4200 antedicti
756 4133 915 4226 magnifici
937 4135 1054 4201 domini
1078 4133 1200 4200 comitis
1232 4133 1272 4200 ad
1303 4135 1348 4200 io-

111 4237 195 4322 giam
218 4239 359 4306 marinae
382 4239 415 4304 in
438 4239 588 4307 nobilium
613 4245 646 4305 ct
668 4238 778 4323 populi
811 4239 1013 4306 multitudine
1043 4238 1148 4304 MDiv.
1180 4238 1349 4306 indictione

112 4343 152 4425 q,
177 4341 230 4408 die
253 4363 282 4408 x.
306 4343 458 4428 Januarij.

154 4445 286 4514 Testes:
313 4447 466 4515 Dominus
488 4447 674 4516 Francisous
701 4449 881 4527 Petrouich,
906 4467 965 4514 ser.
992 4446 1240 4531 dhustophoms
1266 4445 1350 4514 Mar·

95 4552 198 4634 gotij.

111 4693 196 4702 ---

155 4763 327 4826 ²Sontentia
341 4766 389 4827 hic
404 4767 526 4828 adducta
541 4766 680 4843 superius,
698 4766 752 4826 sub
768 4767 835 4829 Nro.
852 4765 947 4828 xxxix.
965 4783 1030 4844 pag.
1058 4767 1127 4827 197.
1144 4782 1207 4843 sqq.
1229 4765 1343 4832 citatur.
1462 4763 1671 4857 μ,
