3396 5402
324 437 387 514 itt

326 658 552 722 conseruerent
573 655 606 719 in
628 649 778 735 Curzula,
809 655 865 720 cut
893 649 1085 736 venderent,
1115 648 1165 722 vel
1187 647 1408 737 extraherent,
1440 647 1567 739 grauari

327 778 391 826 non
413 760 537 842 possint
559 777 579 823 a
601 759 820 842 trigesimarijs
843 779 902 842 pro
925 761 1089 842 trigesimo
1111 759 1281 842 soluendo,
1312 778 1371 827 nec
1392 765 1564 842 emptores,

327 883 387 932 nec
408 865 590 930 venditores
613 860 831 930 Curzulensas.
855 864 898 930 Et
920 865 1005 946 quod
1027 866 1146 930 dictum
1169 870 1221 931 est
1242 865 1283 932 de
1304 865 1393 943 vinis,
1417 863 1563 929 similiter

327 970 441 1035 dicitur
465 969 504 1035 de
527 968 716 1034 animalibus
738 969 866 1034 minutis
888 974 922 1034 et
943 969 1131 1048 maioribus
1164 969 1204 1034 de
1226 969 1381 1052 nauigiis
1403 967 1511 1033 barcis
1534 973 1568 1032 et

326 1073 448 1157 zopulis
479 1073 653 1140 vendendis
675 1073 758 1140 iuter
787 1072 997 1139 Curzulenses
1028 1079 1061 1140 et
1082 1073 1178 1140 rebus
1209 1073 1290 1157 alijs,
1322 1072 1564 1155 quibuscunque

326 1178 468 1244 emendis
491 1181 525 1242 et
546 1176 709 1242 mittendis
731 1177 763 1241 in
787 1175 956 1243 Curzulem
980 1195 1037 1259 per
1055 1176 1274 1256 cumulamen,
1298 1177 1491 1260 necessariis
1509 1195 1567 1259 pro

326 1301 387 1348 vsu
408 1274 600 1347 mittentium
624 1285 657 1346 et
679 1281 848 1348 ementium
872 1287 905 1346 et
927 1281 1039 1348 domus
1062 1299 1181 1347 eorum.
1205 1281 1249 1348 Et
1270 1280 1404 1363 quilibet
1418 1279 1567 1346 habitans

328 1384 498 1451 Gurzulam
521 1389 555 1451 et
576 1385 618 1450 ibi
641 1385 805 1467 possidens
836 1386 920 1452 boue
949 1386 1080 1468 quaeuis
1102 1385 1230 1452 stabilia
1252 1390 1422 1468 reputetur
1444 1383 1564 1450 Curuu-

327 1489 423 1558 lensis
447 1496 479 1556 et
500 1509 557 1572 pro
582 1487 777 1556 Curzuleuse
798 1491 830 1555 in
853 1491 1030 1556 huiusmodi
1053 1491 1179 1556 casibus
1202 1494 1423 1573 pertractetur.

370 1687 438 1732 OAP·
461 1687 568 1732 onxm.
591 1688 633 1730 DE
655 1687 826 1732 submoue
848 1687 1079 1732 emesenam
1102 1688 1258 1732 sonuum
1279 1689 1339 1730 PER
1360 1687 1521 1734 nonnum

863 1775 1033 1820 EMPTORES.

371 1891 453 1959 Item
468 1891 621 1972 similiter,
638 1891 816 1973 quicunque
830 1893 1039 1972 quantitatem
1054 1909 1284 1975 quamcumque
1300 1893 1416 1958 valoris
1428 1891 1568 1958 cuiusuis

328 1997 369 2064 de
391 1995 573 2063 introitibus
596 1995 663 2060 suis
687 2001 720 2060 et
740 1996 947 2079 proueutibus
969 1995 1146 2065 forensibus
1168 1996 1342 2078 quibusuis,
1367 2015 1431 2064 non
1454 2003 1566 2062 tenea·

329 2106 382 2166 tur
403 2101 476 2168 talis
500 2097 702 2168 Curzulensis
732 2101 872 2168 vendens
903 2101 1022 2184 aliquid
1044 2120 1103 2184 pro
1126 2102 1312 2170 trentesimo
1335 2101 1464 2168 soluere
1487 2119 1565 2166 uuu-

329 2205 437 2272 tiando
467 2205 508 2272 de
538 2205 719 2273 venditione
748 2207 998 2288 trentesimcrijs.
1030 2205 1095 2273 Sed
1120 2205 1255 2274 lorensis
1285 2213 1410 2290 emptor
1440 2224 1567 2290 semper

327 2316 474 2378 teneatur
494 2311 692 2394 trigesimum
714 2311 837 2393 integre
861 2311 997 2378 soluere.

371 2509 437 2554 ΟΔΡ.
462 2509 565 2554 cum.
589 2511 630 2554 DE
652 2509 887 2554 mensuremus
909 2511 945 2552 fill
967 2509 1169 2554 RESPONDEBR
1190 2509 1225 2550 IN
1248 2509 1369 2553 tommo
1391 2507 1533 2552 raom

873 2595 1018 2640 vuamba.

371 2713 452 2780 item
476 2713 559 2794 qnod
574 2713 707 2796 quilibet
725 2713 859 2793 debitor,
878 2713 946 2780 siue
962 2732 1035 2780 reus
1049 2714 1273 2794 cuiuscumque
1296 2712 1472 2792 creditoris,
1497 2713 1567 2778 siue

329 2819 454 2898 actoris,
483 2819 680 2898 quiritatus,
712 2819 780 2884 siue
810 2819 998 2885 reclamatus
1027 2817 1131 2885 luerit¹
1146 2837 1354 2901 responsurus
1377 2818 1417 2883 de
1441 2817 1568 2882 iustitia

329 2921 434 2990 coram
464 2923 615 3006 regimine
644 2941 703 3004 per
731 2923 812 2989 duos
842 2923 917 3002 dies,
945 2929 1114 3004 antequam
1136 2941 1318 2991 recessurus
1341 2925 1383 2990 sit
1404 2923 1445 2989 de
1467 2928 1564 3005 portu

330 3027 486 3095 Ourzulae
508 3027 550 3093 ad
573 3027 701 3109 aliquod
723 3029 859 3112 viagium
889 3029 1099 3109 sequendum,
1133 3047 1196 3095 non
1218 3030 1319 3112 possit
1340 3029 1434 3094 modo
1457 3028 1565 3109 aliquo

330 3153 365 3200 se
387 3151 546 3212 excusare,
571 3133 655 3214 quod
678 3133 871 3214 respondere
893 3151 956 3200 uon
978 3139 1126 3202 teneatur
1141 3134 1257 3198 actioni
1280 3134 1443 3199 occasione
1471 3131 1565 3216 viagij

329 3237 497 3319 sequendi;
521 3237 578 3302 sed
602 3242 749 3303 teneatur
771 3257 828 3320 per
850 3258 902 3321 se,
930 3238 980 3304 vel
1004 3239 1072 3304 eius
1096 3245 1332 3319 procuratorem
1357 3237 1441 3302 dicto
1465 3237 1566 3302 actori

328 3341 469 3426 legitime
492 3341 684 3426 respondere
711 3342 803 3408 aliter
818 3343 957 3425 regimen
973 3343 1143 3424 procedere
1159 3347 1307 3409 teneatur
1321 3341 1361 3408 ad
1383 3341 1567 3407 instantiam

329 3447 447 3513 actoris
469 3453 579 3514 contra
600 3446 715 3527 talem,
746 3451 779 3514 vt
808 3466 905 3530 supra
927 3450 1066 3528 citatum,
1096 3454 1256 3529 tamquam
1278 3453 1388 3513 contra
1404 3451 1566 3512 coutuma-

330 3569 407 3632 cem,
437 3552 477 3617 ad
500 3553 688 3618 seutentiam
710 3557 744 3618 et
765 3552 923 3620 ulteriora.

329 3730 396 3775 OAP·
409 3731 499 3775 cmxv.
515 3733 557 3775 DE
569 3733 684 3776 ORDINE
699 3695 948 3777 mraoutssmrvls
960 3734 998 3775 itu
1010 3732 1271 3776 mumurantem
1282 3708 1566 3776 menomssonuu.¹

373 3849 477 3924 Item,
512 3849 596 3931 quod
629 3867 835 3932 unaquaeque
869 3850 1042 3929 sententia,
1077 3849 1268 3916 iudicialiter
1299 3855 1356 3915 aut
1388 3848 1567 3916 voluntarie

329 3951 413 4019 fecta
440 3971 499 4036 per
528 3956 668 4036 regimen
691 3955 732 4020 ad
753 3955 938 4036 petitionem
958 3953 1122 4021 creditoris
1153 3961 1262 4022 contra
1285 3955 1472 4034 debitorem,
1508 3973 1567 4020 seu

330 4057 499 4136 debitores
532 4063 609 4125 tunc
643 4057 782 4140 legitime
816 4059 939 4138 citatos,
973 4060 1149 4126 executioni
1182 4059 1350 4126 mandetur
1378 4059 1440 4126 boc
1461 4059 1566 4138 modo,

328 4161 485 4246 videlicet,
509 4164 594 4244 quod
617 4163 726 4229 audita
748 4164 904 4244 peticione
926 4165 1063 4246 petentis
1087 4165 1304 4231 executionem
1327 4164 1509 4236 sentenciae
1532 4168 1567 4230 et
1694 4209 1696 4222 .

328 4265 438 4332 audita
460 4267 664 4350 responsione
695 4267 847 4336 debitoris
877 4268 945 4335 siue
975 4269 1022 4334 rei
1052 4287 1113 4335 uon
1134 4269 1322 4351 opponentis
1345 4267 1566 4352 exceptionem
1694 4303 1696 4382 ᾗ

327 4372 391 4438 iem
413 4371 525 4438 luctae
556 4375 719 4440 solutionis
748 4381 780 4441 et
808 4373 937 4440 habitae
966 4373 1188 4455 quietacionis,
1218 4378 1274 4440 aut
1302 4373 1407 4440 iactae
1435 4377 1470 4440 et
1498 4391 1562 4439 nou

328 4475 482 4559 probatae
504 4476 642 4561 legitime
664 4477 746 4544 inira
765 4479 934 4544 terminum
957 4477 1018 4544 sibi
1033 4477 1195 4566 prefixum,
1231 4479 1390 4548 sententia
1414 4476 1471 4546 illa
1497 4495 1560 4544 vna

330 4580 383 4647 rel
403 4578 510 4663 plures
531 4586 607 4648 tunc
635 4601 693 4664 per
714 4583 855 4666 regimen
887 4583 994 4649 statim
1025 4583 1141 4652 dentur
1169 4584 1202 4651 in
1222 4584 1367 4652 manibus
1401 4581 1564 4666 iustitinrij

334 4697 860 4818 “fdrdqoumsoou
