3376 5392
91 689 162 756 δεῖ.
187 686 385 758 Dobroslaus
407 691 494 758 Petri
714 691 781 760 δεῖ.
806 691 946 758 Joannes
968 689 1163 758 Rudomilich

301 799 399 852 rector.
715 797 782 864 Ser.
808 796 918 865 Ostoia
941 797 1093 864 Muriuich

90 901 163 969 δεῖ.
188 903 374 970 Franciscus
397 903 518 987 Vidosij
712 903 779 972 Ser.
805 904 960 970 Antonius
983 903 1101 970 Camen

91 1008 162 1076 δεῖ.
187 1009 329 1074 Marinus
352 1009 451 1074 Lilius
716 1009 783 1076 Ser.
807 1010 910 1076 Lucas
933 1008 1085 1093 Stephani

92 1115 161 1180 Ser.
187 1113 299 1180 Rafael
321 1113 433 1198 Angeli
713 1113 779 1182 Ser.
802 1115 931 1181 Marcus
953 1114 1125 1182 Bercouich

293 1217 403 1274 indices.
714 1219 782 1286 Ser.
806 1221 915 1303 Giuraj
940 1217 1167 1286 Chresulouich

92 1322 162 1389 Ser.
188 1323 336 1390 Obradus
358 1325 547 1391 Dobrosluui
715 1325 782 1392 Ser.
806 1325 917 1392 Dehoe
941 1323 1126 1390 Scemnuich

92 1429 161 1494 δεῖ.
186 1429 361 1494 Lazarinus
385 1429 481 1495 Testa
715 1429 781 1496 Ser.
806 1429 1046 1512 Christopholus
1068 1429 1190 1513 Vidosij

92 1531 163 1598 Ser.
188 1533 330 1599 Joannes
353 1533 442 1599 Petri
715 1533 781 1600 Ser.
804 1533 946 1600 Marinus
971 1533 1137 1600 Sincouich

92 1637 162 1703 Ser.
187 1637 329 1706 Joannes
352 1638 438 1721 Junij
716 1639 784 1705 Ser.
807 1637 915 1720 Bogoe
938 1637 1118 1705 Marcouich

93 1741 161 1808 Ser.
187 1741 331 1808 Marinus
352 1742 516 1810 Michaelis
716 1743 784 1810 δεῖ.
809 1743 956 1827 Stipchus
979 1743 1134 1810 Mariuich

94 1846 161 1913 Ser.
188 1847 346 1913 Stanchns
369 1848 489 1914 Obradi
712 1849 779 1916 Ser.
803 1850 905 1915 Lucas
928 1849 995 1915 eius
1018 1847 1100 1916 filius

94 1949 160 2019 δεῖ.
184 1953 312 2018 Marcus
337 1951 457 2018 Obradi
714 1955 781 2022 δεῖ.
805 1953 936 2020 Gabriel
958 1953 1118 2038 Thomasij

94 2056 161 2124 Ser.
187 2058 317 2124 Gabriel
341 2057 452 2142 Angeli
714 2059 781 2128 Ser.
805 2059 990 2125 Franciscus
1012 2059 1098 2142 Junij

94 2163 161 2228 δεῖ.
187 2161 302 2228 Petrus
325 2163 553 2230 Dobroslauich
714 2165 780 2233 Ser.
806 2165 985 2262 Stephanus
1006 2165 1092 2247 Junij

94 2265 161 2332 Ser.
187 2267 328 2333 ‚Ioannes
351 2267 466 2334 Marini
715 2270 783 2336 Ser.
807 2270 948 2335 Marinus
971 2269 1081 2335 Pelete

95 2370 162 2436 Ser.
186 2371 345 2438 Micouich
715 2373 783 2440 Ser.
807 2374 945 2440 Joannes
967 2373 1113 2440 Radetini

94 2473 161 2541 δεῖ.
185 2476 298 2568 Micola
320 2477 445 2545 Ostrich
714 2478 781 2544 Ser.
806 2478 946 2544 Cirincus
967 2479 1054 2545 Luae

8 2575 18 2598 '
94 2578 160 2645 Ser.
184 2580 299 2647 Nicola
321 2582 493 2666 Draginich
716 2582 782 2649 δεῖ.
808 2583 956 2648 Vidosius
978 2583 1067 2648 Pauli

94 2682 161 2749 δεῖ.
185 2685 283 2750 Forte
306 2685 434 2768 Antonij
715 2687 782 2753 Ser.
806 2686 977 2768 Bogdanus
1000 2687 1141 2769 Radichij

94 2787 160 2854 Ser.
185 2789 337 2872 Stojuuus
360 2791 493 2858 Joannis
714 2789 782 2858 δεῖ.
807 2791 925 2857 Nichsa
948 2792 1143 2858 Marinouich

96 2891 161 2960 δεῖ.
185 2893 341 2961 Antonius
366 2895 471 2964 Marse
714 2895 781 2961 Ser.
805 2896 977 2979 Bogdanus
999 2897 1153 2962 Marinich

96 2998 161 3065 δεῖ.
186 3001 328 3067 Joannes
351 3001 471 3068 Obradi
714 2999 780 3067 Ser.
804 3001 879 3067 Vita
900 3001 1098 3068 Radomilich

96 3100 161 3169 δεῖ.
184 3105 343 3171 Antonius
367 3105 467 3171 Tilius
714 3105 783 3174 δεῖ.
808 3106 986 3175 Sirnonetus
1008 3108 1117 3176 Nicole
1142 3107 1303 3192 Stephani.

97 3206 160 3274 δεῖ.
184 3209 343 3277 Antonius
365 3210 492 3277 Grubse

136 3313 259 3379 Eadem
282 3315 334 3380 die
355 3317 388 3380 in
411 3315 540 3382 consilio
563 3316 705 3398 generali
730 3315 866 3383 Curzule
893 3319 925 3381 in
949 3317 1082 3384 ecclesia
1105 3319 1205 3384 sancti
1228 3317 1331 3384 Marci

98 3420 274 3485 coadunato
297 3419 339 3485 ad
362 3438 473 3484 sonum
497 3439 656 3505 campane,
681 3429 716 3486 ut
737 3423 834 3488 moris
858 3428 916 3500 ost,
941 3422 1058 3504 inquo
1082 3421 1210 3489 fuerunt
1230 3423 1331 3489 consi-

96 3523 173 3607 liarij
199 3525 429 3608 quinquaginta
451 3531 526 3611 tres,
552 3545 611 3608 per
633 3546 741 3594 omnes
763 3528 887 3593 nemine
904 3527 1114 3607 discordante,
1137 3527 1256 3594 electus
1272 3527 1332 3594 init

97 3629 142 3692 uir
164 3629 278 3696 nobilis
302 3649 363 3696 ser.
381 3629 510 3696 Gabriel
534 3631 574 3696 de
590 3629 778 3714 Nosdragna
800 3633 840 3698 de
854 3633 955 3698 Jadra
977 3633 1009 3699 in
1032 3633 1178 3698 comitem
1195 3633 1331 3701 Curcule

97 3751 151 3814 pro
174 3752 237 3802 uno
260 3752 343 3800 auno
366 3737 508 3816 proxime
538 3733 646 3801 futuro
674 3742 841 3819 postquam
864 3739 932 3820 ipse
956 3736 1052 3803 faciet
1075 3757 1166 3803 sumn
1190 3739 1330 3804 debiturn

94 3837 306 3918 jmamentum
329 3839 414 3906 inter
435 3859 503 3926 uos,
528 3840 581 3922 qui
604 3841 724 3907 electus
748 3841 808 3907 fuit
831 3841 979 3908 laudatus
1003 3849 1036 3908 et
1058 3841 1259 3909 confirmatus
1274 3861 1332 3925 per

96 3942 293 4026 magnificum
316 3944 475 4010 dominum
500 3947 698 4028 capitaneum
729 3949 981 4030 prenominatum
1005 3967 1074 4014 cum
1098 3967 1194 4014 onere
1217 3955 1250 4014 et
1272 3947 1328 4013 ho-

97 4065 176 4126 nore,
202 4050 430 4117 consuetudine
453 4057 487 4116 et
508 4052 664 4132 mercede,
688 4059 783 4134 prout
806 4053 909 4119 eidem
933 4053 1151 4136 prouidebitur
1172 4073 1231 4137 per
1253 4073 1325 4136 pre·

102 4151 196 4218 saturn
220 4155 380 4221 dominum
402 4157 611 4238 capitaneum.

137 4259 258 4328 Eodem
274 4261 450 4343 Millesimo,
474 4261 646 4329 indictione
669 4269 701 4328 ct
723 4263 775 4328 die
797 4263 840 4347 iij.
865 4263 982 4330 mensis
1005 4262 1090 4346 Junij
1108 4261 1249 4345 prefatus
1272 4263 1328 4330 do-

98 4363 195 4430 minns
218 4365 348 4430 Gabriel
378 4366 410 4430 iu
433 4366 493 4432 Dei
523 4367 648 4432 nornine
681 4384 719 4432 uc
740 4368 926 4434 intemerate
949 4367 1017 4435 eius
1040 4369 1150 4434 matris
1172 4367 1272 4434 Murio
1296 4373 1330 4434 ct

99 4469 190 4535 totius
220 4470 307 4537 curie
337 4469 476 4551 celestis,
510 4489 547 4536 ac
576 4471 757 4552 specialiter
783 4473 870 4538 beati
898 4471 996 4538 Marci
1021 4471 1224 4556 Euangeliste
1255 4473 1330 4540 iecit

99 4590 184 4639 suum
202 4576 427 4658 juramentum.

142 4681 226 4766 „Ego
249 4681 464 4747 Bernardinus
485 4679 569 4748 filins
592 4681 751 4764 quondam
775 4681 878 4764 eximij
902 4681 1017 4748 artium
1041 4689 1075 4749 et
1096 4683 1249 4750 medicine
1272 4685 1326 4752 do·
1497 4687 1681 4805 μ

101 4787 187 4854 ctoris
209 4787 327 4854 domini
342 4787 429 4855 Petri
452 4787 492 4856 de
508 4785 649 4856 Guslinis
673 4785 713 4855 de
728 4787 847 4874 Feltro‚
871 4788 1016 4872 publicus
1039 4789 1195 4875 imperiali
1217 4789 1328 4858 autho·
1487 4809 1500 4858 a
