3396 5402
1217 496 1220 508 ·
1337 470 1398 534 119

155 669 292 752 futures,
316 674 587 741 connumerandos
610 692 630 739 a
652 674 703 741 die
722 674 841 758 prime,
872 692 936 756 que
959 672 1128 741 Curzulam
1150 674 1272 742 venerit
1294 675 1398 758 viegio

153 777 262 858 iaetu,
291 780 397 862 siper
419 785 468 844 tut
489 777 556 846 dies
579 797 781 846 remansurus
804 781 847 846 sit
869 777 1026 846 ceraulae
1049 786 1288 848 uonseeuturus
1311 781 1397 846 aliud

155 883 306 965 magiam,
331 884 509 949 sinautem
540 891 708 965 autequam
737 885 866 952 recedat
896 885 1056 966 deporta
1087 883 1257 965 Cureulae,
1281 903 1400 967 ponere

157 987 313 1054 calculum
346 989 493 1068 rationis,
530 995 593 1054 tam
617 1007 688 1054 cum
718 995 853 1070 patrone
883 989 1011 1074 nauigij,
1045 1008 1105 1056 seu
1130 988 1276 1074 barchae,
1306 1007 1400 1071 quam

156 1109 229 1158 euru
252 1092 317 1160 suis
339 1093 517 1176 marinarijs
539 1101 572 1160 et
602 1094 665 1158 illis
696 1100 729 1159 et
758 1095 898 1176 ipserum
926 1095 1054 1162 cuilibet
1082 1093 1208 1162 soluere
1233 1095 1283 1178 id,
1314 1094 1398 1176 quud

157 1197 199 1262 de
223 1197 291 1265 iure
314 1198 360 1265 eis
382 1199 533 1280 competit
554 1199 699 1266 mercede
721 1201 820 1282 ipsius
843 1197 978 1282 perfecti
999 1199 1104 1282 riagij.
1128 1198 1171 1264 Et
1186 1217 1249 1265 uon
1270 1198 1398 1264 valeant

156 1301 277 1368 similes
298 1303 535 1386 patreuizantes
558 1303 685 1386 nauigia
714 1305 803 1387 ipsa,
832 1323 889 1371 seu
918 1305 1030 1370 barcas
1060 1303 1145 1385 ipsas
1174 1305 1221 1369 eis
1245 1302 1395 1369 comissas

156 1407 326 1486 dimittere,
349 1409 399 1474 vel
421 1409 564 1475 relaxare
586 1409 671 1485 aiibi,
701 1428 795 1492 quam
823 1410 970 1492 inportu
993 1409 1157 1488 ceraulae,
1188 1411 1239 1476 vbi
1269 1408 1394 1476 siresi·

155 1532 257 1596 guare
279 1513 430 1594 voluerit,
454 1519 600 1582 teneatur
620 1515 691 1596 ille,
725 1533 784 1582 seu
811 1515 883 1582 illas
904 1513 1039 1580 muudus
1063 1521 1097 1582 et
1117 1516 1199 1582 bene
1228 1515 1395 1581 armizatas

156 1619 190 1683 iu
214 1619 284 1700 ipse
306 1625 399 1701 portu
422 1620 548 1688 demine
571 1637 629 1686 sue
647 1620 790 1686 relaxare
813 1639 913 1703 pueus
936 1638 1161 1704 yperperorum
1184 1621 1321 1703 quinque
1337 1636 1395 1702 pru

157 1724 304 1807 quotibet
332 1725 578 1792 contrafacieute
600 1731 633 1792 et
655 1727 724 1792 vice
745 1725 888 1808 qualibet
909 1725 1082 1792 refectione
1104 1724 1242 1792 omnium
1266 1724 1395 1790 damne-

154 1847 236 1907 rum,
261 1847 468 1912 expensarum
484 1846 522 1894 ac
535 1831 690 1897 interesse
705 1830 926 1897 occurentium.

200 2043 268 2086 GAP.
293 2043 405 2088 ULXXV.
428 2045 469 2086 DE
491 2044 602 2087 remo
626 2045 884 2088 BABOHIZAN'I'IUH
905 2045 1008 2088 must
1031 2045 1073 2087 EX
1095 2043 1288 2090 cadmum
1311 2045 1350 2086 ET

676 2133 876 2175 emortuum.

198 2237 292 2318 item,
316 2239 401 2320 qued
424 2239 558 2322 quilibet
589 2239 776 2306 barchizeus
799 2247 832 2308 at
854 2258 924 2306 eum
946 2235 1050 2307 barcis
1083 2245 1212 2323 portans
1245 2245 1389 2321 tempere

152 2342 382 2410 vindemiarum
405 2344 641 2423 vassellamiua‚
672 2351 737 2410 tam
760 2363 873 2423 vacua,
904 2363 999 2427 quam
1021 2345 1115 2427 plena
1137 2343 1261 2424 mustis
1283 2350 1348 2410 tam
1371 2363 1390 2410 a

152 2449 284 2514 ciuitate
317 2466 416 2530 usqua
446 2448 657 2516 Ssualatizam
680 2455 713 2516 et
734 2449 964 2534 Prigradizam‚
989 2468 1082 2532 quam
1103 2469 1123 2516 a
1146 2448 1326 2516 Sauatatiza
1356 2451 1390 2515 et

150 2553 341 2638 PrigradIza
362 2572 461 2637 usque
483 2555 524 2620 ad
546 2555 715 2634 ciuitatem,
739 2557 881 2637 recipere
905 2555 1020 2621 debeat
1041 2555 1194 2637 premium
1217 2571 1292 2620 suae
1308 2573 1389 2620 mer-

152 2659 241 2724 cedis
270 2663 506 2741 praetmsatum
529 2659 560 2724 iu
590 2659 673 2725 huuc
703 2661 846 2739 modum,
882 2659 1028 2726 videlicet
1055 2679 1112 2741 pro
1144 2658 1288 2741 quotibet
1319 2677 1390 2724 vas·

151 2763 234 2830 selle
260 2763 354 2847 pleno
384 2764 567 2846 capacitatis
595 2765 769 2831 modiorum
798 2783 930 2846 nouem,
961 2784 1060 2846 usque
1084 2763 1124 2830 ad
1148 2765 1267 2831 medios
1294 2765 1389 2831 rude

153 2867 217 2935 cim
235 2868 352 2936 solides
382 2875 470 2948 octo,
504 2886 562 2952 pro
585 2887 684 2935 vacue
707 2887 783 2936 veru
807 2869 926 2935 solidos
949 2876 1098 2952 quatuor,
1132 2887 1189 2951 pru
1212 2870 1388 2951 uegeticulu

151 2992 241 3051 vero,
266 2979 330 3039 tam
353 2973 479 3039 maioris
503 2973 697 3056 capacitatis,
726 2993 819 3056 quem
841 2975 985 3054 miserie,
1016 2973 1121 3040 soluat
1144 2973 1204 3040 sibi
1226 2993 1284 3056 pro
1306 2979 1386 3054 rata,

153 3083 222 3146 tam
244 3079 344 3158 vacui,
368 3095 462 3159 quam
485 3078 572 3162 pleni
594 3079 765 3144 secundum
789 3079 926 3160 pretium
948 3079 1206 3160 suprascriptum.
1230 3078 1290 3158 Qui
1312 3097 1388 3146 vero

150 3185 224 3266 plus
248 3183 415 3266 acceperit,
440 3184 535 3250 cadet
555 3185 588 3250 in
610 3203 744 3266 poenam
764 3187 912 3268 yperperi
930 3185 1018 3250 vuius
1034 3203 1092 3266 pre
1109 3184 1278 3250 medietate
1296 3181 1388 3250 Cem-

150 3289 240 3354 muui
263 3293 297 3355 et
319 3289 380 3354 alia
402 3291 572 3357 accusanti.

224 3503 290 3546 ΟΔΡ.
315 3503 442 3546 ceum.
465 3504 508 3546 DE
529 3503 641 3546 remo
664 3503 866 3562 PQBTAN'I'IUM
889 3501 1020 3546 BLADUH
1039 3502 1083 3544 AD
1105 3501 1325 3546 MOLENDINUM.

195 3611 277 3678 Item
300 3611 465 3691 similiter,
501 3611 585 3693 qued
607 3616 772 3694 portantes
802 3611 897 3676 bleda
927 3611 968 3676 ad
990 3610 1172 3677 molendina
1194 3609 1313 3678 habere
1334 3609 1389 3676 de·

149 3717 249 3783 beant
270 3735 290 3783 a
311 3716 453 3800 petronis
488 3717 679 3782 mittentium
702 3735 760 3798 pro
784 3733 892 3782 eurum
926 3715 1073 3781 mercede
1106 3733 1165 3798 pru
1199 3733 1387 3798 unoquoque

149 3839 243 3888 sacco
276 3821 397 3888 ferinae
419 3823 522 3906 posito
545 3839 641 3904 super
658 3821 758 3902 mele,
793 3819 976 3903 capacitatis
1010 3819 1101 3887 vuius
1123 3821 1234 3903 modii,
1269 3819 1386 3888 solides

150 3931 238 3992 octe:
263 3931 296 3991 et
319 3927 345 3993 si
367 3927 496 3992 minoris
518 3933 575 3993 eut
596 3927 723 3992 maioris
738 3930 923 4008 portaturae
940 3933 974 3991 et
989 3925 1184 4014 cepacitatis
1207 3923 1312 3991 seluet
1327 3924 1387 3991 sibi

148 4049 210 4114 pre
231 4037 319 4110 rata3
354 4031 436 4098 etsi
466 4032 536 4114 quis
565 4031 637 4114 plus
670 4031 787 4114 peterit
808 4036 842 4097 et
871 4031 1045 4112 acciperet,
1079 4031 1219 4096 incurrat
1250 4047 1386 4112 poenam

149 4137 298 4220 yperperr'
321 4137 422 4202 unius.

364 4352 432 4394 eu’.
456 4351 595 4394 uuxxvn.
619 4352 661 4394 DE
683 4351 802 4394 cenum
823 4349 943 4393 ermol
965 4349 1003 4391 ltu*
1026 4347 1181 4393 ultumum.

193 4457 276 4525 Item
310 4463 493 4526 consuetum
515 4463 566 4525 est
588 4475 714 4540 semper
747 4462 908 4524 seruatum
930 4463 963 4522 et
986 4475 1042 4539 pre
1065 4460 1184 4522 statute
1207 4459 1241 4521 et
1262 4455 1333 4538 lege
1355 4455 1387 4521 iu

149 4563 292 4631 futurum
314 4563 458 4630 volumus
481 4563 706 4630 inuiolabiliter
730 4562 902 4642 obseruari,
938 4561 1021 4644 quod
1045 4560 1149 4627 nullus
1164 4559 1293 4639 celuicb,
1318 4561 1387 4627 siue

148 4673 261 4752 paster
283 4669 379 4735 medo
402 4667 507 4752 alique
530 4668 632 4750 pessit
653 4685 785 4750 pascere
808 4666 956 4732 animalia
977 4666 1098 4731 minuta
1120 4667 1220 4732 uectis
1243 4669 1386 4748 tempere

147 4775 237 4843 iuxta
253 4773 418 4841 simiaaum
434 4773 569 4840 alienum
587 4791 645 4856 per
660 4771 823 4840 dimidium
837 4771 968 4853 miliare,
992 4770 1170 4855 incipiendo
1185 4789 1205 4836 a
1220 4770 1272 4836 die
1284 4769 1384 4853 primo
