3388 5356
306 451 370 516 206

306 656 473 740 privitepia
493 657 693 717 communitati
716 673 854 716 concessa
875 673 933 715 uon
956 661 1034 716 slent
1055 657 1084 716 in
1106 658 1240 718 manibus
1264 654 1434 731 specialium
1456 671 1542 729 perso-

393 761 498 804 narum
515 743 611 801 sedin
627 759 718 817 capsa
733 744 787 801 sub
804 743 897 802 tribus
912 743 1053 804 clavibus.
1099 761 1128 819 p.
1148 747 1218 806 174.
1234 760 1278 816 sq.

307 835 496 912 5155515151
518 829 632 887 comitis
647 845 731 887 nemo
748 827 928 888 Curzulanus
943 845 1009 888 esse
1023 831 1126 904 possit.
1170 847 1200 904 p.
1218 831 1268 890 58.

307 920 528 998 procuratores
551 915 740 972 ecelesiarum
755 914 785 972 in
800 915 878 972 villis
894 916 1040 988 quomodo
1055 915 1210 992 eligantur.
1255 931 1284 989 p.
1302 915 1352 974 94.

307 1006 497 1083 procurator
519 1001 661 1059 ecclesiae
676 1001 706 1058 in
720 999 778 1058 tine
793 999 861 1059 anui
876 1001 1007 1076 assignet
1021 1002 1173 1061 rationem.
1219 1018 1248 1075 p.
1266 1002 1317 1061 80.

304 1085 526 1170 procuratoris
549 1086 648 1145 Sancti
664 1087 758 1145 Marci
773 1103 884 1146 merces
899 1089 928 1145 et
943 1087 1081 1161 provisio.
1127 1105 1156 1162 p.
1169 1089 1247 1166 ¹123.
1265 1102 1309 1159 sq.

306 1175 548 1256 promratorum
571 1173 718 1231 salarium.
763 1190 792 1247 p.
810 1173 860 1232 95.

302 1255 499 1342 provisiones
522 1275 611 1333 super
626 1259 766 1317 salarium
780 1257 894 1317 comitis
910 1276 967 1317 non
982 1258 1161 1335 frangentur.
1207 1277 1237 1334 p.
1255 1259 1305 1318 71.

303 1341 516 1426 proximiores
538 1346 612 1422 loco,
636 1344 686 1404 ubi
709 1345 846 1404 damnum
869 1345 969 1404 datum
990 1351 1044 1424 est,
1068 1346 1185 1421 quaudo
1201 1349 1355 1404 teneantur
1370 1343 1409 1402 ad
1423 1341 1544 1400 emente

394 1431 503 1491 tionem
519 1429 626 1490 damni.
672 1447 701 1506 p.
723 1432 793 1490 123.

909 1545 951 1635 a.

310 1695 455 1774 quartum
477 1695 592 1766 partem
615 1690 762 1749 stabilium
784 1691 928 1750 bonorum
951 1707 1068 1753 suorum
1084 1691 1208 1765 quisque
1231 1689 1324 1764 possit
1340 1688 1481 1747 dimittere
1494 1688 1547 1746 cui-

398 1793 526 1850 cumque
542 1777 597 1836 5151
613 1776 768 1835 videbitur.
814 1793 844 1851 p.
862 1779 912 1836 66.

310 1860 455 1946 quaterni
469 1865 530 1922 tros
545 1862 713 1920 introituum
726 1867 756 1920 et
770 1863 900 1920 exituum
916 1861 987 1920 fiant
1002 1862 1039 1920 de
1055 1879 1107 1921 sex
1119 1863 1148 1920 iu
1164 1878 1216 1919 sex
1231 1877 1357 1920 menses.
1392 1877 1421 1936 p.
1438 1862 1485 1918 44.
1501 1861 1549 1918 46.

311 1955 533 2031 qaeuternorum
556 1948 681 2006 clavium
704 1965 794 2006 uuum
816 1953 916 2006 teneat
930 1965 1036 2024 eomes,
1061 1949 1149 2006 alium
1172 1947 1270 2006 senior
1288 1947 1424 2022 judcxet
1438 1946 1552 2005 torcium

399 2033 585 2094 camerarius.
631 2051 661 2108 p.
679 2037 729 2091 44.
747 2036 798 2093 46.

311 2119 456 2202 quaterni
477 2119 637 2178 communis
652 2137 710 2177 uon
725 2120 903 2196 aperiantur,
928 2120 983 2178 nisi
998 2120 1027 2178 in
1049 2121 1217 2196 praesentia
1239 2119 1415 2178 cancellarii.
1460 2135 1487 2192 p.
1503 2119 1551 2176 55.

913 2237 959 2306 Β.

312 2394 450 2440 racemos
473 2395 624 2438 remensus
640 2379 670 2436 in
685 2378 788 2438 alienis
804 2379 897 2440 vineis
912 2399 997 2441 nemo
1014 2383 1143 2457 colligat.
1189 2399 1218 2456 p.
1237 2383 1308 2440 112.

315 2461 482 2526 Raciscitia
506 2465 632 2523 donatur
647 2465 789 2540 magistro
804 2466 910 2524 loanni
925 2465 1062 2528 barberio
1078 2485 1143 2526 curm
1167 2466 1401 2542 exemptionibus
1419 2469 1447 2523 et
1462 2463 1553 2522 condi·
1640 2468 1645 2477 “

399 2551 526 2610 tionibus
544 2551 574 2608 iu
589 2551 655 2625 ipsa
670 2551 827 2611 donatione
842 2555 999 2628 expressis.
1045 2571 1075 2628 p.
1094 2556 1155 2613 150
1171 2571 1215 2626 sq.

312 2641 457 2718 raptores
473 2637 497 2695 si
513 2637 578 2710 quis
594 2637 776 2714 conduxerit,
794 2639 940 2712 quomodo
956 2640 1102 2714 puniatur.
1151 2643 1189 2698 18
1207 2655 1251 2712 sq.
1269 2641 1319 2698 39.
1337 2655 1382 2711 sq.

313 2721 452 2784 rationes
475 2739 592 2797 quoque
607 2741 684 2782 anno
700 2723 773 2782 fiant
788 2726 825 2783 dc
840 2725 949 2783 salario
965 2725 1087 2784 comitis.
1133 2743 1162 2800 p.
1183 2728 1253 2785 113.

315 2807 540 2954 155115Ἕο555
556 2810 731 2869 tabernariis
747 2815 893 2885 ponuntur
908 2811 983 2869 inira
998 2815 1059 2869 1155
1075 2827 1190 2870 menses
1205 2815 1273 2887 post
1287 2809 1437 2868 venditum
1452 2807 1554 2864 vinum.

256 2911 259 2918 .
358 2913 387 2970 p·
472 2938 478 2953 .

314 2979 452 3042 rationes
475 2981 642 3039 animalium
658 2980 734 3039 inter
745 2988 884 3057 patrones
899 2987 928 3042 51
943 2985 1079 3058 pastores
1091 2983 1208 3056 quando
1223 2983 1285 3041 tieri
1297 2983 1433 3041 debeant.
1468 2996 1496 3053 p.
1510 2979 1556 3036 64.
1675 2991 1676 2994 ’

313 3065 451 3128 rationes
473 3067 548 3125 inter
562 3071 703 3142 patronos
718 3072 748 3128 51
758 3073 891 3144 pastores
904 3085 955 3128 seu
967 3070 1092 3128 celnioos
1109 3069 1180 3128 liant
1194 3068 1335 3143 usquead
1352 3083 1440 3126 unum
1456 3079 1556 3124 annum

401 3157 469 3228 post
483 3153 615 3212 relictam
631 3156 844 3231 compagniam.
889 3173 918 3230 p.
936 3157 987 3214 84.
1087 3167 1089 3172 ’

315 3239 354 3298 ad
368 3237 520 3300 rationem
542 3243 665 3299 vocatus
680 3241 705 3298 si
723 3259 781 3300 non
795 3243 917 3316 venerit,
934 3241 1022 3300 cadat
1036 3242 1073 3300 ele
1088 3242 1151 3300 iure
1166 3258 1228 3300 suo.
1274 3257 1302 3316 p.
1323 3242 1372 3298 12.
1390 3241 1441 3298 32.

314 3323 483 3404 rationem,
506 3327 624 3398 qualem
646 3327 732 3386 vicini
755 3327 979 3387 Curculensibus
1002 3327 1121 3404 iaciunt,
1145 3329 1232 3386 talem
1256 3331 1285 3385 51
1307 3326 1499 3386 Ourmulenses
1520 3321 1558 3380 515

402 3410 520 3470 faciant.
566 3429 595 3485 p.
614 3413 664 3470 23.
688 3415 741 3472 42.

318 3493 490 3558 recedentes
513 3496 550 3555 do
566 3496 692 3556 Ourzula
706 3517 763 3558 non
779 3499 892 3575 possint
911 3499 1040 3558 alienare
1054 3501 1132 3560 bona
1147 3499 1273 3558 stabilia.
1319 3515 1348 3573 p.
1366 3501 1418 3556 36.

317 3579 490 3646 recedentes
512 3584 550 3641 ab
565 3583 661 3642 insula
676 3603 733 3644 non
749 3589 871 3660 possunt
886 3586 1015 3645 alienare
1031 3587 1108 3646 bona
1123 3603 1185 3644 sua.
1231 3603 1260 3660 p.
1281 3587 1354 3644 208.

318 3675 420 3732 rector
435 3687 493 3728 uon
506 3670 652 3746 observet,
665 3672 719 3730 uisi
733 3673 811 3746 quod
824 3676 869 3731 551
880 3670 1083 3731 confirmatum
1094 3671 1258 3747 perduoale
1267 3671 1435 3730 dominium.
1452 3685 1481 3744 p.
1493 3669 1557 3726 160.

316 3761 449 3818 rectores
464 3755 595 3814 fumantes
611 3756 648 3814 de
664 3758 748 3816 bonis
764 3757 923 3818 communis
939 3758 1096 3832 puniantur
1110 3759 1192 3816 iuxta
1206 3762 1337 3816 tenorem
1353 3756 1448 3830 partis
1462 3757 1559 3828 captae

406 3843 435 3901 in
450 3841 583 3917 Rogatis.
628 3859 657 3916 p.
678 3846 748 3901 147.

317 3927 470 3989 recusatio
496 3927 629 4003 judicum
652 3930 698 3987 vel
719 3929 950 3988 consiliariorum
979 3930 1239 4004 consenquinitatis
1262 3945 1352 3988 caussa
1374 3927 1437 3986 fieri
1460 3927 1557 4001 potest.

317 4093 499 4178 reformatio
522 4101 602 4159 nulla
617 4101 684 4176 capi
699 4101 801 4180 possit,
818 4102 873 4161 nisi
890 4119 1033 4162 consensu
1048 4101 1170 4178 majoris
1188 4103 1282 4178 partis
1299 4119 1336 4160 ex
1354 4097 1559 4176 quinqmgiuta

404 4184 433 4242 in
449 4183 570 4244 consilio
585 4188 790 4261 praesentibus
807 4189 989 4248 consiliariis.
1035 4205 1065 4264 p.
1083 4191 1133 4249 86.

317 4265 501 4350 reformatio
523 4272 604 4330 nulla
626 4273 722 4348 frangi
738 4275 839 4351 possit,
863 4275 919 4334 nisi
942 4275 1141 4334 consentiente
1156 4274 1267 4360 majori
1285 4277 1370 4348 parte
1392 4267 1559 4346 consilii‚iu

406 4373 465 4429 quo
481 4357 511 4414 lx
526 4358 684 4416 consiliarii
700 4362 768 4418 sunt
782 4364 961 4434 praesentes.
1006 4379 1036 4436 p.
1055 4363 1105 4421 86.

319 4438 469 4521 refutatio
488 4442 621 4517 judicum
637 4445 754 4518 quando
770 4445 833 4504 ficri
844 4447 954 4520 nequit.
999 4465 1029 4521 p.
1049 4451 1098 4507 13.
1117 4449 1167 4506 33.

319 4526 456 4608 reqimen
478 4527 567 4587 iaciat
589 4530 704 4605 aperire
726 4535 756 4589 et
778 4531 836 4606 legi
851 4532 963 4592 litteras
981 4533 1092 4592 civitati
1116 4533 1220 4592 missas
1235 4533 1264 4590 in
1287 4531 1422 4591 absentia
1443 4526 1557 4600 oonsilij.

319 4697 455 4780 repimen
476 4701 571 4775 possit
586 4702 656 4761 dare
671 4705 780 4761 terram
795 4707 825 4761 et
839 4708 1037 4762 casamentum
1054 4703 1082 4762 in
1099 4706 1196 4764 acoleo
1212 4718 1329 4780 magno.
1375 4719 1405 4778 p.
1423 4705 1472 4762 80.
