3416 5350
1319 511 1358 574 91

109 719 268 796 tantuma
292 719 434 784 sednon
457 723 578 796 nooeat,
603 735 707 799 noque
731 735 844 784 uooero
875 717 977 798 possit
1007 715 1219 782 oreditoribus
1243 717 1360 790 mariti,

111 823 233 900 quibus
262 823 333 904 ipse
360 824 494 888 maritus
517 822 569 887 uel
592 821 676 887 bona
708 841 767 887 sua
789 821 911 887 luerint
934 821 1081 902 primitus
1103 821 1253 902 obligata,
1290 823 1365 901 quia

115 925 195 990 talis
219 925 379 993 confessio
402 927 508 992 mariti
532 926 746 1006 presumenda
769 931 827 1004 est,
853 926 938 1006 quod
955 924 1039 990 faeta
1055 923 1152 991 luerit
1168 927 1199 990 in
1219 925 1365 990 iraudom

113 1027 164 1094 eti
200 1030 409 1111 prqiuditium
443 1030 652 1104 creditorum
685 1030 774 1096 saluo
805 1036 836 1095 et
867 1035 1034 1095 reseruato
1066 1028 1156 1094 uxori
1186 1029 1271 1094 omni
1294 1029 1363 1093 iure

114 1150 186 1210 suo,
214 1133 300 1214 quod
323 1139 432 1216 posset
456 1133 626 1199 ostendere
649 1151 684 1198 se
706 1133 826 1199 habore
849 1133 995 1198 inbonis
1018 1139 1051 1198 et
1074 1151 1170 1213 super
1192 1133 1284 1198 bonis
1301 1132 1367 1197 sui⁸

116 1238 229 1324 mariti
252 1257 312 1319 per
334 1257 425 1303 suum
445 1237 580 1318 primum
604 1242 638 1302 et
660 1255 772 1303 uorum
795 1238 1041 1303 instrumentum
1065 1235 1181 1313 dotale,
1205 1236 1291 1318 quod
1306 1235 1367 1300 luit

118 1340 304 1408 conlectum
327 1346 472 1422 tempore
494 1340 650 1406 contracti
674 1341 868 1422 matrimonij
891 1341 977 1406 inter
999 1358 1064 1406 eos.

116 1555 185 1596 ΟΑΡ.
210 1555 254 1595 nr.
277 1555 319 1596 DE
341 1555 402 1606 ms,
427 1554 490 1604 Qum
505 1553 717 1596 rosemunda
731 1553 791 1594 PER
810 1547 940 1595 UXOREM
956 1551 1136 1596 consum
1151 1551 1367 1594 mrufflomo.

161 1669 245 1734 ltem
276 1673 433 1734 statutum
463 1674 497 1733 et
527 1668 708 1732 ordinatum
731 1672 799 1750 est,
839 1667 924 1748 quod
953 1673 1120 1734 constante
1151 1669 1367 1746 matrimonio,

122 1774 281 1854 quidquid
297 1793 375 1840 uxor
394 1778 482 1838 tenet
504 1777 538 1837 rt
560 1771 712 1852 possidet,
737 1771 932 1852 presumitur
955 1791 1026 1838 esse
1050 1771 1204 1838 debonis
1228 1772 1276 1839 sui
1300 1791 1365 1838 ma-

118 1876 183 1956 riti,
215 1877 278 1942 nisi
307 1895 387 1943 uxor
416 1875 584 1942 manifeste
608 1875 810 1956 probauerit,
842 1894 894 1942 res
924 1877 1012 1958 ipsas
1043 1877 1084 1941 ad
1107 1895 1142 1942 se
1165 1879 1234 1944 iure
1257 1877 1366 1960 aliquo

120 1983 296 2062 portinere.

124 2195 193 2238 on.
217 2195 275 2238 m.
304 2195 347 2236 ml
375 2194 604 2236 maruomrls
627 2193 846 2252 mmmm,
877 2193 993 2236 nnuma
1015 2193 1153 2236 mrom
1176 2171 1368 2236 oorrannls⁴.

166 2292 248 2357 Item
280 2297 433 2358 statutum
466 2297 499 2358 et
528 2291 707 2357 ordinatum
732 2297 799 2371 est,
835 2292 920 2374 quod
953 2293 979 2356 si
1010 2292 1158 2357 uenditor
1181 2291 1366 2357 uendiderit

123 2395 263 2478 aliquam
287 2415 352 2462 rem
376 2401 409 2460 et
430 2396 549 2461 habeat
568 2396 778 2462 instrumente
801 2395 964 2462 lacienda⁶
981 2397 1021 2461 ad
1038 2395 1253 2461 defensionem
1269 2396 1370 2477 ipsius

122 2501 169 2564 rei
193 2501 336 2579 uendite,
360 2499 445 2580 quod
468 2499 537 2580 ipse
558 2500 770 2581 compellatur
792 2500 833 2566 do
856 2499 933 2580 ipsis
956 2501 1176 2565 instrumentis
1210 2497 1316 2564 lacere
1336 2503 1371 2564 et

121 2603 199 2669 dare
222 2605 344 2686 oopiam
367 2605 504 2685 emptori
528 2603 570 2668 ad
593 2622 749 2686 expensas
772 2603 873 2686 ipsius
896 2604 1058 2685 emptoris.

122 2815 190 2860 ou’.
216 2815 282 2857 Irm-
307 2817 335 2858 s1
357 2813 497 2861 murrum
519 2817 670 2882 mousson
687 2817 828 2872 Quaene,
852 2817 936 2859 Auru
959 2817 1048 2867 Qum
1075 2816 1193 2859 SOLUAT
1218 2815 1366 2858 renoldus.

167 2915 248 2980 Item
265 2921 418 2980 statutum
435 2921 469 2980 et
484 2915 662 2980 ordinatum
678 2919 737 2994 est,
761 2915 887 2996 quodsi
903 2914 1017 2996 aliquis
1032 2915 1213 2980 uendiderit
1228 2914 1366 2996 aliquam

124 3018 210 3084 remi
225 3018 320 3083 alicui
335 3024 368 3086 et
390 3025 464 3084 ante
480 3018 669 3084 solutionem
686 3019 784 3099 prqoij
809 3019 849 3084 de
864 3019 935 3099 ipsa
954 3038 989 3084 re
1004 3019 1064 3100 ipsi
1083 3019 1219 3098 emptori
1241 3018 1368 3099 questio

124 3127 302 3197 moueatur,
320 3122 404 3202 quod
419 3122 487 3204 ipse
501 3128 624 3202 emptor
639 3140 702 3186 non
722 3122 888 3188 teneatur⁷
904 3121 1029 3188 soluere
1046 3123 1186 3204 precium
1202 3123 1368 3199 uenditori,

124 3225 184 3290 nisi
211 3225 282 3304 ipse
304 3225 452 3290 uenditor
483 3226 538 3291 dot
569 3231 602 3290 et
631 3229 755 3306 prestet
788 3225 848 3306 ipsi
872 3225 1008 3306 emptori
1032 3226 1133 3292 bonos
1163 3232 1196 3292 et
1229 3225 1370 3307 ydoneos

125 3327 310 3394 defensores
333 3334 367 3393 et
388 3325 590 3394 fideiussores
612 3347 675 3414 pro
702 3329 1002 3394 exoalumniatioue⁸
1018 3335 1052 3394 et
1071 3329 1255 3396 defensione
1271 3329 1370 3410 ipsius

8 3455 10 3508 g
125 3431 172 3496 rei
192 3431 333 3511 uendite.

260 3645 327 3686 GAP·
351 3645 414 3685 HV·
438 3645 480 3686 DE
503 3644 711 3688 comanorum
734 3645 837 3688 radun
859 3647 901 3688 DE
923 3647 1024 3689 BEBUS
1046 3623 1238 3689 Pmuourms⁹.

168 3741 252 3808 Item
275 3747 428 3806 statutum
453 3749 486 3807 et
508 3743 688 3808 ordinatum
711 3747 769 3824 est,
794 3744 879 3824 quod
902 3744 929 3810 si
952 3747 1023 3826 quis
1038 3743 1135 3811 luerit
1151 3743 1315 3810 confessus
1334 3745 1366 3809 in

124 3844 247 3926 iuditio,
279 3864 314 3911 se
344 3843 464 3910 furtum
494 3846 546 3912 uel
576 3848 720 3930 rapinam
751 3845 864 3914 iecisse
896 3849 989 3914 alicui
1013 3849 1053 3914 de
1077 3849 1235 3929 aliquibus
1259 3849 1368 3926 rebus,

126 3970 182 4017 seu
202 3951 262 4017 sibi
293 3950 421 4032 aliquod
454 3951 639 4028 abstulisse,
672 3951 740 4018 siue
770 3952 802 4015 in
836 3951 949 4019 iuditio
972 3953 1074 4031 ciuili,
1109 3953 1178 4018 siue
1200 3953 1232 4016 in
1255 3951 1369 4017 iuditio

128 4053 301 4132 criminali,
338 4055 423 4134 quod
454 4060 586 4136 cogatur
616 4055 657 4120 ad
687 4055 922 4120 restitutionem
952 4075 1079 4134 eorum,
1115 4073 1177 4137 que
1209 4053 1371 4122 ooniessns

173 4193 184 4228 ¹
208 4196 325 4258 Verba:
345 4199 393 4273 „et
408 4196 523 4256 ualeat“
543 4197 696 4272 usquead
714 4197 865 4279 „tantum“
886 4199 990 4258 desunt
1005 4215 1053 4274 ap.
1070 4198 1096 4256 L
1100 4197 1180 4273 jub.
1237 4193 1373 4258 libio:

132 4280 230 4357 „uel“.
303 4279 315 4316 ⁸
336 4283 437 4342 ibid:
461 4283 624 4364 „„ipsius“.
699 4282 710 4316 ⁴
734 4283 795 4343 Sub
813 4283 868 4343 hao
884 4285 1070 4360 inscriptione
1086 4285 1249 4344 continetur
1263 4290 1292 4342 in
1308 4301 1374 4359 cap.

9 4423 10 4428 ,
127 4367 190 4428 LII.
215 4386 263 4444 ap.
288 4368 396 4446 Ljub.
419 4373 503 4428 tenor
526 4369 646 4445 capituli
668 4370 697 4429 in
726 4373 826 4429 nostra
849 4371 976 4430 editione
999 4371 1085 4448 Llll;
1120 4370 1281 4431 sententiae
1304 4387 1373 4444 quo-

127 4470 183 4527 quo
195 4455 360 4528 praesentis
371 4455 491 4530 oapitnli
507 4457 536 4514 in
555 4456 764 4530 scriptionem:
788 4457 838 4538 „Si
853 4457 977 4532 emptori
993 4455 1144 4516 mouetur“
1162 4461 1217 4517 oto.
1233 4457 1275 4514 uti
1293 4461 1378 4515 tenor

129 4557 193 4616 oap.
210 4540 291 4601 LllI.
315 4545 488 4615 sequuntur.
538 4537 550 4575 ⁶
572 4543 682 4602 ibid:
703 4541 890 4616 „iaciantia“.
941 4541 1175 4620 ⁶Apposiumus,
1193 4559 1371 4616 quamquam

130 4625 211 4686 deest
227 4627 255 4685 iu
275 4627 355 4686 eod.
373 4628 478 4688 aoad.
495 4627 600 4688 Aetli
613 4629 738 4688 etsimil.
755 4645 804 4704 ap.
818 4629 843 4686 L
847 4629 927 4704 Jub.
977 4627 988 4663 ⁷
1004 4629 1109 4689 ibid:
1130 4627 1371 4704 „compellatur“.

134 4708 253 4774 ⁸Ood.
277 4713 384 4774 aoad.
414 4714 455 4774 B:
487 4709 819 4792 „oxoniumpuiatione“.
891 4711 903 4748 ⁹
935 4715 1023 4775 Ood.
1058 4715 1163 4775 acad.
1197 4715 1222 4773 Β
1256 4719 1285 4774 et
1319 4731 1369 4790 ap.

128 4798 253 4877 Ljub.:
278 4791 459 4880 „acceptis“.
