3422 5364
327 453 390 524 288

423 687 490 731 fist.
513 689 635 730 umn-
660 687 762 732 edunt
783 689 822 730 BT
848 688 1053 732 demutatorum
1076 687 1330 732 montanensem
1348 686 1478 730 wron-

368 804 554 871 Millessimo
578 805 707 887 coclxiij.
740 805 792 870 die
822 804 924 886 primo
947 805 1081 887 iauuarij
1116 805 1148 869 iu
1171 803 1451 870 reformationibus
1473 803 1566 867 Fran-

327 910 401 975 cisci
425 909 466 974 de
488 908 640 987 Bononia,
664 909 696 973 in
721 914 875 990 quaterno
898 911 1024 991 signato
1049 908 1133 974 dd·
1157 913 1285 989 captum
1308 906 1380 986 fuit,
1404 907 1490 988 quod
1507 906 1570 987 ipsc
1692 939 1693 942 ¹

330 1019 455 1094 emptor
479 1012 596 1079 debeat
628 1012 773 1095 accipere
796 1031 816 1079 a
836 1014 998 1078 macinare
1030 1013 1211 1078 uolentibus
1234 1030 1370 1095 granum
1392 1017 1426 1078 et
1448 1009 1570 1078 bladum

332 1118 364 1180 in
385 1116 463 1198 ipsis
486 1116 676 1183 molendinis
700 1116 740 1182 de
763 1116 805 1198 xij
828 1135 937 1182 unum.

374 1211 466 1296 Item,
491 1220 578 1301 quod
601 1221 642 1286 de
666 1221 791 1302 stuppis
813 1222 883 1287 siue
906 1219 1105 1303 gualquatijs
1129 1222 1198 1302 ipse
1220 1227 1344 1302 emptor
1365 1219 1485 1286 debeat
1499 1221 1572 1284 acci·

334 1343 411 1405 pere
434 1326 565 1390 terciam
589 1331 714 1406 partem
736 1325 814 1389 lucri
838 1342 1023 1406 pannorum,
1047 1325 1099 1406 qni
1123 1325 1321 1391 follabuntur
1344 1325 1378 1388 in
1400 1325 1490 1405 ipsis.

376 1429 470 1509 ltem,
494 1428 580 1510 quod
603 1446 769 1494 commune
792 1427 913 1510 Spalati
937 1428 1053 1494 debeat
1082 1428 1254 1496 defendere
1286 1435 1320 1494 et
1348 1427 1574 1494 excalumniare

332 1533 366 1596 in
385 1532 463 1614 ipsis
486 1532 675 1598 molendinis
699 1533 739 1599 ab
770 1533 912 1598 exercitu
935 1538 969 1598 et
1001 1531 1166 1598 caualcata
1196 1531 1389 1598 habentibus
1420 1531 1572 1596 uexillum.

333 1635 425 1702 Etsi
449 1636 606 1702 exercitus
629 1643 723 1712 esset,
748 1643 879 1718 propter
901 1654 996 1719 quem
1019 1653 1082 1700 non
1105 1643 1214 1718 posset
1237 1637 1307 1718 ipse
1331 1641 1458 1717 emptor
1481 1635 1572 1700 maci-
1691 1627 1693 1666 ÷

335 1759 412 1807 nare
434 1743 466 1804 in
489 1740 567 1822 ipsis
590 1741 787 1825 molendinis,
819 1739 904 1823 quod
935 1739 995 1807 sibi
1019 1746 1261 1821 scumputentur
1282 1739 1332 1804 illi
1354 1739 1436 1818 diae,
1468 1740 1575 1821 quibus
1692 1725 1693 1786 Ϊ

338 1863 401 1912 non
424 1843 564 1927 potuerit
586 1847 744 1911 maculare
767 1847 932 1911 occasione
954 1845 1029 1910 talis
1052 1845 1218 1930 exercitus,
1243 1844 1393 1911 uidelicet
1415 1843 1500 1908 diem
1521 1861 1575 1924 pro
1691 1839 1693 1926 ζ

338 1950 390 2015 die
412 1968 470 2032 pro
492 1955 563 2016 rata
585 1950 734 2016 uenditns
755 1949 897 2032 ipsorum
921 1949 1183 2015 molendinorum.

734 2180 801 2225 otu,
825 2180 961 2222 nxxxm.
985 2180 1027 2222 nn
1049 2156 1183 2222 nonus.

378 2289 565 2357 Millessimo
588 2289 703 2354 ccclxx.
736 2289 789 2354 die
810 2287 888 2352 xvii·
916 2287 1066 2369 febmarij
1099 2287 1131 2350 in
1161 2285 1443 2353 reformationibus
1466 2284 1576 2370 Angeli

337 2394 377 2460 de
401 2393 561 2460 Fabriano
585 2399 712 2476 captum
728 2390 815 2478 fuiti,
839 2392 925 2474 quod
946 2391 1128 2457 molendina
1150 2389 1296 2471 predicta
1311 2407 1383 2454 cum
1398 2389 1487 2456 fullis
1504 2409 1576 2456 uen-

337 2501 491 2564 dereutur
513 2503 545 2564 et
567 2499 697 2564 uendite
719 2495 839 2564 fuerint
862 2514 932 2562 cnm
963 2495 1144 2562 conditione
1173 2493 1390 2578 infrascripta,
1425 2495 1580 2576 uidelicet,
1692 2505 1693 2544 ³

339 2602 423 2685 quod
446 2603 562 2669 dictum
585 2621 752 2669 commune
781 2607 932 2668 teneatur
954 2601 1080 2668 soluere
1103 2599 1214 2680 molae,
1245 2600 1391 2681 coperire
1414 2601 1526 2668 domos
1549 2607 1584 2666 et

335 2725 487 2790 reparare
500 2713 613 2788 pontes
628 2707 775 2790 expensis
792 2706 977 2774 communis.
993 2706 1037 2772 Et
1056 2705 1160 2771 dictus
1176 2716 1304 2787 emptor
1319 2710 1470 2771 teneatur
1486 2704 1584 2770 dictas
1691 2695 1693 2702 ⁴

337 2829 494 2892 expensae
517 2809 622 2876 facere
645 2831 704 2893 pro
727 2810 885 2879 communi
908 2816 942 2876 et
963 2815 1077 2893 postea
1107 2815 1331 2892 computentur
1362 2811 1425 2876 sibi
1446 2810 1480 2875 in
1502 2809 1585 2876 sulu-

338 2917 425 2981 tione
448 2916 559 2998 precij.

381 3019 473 3106 Item,
498 3017 583 3102 quod
607 3018 709 3086 dictus
743 3024 867 3100 emptor
897 3024 1046 3086 teneatur
1068 3025 1102 3087 et
1130 3019 1246 3086 debeat
1276 3017 1385 3085 facere
1406 3024 1440 3084 et
1459 3019 1588 3086 soluere

339 3124 380 3190 de
410 3142 468 3190 suo
498 3141 608 3190 omnes
638 3124 717 3189 alias
746 3142 904 3206 expensas
933 3124 1083 3190 addicta
1112 3124 1295 3192 molendina
1318 3123 1515 3190 necessarias
1550 3129 1585 3188 et

339 3232 550 3292 occurrentes.

544 3439 611 3483 GAP·
635 3441 766 3482 uxxxtv.
791 3441 873 3485 OEDO
897 3442 997 3485 SUPER
1018 3441 1164 3486 nameus
1187 3440 1375 3485 oromatum.

384 3547 554 3614 Millesimo
577 3547 748 3630 ccclxxxiij.
773 3547 825 3614 die
847 3549 928 3614 xxix.
953 3549 1136 3616 nouembris
1158 3549 1286 3615 fumeis
1306 3547 1588 3615 reformationibus

344 3658 473 3734 captum
497 3650 565 3731 fuit,
590 3653 675 3732 quod
698 3652 892 3734 eligerentur
914 3658 981 3718 tres
1003 3654 1136 3735 nobiles,
1165 3655 1234 3720 sine
1256 3670 1400 3734 quorum,
1434 3653 1489 3718 uel
1510 3652 1590 3718 dun·

342 3774 473 3822 rumex
497 3757 543 3822 eis
566 3755 704 3842 licentia,
728 3757 780 3824 uel
804 3759 897 3822 unius
922 3777 1041 3836 eorum,
1074 3759 1101 3824 si
1124 3757 1177 3840 alij
1210 3758 1273 3823 duo
1296 3758 1449 3824 abessent
1471 3775 1492 3822 a
1513 3757 1590 3822 ciui·

342 3865 412 3926 tate
429 3857 553 3940 Spalati
568 3861 690 3926 nullum
706 3862 868 3944 nauigium
892 3863 1016 3941 audeat,
1048 3880 1152 3944 neque
1182 3867 1347 3944 presumat
1370 3862 1525 3928 recedere
1549 3861 1590 3927 de

343 3970 438 4044 portu
460 3962 583 4046 Spalati
614 3965 674 4031 sub
704 3983 789 4047 pena
820 3965 974 4031 librarum
998 3973 1125 4032 centum
1154 3985 1326 4048 paruarum
1348 3984 1408 4048 pro
1434 3965 1589 4048 quolibet

340 4067 386 4131 Et
415 4069 500 4148 quod
529 4068 591 4148 ipsi
623 4087 685 4134 non
716 4069 855 4134 debeant
883 4070 1046 4136 licentiore
1078 4071 1206 4152 aliquod
1237 4070 1399 4151 nauigium
1423 4077 1591 4151 cargatum

340 4171 427 4236 ultra
449 4171 600 4238 debitum.
636 4173 788 4239 Debitum
812 4179 920 4239 autem
942 4175 1150 4259 intelligatur,
1181 4175 1267 4256 quod
1298 4175 1433 4254 catheue
1456 4174 1590 4257 nauigij,

341 4276 393 4340 ubi
417 4277 480 4341 sint
503 4295 599 4358 super
623 4295 737 4358 aqtram
762 4296 818 4358 per
841 4279 980 4344 medium
1003 4279 1118 4360 pedem
1140 4279 1304 4357 adminus;
1329 4285 1364 4343 et
1379 4279 1407 4344 si
1425 4278 1593 4344 uideretur

343 4380 400 4459 eis,
424 4380 509 4462 quud
532 4386 621 4446 esset
643 4382 815 4464 nauigium,
851 4383 936 4462 quod
958 4384 1175 4464 reqrnreretur
1197 4383 1298 4466 magis
1331 4387 1438 4461 naute,
1473 4381 1595 4446 faciant

344 4484 518 4550 secundum
549 4504 660 4552 eurum
692 4486 920 4552 conscienciam
942 4506 1007 4553 non
1030 4486 1219 4552 dimittendo
1242 4487 1345 4552 miuus
1369 4486 1474 4553 medio
1497 4485 1592 4567 pede.

386 4587 432 4653 Et
454 4587 514 4653 hoc
537 4587 577 4654 de
601 4589 738 4672 nauigijs
760 4590 958 4672 intelligatur
980 4589 1264 4656 transfretantibus
1287 4607 1384 4655 mare.

393 4726 575 4806 ¹1nscriptio
591 4730 673 4790 deest
688 4731 718 4790 in
733 4730 813 4794 cod.
829 4729 937 4790 acad.
953 4729 981 4790 l
997 4735 1026 4790 et
1040 4731 1075 4792 B.
1145 4724 1159 4764 ⁹
1180 4731 1272 4790 Deest
1287 4729 1410 4791 lueod.
1430 4729 1538 4790 acad.
1554 4727 1594 4789 Δ.
