3434 5368
970 333 987 370 k

1331 453 1370 515 13

124 651 300 718 secundum
324 657 446 718 statuta
468 651 606 718 ciuitatis
629 657 663 716 et
685 651 736 718 vbi
760 655 882 718 statuta
904 651 969 718 noti
990 657 1083 718 erunt
1106 653 1233 736 scripta,
1252 672 1370 738 secun·
1413 713 1420 732 ‚

1 760 2 784 ²
125 755 203 820 dum
226 757 341 824 bonam
365 762 399 820 et
420 773 532 838 puram
563 755 791 821 conscienciam
820 773 910 819 suam
933 761 967 820 et
989 773 1086 837 super
1116 773 1314 837 quacumque
1335 777 1371 824 re

1 863 2 866 ’
122 858 274 926 duxerint
296 859 488 924 sentenciam
511 857 791 940 promulgandam:
823 857 962 924 habeant
985 859 1215 940 quindecimum
1240 879 1297 942 pro
1322 879 1371 926 aa·

1 983 2 1002 ¹
121 961 223 1039 lario;
246 960 329 1034 etsi
353 961 468 1041 aliquis
490 961 659 1042 inceperit¹
692 961 885 1042 respondere
908 979 1015 1026 coram
1038 961 1127 1027 curia
1148 967 1182 1026 et
1205 962 1366 1044 placitare,

121 1082 189 1129 non
212 1065 316 1146 possit
338 1062 479 1130 refutare
501 1063 639 1145 aliquem
661 1061 809 1143 iudicum,
833 1081 935 1146 neque
958 1067 1058 1128 totam
1082 1063 1200 1128 curiam
1224 1071 1258 1130 et
1280 1071 1369 1130 ante·

126 1185 226 1248 quam
249 1167 443 1237 sentenciam
467 1165 588 1232 iudices
611 1165 765 1246 dederint,
793 1165 949 1247 accipiant
969 1167 1103 1248 pignora
1125 1184 1182 1247 pro
1205 1185 1262 1232 suo
1285 1168 1368 1234 sala·

1 1289 2 1336 1
120 1271 174 1336 rio
197 1271 238 1336 ab
262 1271 332 1350 illo,
364 1286 422 1350 pro
446 1287 508 1350 quo
531 1269 694 1336 sentencia
715 1274 765 1335 est
785 1267 934 1334 ferrenda
956 1274 989 1334 ct
1012 1269 1150 1334 debeant
1172 1287 1245 1336 essa
1268 1273 1367 1336 omni-

1 1427 2 1472 ,
124 1373 190 1444 bus
224 1373 346 1440 iudices
379 1381 488 1456 preter
522 1391 616 1462 quom
646 1371 782 1438 familie²
817 1373 939 1439 comitis
962 1377 1144 1452 eteorum,
1180 1375 1234 1454 qui
1258 1374 1286 1439 ei
1311 1392 1368 1454 pro

1 1478 2 1545 j
120 1476 266 1559 denarijs
290 1479 434 1543 seruiunt
457 1495 572 1559 panem
595 1495 687 1542 suum
710 1475 915 1554 comedendo,
940 1493 1019 1558 quos
1043 1494 1149 1542 comes
1173 1476 1270 1542 debet
1294 1495 1369 1543 exa·

120 1579 247 1646 minare
267 1585 300 1646 et
322 1580 462 1646 iudicare
485 1579 525 1644 ao
550 1598 642 1644 suum
666 1579 750 1646 uelle
772 1581 860 1644 iusta
883 1597 993 1645 eorum
1016 1580 1140 1646 merita.

418 1793 486 1834 eae.
511 1793 585 1834 xxv.
609 1793 651 1834 nn
673 1769 1079 1836 anousur1onutunrcuu.³

167 1907 250 1975 ltem
273 1907 451 1992 statuimus,
483 1907 618 1988 quodsi
641 1906 915 1990 aliquisiudicum
939 1906 990 1974 uel
1014 1906 1264 1978 consiliariorum
1295 1926 1366 1991 per·

1 2031 2 2085 3
120 2011 258 2080 tinuerit
279 2010 382 2090 obcui,
414 2011 469 2092 otti
492 2011 552 2080 erit
574 2011 606 2076 in
629 2010 755 2093 placito,
788 2011 840 2078 uel
862 2009 1034 2092 indiguerit
1057 2010 1189 2079 consilio
1213 2009 1244 2074 in
1268 2013 1367 2078 tercio

1 2098 2 2193 J
120 2113 228 2197 gradu
262 2114 547 2196 consanquioitatis
569 2119 603 2178 et
624 2133 731 2195 supra,
759 2113 811 2178 uel
833 2113 859 2179 si
883 2111 980 2178 luerit
1002 2120 1136 2193 agnatus
1160 2114 1191 2180 in
1215 2113 1269 2179 illo
1293 2133 1368 2180 casu

119 2223 159 2282 et
179 2216 298 2298 placito
323 2235 381 2286 seu
403 2217 543 2296 consilio,
567 2217 750 2283 licencietur
774 2236 794 2282 a
816 2215 930 2282 comite
953 2221 984 2284 ct
1008 2217 1145 2282 aduersa
1168 2235 1242 2300 pars
1267 2219 1367 2302 possit

123 2321 279 2388 nunciare
303 2320 430 2388 domino
452 2319 560 2386 comiti
583 2319 643 2386 boe
665 2321 691 2386 si
714 2320 893 2387 uesciuerit.

513 2517 580 2562 oar.
604 2517 692 2558 xxva
716 2517 758 2559 nn
780 2493 983 2561 innormatum.⁴

1 2696 2 2729 ,
169 2634 252 2702 Item
275 2633 461 2713 statuimus,
497 2633 582 2715 quod
609 2651 667 2715 per
697 2633 845 2700 comitem
875 2638 909 2700 ct
930 2635 1083 2702 maiorem
1117 2639 1241 2718 partem
1275 2636 1367 2718 parui

1 2749 2 2811 l
121 2737 245 2805 consilii
267 2737 331 2804 duo
354 2735 499 2804 aduocati
534 2737 673 2804 debeant
694 2736 785 2818 eligi,
820 2736 874 2818 qui
897 2737 1037 2804 debeant
1059 2737 1215 2804 adnotare
1238 2739 1368 2820 propria

120 2844 196 2908 iura
216 2840 395 2908 bominum⁵
417 2845 482 2906 tam
505 2839 689 2922 insularum,
710 2858 804 2922 quam
828 2839 1002 2907 forensium
1018 2849 1051 2908 et
1066 2839 1237 2908 detentere
1260 2859 1366 2906 coram

1 2983 2 2990 κ
121 2947 308 3013 deminuet
330 2945 396 3013 sais
417 2944 575 3010 iudicibus
597 2945 650 3011 nel
673 2945 802 3010 arbitris
835 2944 977 3010 iusticias
999 2949 1034 3012 ot
1055 2945 1196 3011 rationes
1227 2963 1286 3026 per
1316 2964 1366 3010 sa-

1 3091 2 3120 :
123 3055 320 3118 mamenmm
343 3049 511 3116 demedio
540 3049 572 3112 in
599 3041 740 3114 madium
774 3065 904 3126 annum,
939 3047 1154 3129 unusquisque
1185 3064 1245 3128 pro
1273 3053 1367 3129 parte

121 3173 181 3222 sua
202 3161 237 3222 et
259 3153 394 3236 quilibet
416 3151 515 3218 debet
534 3151 655 3218 habere
678 3169 736 3233 pro
759 3151 876 3218 salario
892 3169 987 3218 vnum
1003 3150 1167 3218 denarium
1182 3167 1365 3232 grossorum

1 3307 2 3322 ,
126 3277 186 3342 pro
208 3258 351 3342 qualibet
372 3255 456 3324 lite.⁶

549 3419 616 3463 GAP.
641 3417 743 3460 xxvn.
766 3417 808 3460 DE
830 3417 948 3460 EODEM.

168 3519 253 3586 Item
277 3516 457 3596 statuimus,
482 3516 568 3598 quod
591 3517 623 3581 in
647 3517 788 3584 secundo
810 3514 1207 3602 graduconaanquinitatis
1230 3521 1264 3582 et
1286 3515 1368 3582 inira

1 3609 2 3654 ³
125 3624 213 3690 litem
235 3622 412 3687 aduocatos
434 3621 557 3686 iuratus
580 3621 607 3685 si
630 3621 819 3702 pertinuerit
841 3619 944 3698 alicui,
968 3620 1125 3685 aduocare
1140 3637 1204 3685 non
1220 3626 1369 3684 tenentur

1 3718 3 3736 '
125 3733 236 3792 contra
258 3725 347 3790 illum
369 3725 396 3790 si
417 3724 567 3792 nolucrit.

169 3917 351 3995 ²njubit:
370 3913 521 4000 ,iucipo“;
536 3917 731 3993 Hormayr:
751 3911 885 3992 ,iue'opc“
904 3911 956 3998 (i).

169 4001 181 4040 ¹
196 4007 328 4065 Horm:
347 4021 423 4081 „qua
438 4005 579 4066 familia“.

170 4089 299 4166 ⁸Nequo
313 4091 409 4165 Ljub
420 4091 468 4162 ic,
484 4108 576 4166 nequa
591 4091 773 4166 Hormayr
788 4089 992 4164 inscripserunt
1003 4089 1055 4148 boo
1067 4089 1233 4166 capitulum.
1250 4087 1291 4148 Gi.
1306 4105 1368 4161 cap.

125 4177 243 4239 XXVII.
260 4177 376 4237 Statuti.

1 4252 2 4311 l
170 4263 182 4296 ⁴
199 4263 278 4341 Quod
294 4265 331 4323 ad
343 4263 555 4336 inscriptionem
568 4263 667 4340 hujus,
683 4279 717 4321 ac
728 4261 907 4334 sequentium
920 4262 1038 4320 duorum
1051 4261 1240 4336 capitulorum
1254 4260 1366 4328 attinet,

125 4349 163 4411 ci.
179 4367 241 4423 cap.
259 4349 496 4410 xxix-xxxi.
513 4349 629 4409 statuti.
653 4349 709 4422 Ap.
732 4347 756 4405 L
766 4347 874 4424 jobio
896 4349 925 4406 at
947 4347 1132 4422 Hormayr
1153 4349 1224 4406 haec
1236 4363 1298 4420 cap.
1314 4363 1368 4404 nou

1 4453 2 4462 ¹
127 4437 331 4496 inscribuntur.
902 4435 905 4442 ’

174 4518 517 4599 ⁵Doastap.bjubii.

173 4605 249 4666 ‘Sic
270 4607 467 4680 Hormayr.
490 4607 545 4680 Ap.
569 4605 705 4682 injubic
729 4603 851 4680 legitur:
886 4621 955 4681 „pro
984 4605 1140 4676 prolibat&
1177 4603 1368 4678 Respicicnias

128 4694 148 4753 l.
165 4711 188 4754 o.
204 4694 320 4770 bubum,
337 4693 475 4774 potiorem
491 4693 629 4752 habemus
645 4691 792 4751 lectionem
809 4691 979 4768 Hormayrii.
