3376 5392
1294 461 1353 523 173

152 658 215 726 Re
231 660 524 745 spondeatur,
548 661 633 743 quod
649 659 714 741 fiat
738 665 774 726 ut
794 661 922 744 petitur,
945 661 1134 728 declarando
1154 664 1252 744 vobis,
1276 665 1360 746 quod

106 781 240 849 poenas
266 785 374 832 omnes
398 767 630 848 suprascriptas
653 765 694 831 ad
716 766 960 848 unumquodque
985 765 1125 848 ipsomm
1150 767 1359 852 capitulorum

106 871 297 950 appositas,
321 871 548 936 commissimus
571 870 741 952 exigendas
764 870 881 936 nostris
911 871 1153 938 aduocatoribns
1186 875 1360 940 communis

106 977 167 1036 aut
192 973 339 1039 sindicis.

154 1077 284 1143 Datum
306 1078 338 1142 in
360 1083 469 1144 nostro
492 1078 735 1181 ducali‘pnlatio
752 1079 803 1145 die
819 1079 919 1160 primo
941 1082 1056 1146 mensis
1078 1079 1165 1164 Julij,
1189 1081 1360 1150 indictione

106 1183 162 1264 vij.
194 1181 379 1248 Mocccxliv.
614 1185 617 1193 '

328 1304 356 1370 Α
378 1311 522 1387 tergo:

153 1425 332 1492 Nobilibus
356 1433 389 1492 et
411 1429 606 1508 sapientibus
630 1428 713 1504 viris
738 1427 845 1494 Marco
871 1427 1048 1494 Gradenico
1072 1427 1177 1495 comiti
1201 1428 1359 1496 Ourzulae

108 1535 144 1595 et
167 1531 412 1598 suecessoribus
436 1533 512 1598 suis.

508 1765 575 1805 x1x.
598 1763 732 1805 nrnnssn
754 1764 886 1808 nonnum
909 1751 976 1826 κγ’,

268 1845 298 1897 in
316 1860 370 1912 qua
387 1843 420 1898 de
438 1844 570 1898 electione
589 1845 694 1900 comitis
713 1859 746 1898 ex
764 1859 875 1899 numero
892 1845 1023 1900 nobilium
1043 1844 1215 1900 Venetorum.

157 1965 356 2032 Fraus-iscus
379 1963 520 2052 Nestori,
543 1965 606 2032 Dei
625 1968 732 2052 pretio
753 1967 819 2030 dux
849 1965 1047 2032 Venellorum
1070 1975 1122 2034 eto.

155 2089 331 2156 Nobilibus
354 2095 387 2156 et
409 2089 607 2171 sapientibus
630 2089 706 2154 viris
729 2087 874 2156 Michaeli
895 2088 1040 2172 Michael,
1066 2089 1105 2156 de
1128 2107 1185 2154 suo
1207 2090 1356 2156 mandato

113 2195 226 2260 comiti
252 2193 408 2261 Curznlae
437 2199 471 2260 et
500 2193 735 2261 successoribus
764 2194 830 2259 suis
853 2192 1000 2260 fidelibus
1023 2195 1147 2261 dilectis
1170 2197 1302 2263 salutem
1326 2201 1360 2262 et

113 2298 299 2366 dilectionis
321 2298 480 2366 allectum.

82 2415 85 2419 ·
158 2403 354 2486 Expositum
388 2411 437 2470 est
470 2405 561 2470 nobis
596 2403 757 2470 humiliter
793 2409 885 2486 parte
918 2401 1020 2470 fidelis
1053 2405 1288 2470 communitatis
1321 2424 1360 2470 ac

114 2508 234 2574 ciuium
258 2514 291 2574 et
312 2509 510 2575 subditorum
534 2515 713 2576 nostrorum
728 2505 893 2588 Corsulae,
917 2507 1001 2590 quod
1018 2507 1183 2592 dignemur
1198 2509 1258 2592 ipsi
1274 2527 1357 2575 oom-

114 2613 266 2678 munitati
289 2621 323 2680 et
345 2615 467 2680 ciuibus
490 2613 662 2680 obseruare
685 2621 718 2678 et
740 2613 901 2680 obseruari
924 2613 1028 2678 facere
1052 2613 1252 2696 priuilegium
1278 2614 1357 2680 alias

114 2736 172 2799 per
203 2737 265 2786 nos
295 2719 356 2786 sibi
390 2737 583 2796 concessum,
615 2718 783 2800 presertim
814 2737 911 2800 super
943 2717 1098 2784 electione
1129 2719 1262 2785 rectoris
1291 2719 1358 2785 siue

17 2847 18 2850 ¹
116 2823 241 2888 comitis
266 2822 432 2902 Corsulae,
455 2841 549 2905 quem
573 2823 684 2888 eadem
704 2823 909 2890 communitas
925 2821 1043 2903 eligere
1058 2821 1157 2888 habet
1172 2822 1212 2888 de
1227 2842 1357 2889 numero

115 2933 300 2994 nostrorum
330 2928 481 2994 nobilium
503 2929 696 2994 Venetorum
726 2927 814 2992 iuxta
841 2927 1077 2992 concessionem
1100 2933 1134 2993 et
1156 2927 1357 3011 priuilegium

117 3049 174 3112 per
197 3051 259 3098 nos
282 3034 328 3098 eis
351 3033 515 3098 indultmn.

160 3137 318 3204 Volentes
341 3137 449 3220 itaque
479 3143 512 3202 et
541 3135 742 3202 intendentes
766 3153 814 3214 ea,
837 3153 919 3217 quae
941 3153 999 3217 per
1021 3154 1079 3200 nos
1101 3137 1163 3218 ipsi
1187 3138 1357 3202 eommuni-

117 3242 174 3306 tati
197 3244 356 3326 promissa
378 3248 459 3322 sunt
483 3243 654 3308 obseruare
676 3245 709 3306 et
731 3240 915 3322 adimplere,
939 3245 1051 3306 tenore
1066 3241 1280 3323 praesentium
1300 3241 1354 3308 de·

119 3343 277 3413 claramus
292 3347 392 3426 vobis
410 3345 496 3428 quod
512 3351 624 3412 notrae
638 3346 823 3410 intentionis
839 3351 896 3424 est,
913 3363 950 3412 ac
965 3343 1096 3412 firmiter
1111 3345 1356 3413 delibereuimus

118 3453 318 3532 praedictum
349 3451 551 3534 priuilegium
581 3450 684 3516 eidem
715 3448 799 3514 fideli
831 3449 1046 3515 communitati
1067 3455 1196 3516 nostrae
1218 3469 1276 3532 per
1297 3469 1354 3517 nos

119 3572 303 3624 eoncessum
334 3558 507 3622 obseruare
540 3561 572 3621 et
601 3554 827 3620 inuiolabiliter
857 3553 964 3620 lacere
992 3555 1154 3622 obseruari
1183 3556 1238 3629 ita,
1271 3556 1356 3637 quod

118 3667 275 3728 rectorem
306 3662 366 3728 sibi
395 3679 452 3741 per
481 3667 625 3742 tempora
653 3660 772 3744 eligere
802 3660 904 3740 possit
930 3659 1018 3724 iuxta
1038 3658 1170 3725 formam
1193 3659 1350 3742 priuilegij

121 3769 281 3834 antedicti.

160 3873 280 3939 Datum
309 3873 481 3938 innostro
513 3871 617 3936 ducali
647 3871 767 3953 palatio
796 3869 847 3936 die
878 3871 910 3954 ij.
933 3869 1050 3936 mensis
1073 3869 1230 3949 Octobris,
1258 3869 1355 3936 indic·

121 3977 202 4043 tione
224 3979 278 4060 uij.
302 3977 479 4044 Mccccxliv.

324 4099 352 4164 A
384 4105 526 4182 tergo:

161 4223 330 4292 Nobilibus
361 4229 394 4290 et
423 4223 618 4306 sapientibus
641 4221 716 4288 viris
738 4221 885 4288 Michaeli
908 4219 1045 4287 Michael
1069 4221 1173 4288 comiti
1197 4219 1354 4286 Curzulae

124 4331 155 4392 et
174 4329 411 4396 successoribus
433 4327 508 4395 suis.
