3376 5392
1258 455 1319 518 205

86 661 182 726 aulae
206 662 416 743 dignissimus,
441 662 555 726 sedens
579 663 636 726 sub
660 662 744 741 logia
767 662 906 724 marinae
937 679 1006 725 cum
1029 679 1085 726 suo
1117 660 1231 738 iudice,
1263 679 1323 725 ser.

86 765 265 846 Peregrino
291 764 454 846 Theodoti,
479 765 587 830 audito
611 765 807 846 querimonia
829 764 1036 830 nonnulorum
1067 769 1131 828 tam
1163 763 1326 838 nobilium,

84 885 184 949 quam
208 869 405 952 popularium
428 870 598 936 dicentium
622 875 653 934 et
677 870 943 950 conquerentium,
981 869 1064 950 quod
1092 869 1216 950 patroni
1240 869 1328 932 naui-

85 975 224 1056 giorum,
249 976 302 1056 qui
324 981 452 1040 manent
476 975 506 1038 in
530 975 587 1040 hac
610 975 738 1039 ciuitate
762 992 832 1039 cum
856 979 924 1038 tota
949 972 1017 1037 eins
1042 971 1162 1037 familia
1193 983 1226 1037 ot
1248 991 1325 1054 gau·

86 1079 166 1144 dent
190 1079 367 1162 priuilegijs
390 1080 526 1144 ciuitatis
550 1077 715 1156 Carsulae,
739 1077 896 1159 accipiunt
918 1077 1104 1142 marinarios
1129 1077 1270 1142 aduenas
1294 1083 1327 1142 et

90 1184 283 1267 peregrinos
306 1185 337 1248 in
361 1184 452 1250 dictis
475 1203 583 1249 eorum
600 1183 744 1266 nauigijs,
769 1181 853 1263 quod
869 1187 919 1246 est
933 1179 1143 1258 malefactum,
1166 1199 1236 1244 cum
1253 1179 1326 1246 dicti

86 1273 217 1369 patroni
240 1287 378 1372 gaudent
400 1288 573 1370 priuilegijS
589 1287 726 1353 ciuitatis
745 1285 912 1364 Curzulae,
937 1291 969 1349 et
985 1285 1142 1366 accipiunt
1157 1284 1325 1352 utilitatem

86 1411 126 1457 ex
149 1391 213 1458 hac
235 1412 286 1470 re,
310 1393 370 1474 ipsi
391 1391 508 1458 nnllam
532 1391 700 1457 utilitatem
722 1389 903 1472 praedictae
932 1389 1052 1453 ciuitati
1083 1385 1224 1468 afferant,
1255 1405 1325 1454 cum

87 1514 124 1561 ex
148 1495 280 1562 aliunde
302 1497 487 1562 marinarios
510 1497 676 1577 accipiant.

132 1599 251 1682 Itaque
272 1601 389 1666 bonurn
412 1607 464 1666 est
486 1621 543 1682 pro
566 1601 721 1665 communi
745 1600 882 1664 utilitate
905 1605 938 1664 et
960 1599 1042 1664 bono
1063 1597 1201 1664 ciuitatis
1216 1598 1248 1662 in
1264 1597 1322 1664 hac

87 1722 122 1770 re
144 1705 281 1786 posthac
303 1706 471 1788 prouidere
493 1712 529 1771 ut
551 1706 626 1771 dicti
649 1705 846 1786 nauigiorum
868 1704 1001 1785 patroni,
1025 1703 1180 1768 habentes
1209 1721 1247 1768 ex
1262 1702 1322 1768 hac

89 1810 225 1876 ciuitate
248 1811 500 1877 commoditatem
524 1815 558 1875 et
579 1809 759 1886 utilitatem,
784 1807 919 1874 afferant
949 1808 1042 1874 etiam
1065 1805 1227 1889 praelatae
1251 1807 1325 1871 ciui-

88 1915 147 1978 tati
171 1915 292 1996 aliqnid
315 1915 470 1992 utilitatis,
495 1916 580 1996 quod
604 1913 760 1996 accipiant
783 1913 969 1978 marinarios
993 1911 1190 1977 Curzulanos
1213 1919 1246 1976 et
1262 1930 1323 1976 non

89 2019 183 2083 ditari
208 2019 350 2085 aduenas
374 2027 404 2084 et
428 2023 628 2101 peregrinos:
653 2019 777 2099 quade
801 2039 835 2083 re
859 2016 1022 2098 praelatus
1054 2015 1239 2098 magnificus
1271 2017 1325 2081 do·

90 2124 194 2189 minus
219 2143 324 2190 comes
347 2124 549 2189 considerans
573 2121 641 2187 iore
664 2122 722 2188 lroc
744 2123 860 2186 iustum
885 2127 917 2186 et
939 2121 1115 2200 honestum,
1139 2120 1223 2200 quod
1251 2119 1325 2184 dicti

86 2229 216 2309 patroni
238 2229 433 2310 uarugiorum
456 2229 539 2293 unde
562 2227 718 2308 accipiunt
739 2227 890 2292 honorem
915 2232 947 2290 et
971 2225 1148 2304 utilitatem,
1171 2223 1213 2289 ibi
1230 2225 1323 2290 etiam

88 2331 229 2400 inferant
251 2330 368 2415 aliquid
391 2333 536 2397 utilitatis
560 2337 593 2398 et
615 2331 857 2408 connnoditatis‚
883 2329 1106 2396 deterrniuauit
1128 2335 1161 2394 et
1177 2329 1323 2396 determi-

89 2437 196 2502 nando
221 2438 435 2522 sententiauit,
459 2437 544 2518 quod
567 2455 674 2504 ornnes
698 2436 846 2517 deinceps
877 2435 1076 2517 nauigrorurn
1108 2433 1242 2515 patroni,
1272 2435 1324 2515 qui

89 2539 170 2606 hanc
194 2543 355 2608 ciuitatem
386 2541 540 2608 Curzulae
562 2542 707 2606 habitant
730 2547 762 2608 et
785 2546 859 2606 suut
881 2538 955 2604 iacti
976 2557 1033 2620 per
1055 2538 1253 2622 priuilegium
1283 2539 1324 2604 oi-

90 2664 146 2711 ues
178 2647 363 2728 praedictae
394 2645 548 2730 ciuitatis,
580 2647 722 2727 accipere
754 2645 890 2710 debeant
919 2644 950 2707 in
981 2661 1089 2708 eorum
1121 2643 1255 2726 nauigijs
1284 2645 1325 2710 ad

90 2751 193 2816 miuus
218 2751 281 2817 duo
303 2751 398 2818 tertia
421 2749 668 2834 marinariorum‚
693 2749 745 2830 qui
768 2750 831 2814 sint
854 2749 921 2812 ucri
946 2746 1117 2812 Curzulani
1140 2753 1173 2812 et
1202 2748 1324 2814 insulae

93 2853 258 2936 Gurzulae,
282 2856 340 2922 sub
363 2874 465 2938 poena
487 2855 672 2936 priuationis
695 2853 856 2919 ciuilitatis
880 2852 1046 2930 Curaulaa,
1070 2870 1128 2916 rrec
1151 2851 1324 2936 priuilegijs

93 2959 197 3028 diotae
220 2960 359 3025 ciuitatis
381 2959 530 3043 gaudere,
553 2961 681 3040 insuper
704 2965 829 3024 centum
852 2977 1004 3040 perperos
1034 2956 1160 3023 soluere
1184 2957 1325 3024 debeant

92 3063 197 3130 dictae
220 3064 437 3130 communitati
460 3063 674 3146 applicandos.

133 3167 267 3234 Testes:
292 3169 358 3235 Ser.
391 3167 539 3234 Nicolaus
569 3167 707 3246 Obradi;
737 3187 798 3233 ser.
829 3166 1014 3232 Franciscus
1045 3165 1229 3246 Xilcouich;
1260 3187 1322 3233 ser.

91 3271 248 3340 Antonius
270 3273 439 3340 Petrouich
462 3281 494 3338 et
516 3273 624 3356 plures
647 3271 699 3354 alij
723 3271 766 3337 ibi
789 3277 943 3351 astantes,

539 3489 567 3528 n.
591 3487 713 3529 onerem
736 3486 870 3540 eomuas,

92 3581 143 3635 qua
160 3557 301 3632 stauritur,
321 3569 391 3636 quod
410 3567 501 3622 nullus
519 3567 640 3636 piscator
657 3565 758 3620 uandat
776 3582 838 3620 auos
856 3566 946 3634 pisces
958 3565 1115 3628 iscariotis,
1134 3563 1219 3620 donoc
1231 3583 1324 3622 omues

500 3655 574 3708 ciues
592 3655 707 3708 emerint
725 3669 775 3722 pro
793 3669 920 3707 usu-suo.

133 3777 194 3842 Dic
216 3779 301 3843 caio.
328 3776 475 3842 Octobris.
499 3775 645 3843 Mccccce.

135 3899 323 3983 Magnificus
336 3905 369 3966 et
380 3919 553 3984 generosus
566 3900 710 3967 dominus
722 3900 902 3966 Dominicus
915 3899 1091 3987 Tlreupulo,
1108 3918 1165 3982 pro
1180 3899 1323 3967 illustris-

94 4006 168 4072 simo
192 4011 227 4072 et
249 4005 511 4072 excellentissimo
536 4005 640 4072 ducali
663 4006 799 4072 dominio
823 4006 1027 4071 Venetiarum
1049 4023 1152 4072 comes
1169 4003 1323 4071 Curzulae

95 4109 302 4193 dignissimus,
326 4111 367 4176 ad
389 4111 571 4176 instantiam
597 4116 629 4177 et
652 4111 889 4191 requisitionem
906 4111 1075 4175 urultorum
1092 4115 1156 4174 tam
1173 4109 1323 4175 nobilium

94 4231 183 4295 quam
206 4215 414 4297 popularium,
441 4215 700 4296 conquerentium
723 4215 807 4296 quod
832 4233 894 4279 nou
918 4215 1052 4296 possunt
1072 4213 1191 4280 habere
1223 4215 1325 4296 pisces

95 4319 157 4385 suis
182 4321 334 4404 pecunijs,
358 4341 407 4401 eo,
432 4321 517 4402 quod
541 4326 615 4385 sunt
629 4319 779 4401 nonnulli,
804 4321 857 4401 qui
881 4320 987 4384 statim
1003 4324 1111 4384 emunt
1133 4318 1204 4385 illos
1227 4324 1260 4384 et
1275 4337 1324 4385 sa-

94 4423 158 4488 laut
172 4443 269 4490 causa
283 4425 484 4504 reuendendi,
503 4425 733 4502 determinauit,
752 4431 906 4505 quatenus
922 4423 1055 4505 posthac
1067 4422 1171 4488 nullus
1185 4423 1324 4505 piscator

95 4528 310 4610 cuiuscumque
326 4530 512 4596 conditionis
527 4530 650 4614 existat,
667 4529 782 4594 audeat
795 4547 854 4594 nec
865 4533 1048 4611 praesumat
1062 4527 1200 4594 uendere
1216 4527 1321 4610 aliquo

97 4633 183 4699 modo
205 4635 318 4716 pisaco,
339 4635 399 4698 nisi
421 4636 507 4716 prius
530 4635 710 4716 portauerit
732 4653 839 4699 omnes
862 4634 894 4698 in
915 4633 1029 4712 locum,
1053 4633 1105 4697 ubi
1122 4632 1249 4698 solitum
1273 4639 1324 4698 est

96 4738 230 4804 uendere
253 4739 354 4804 dictos
376 4739 488 4821 pisces,
514 4739 545 4803 id
569 4746 627 4804 ost.
659 4758 754 4820 super
777 4738 912 4820 lapidem
937 4745 1120 4837 consuetum
1143 4739 1226 4804 intra
1249 4757 1322 4804 can·

1497 4773 1675 4841 ffffl,
