3398 5354
407 424 468 488 158
1596 4 1685 461 W

1683 563 1685 596 1

404 624 536 692 sinetu1.
559 624 603 691 Et
624 624 698 690 telis
721 622 901 690 assessinus
924 622 1009 690 nullo
1033 627 1177 707 tempore
1195 623 1296 706 possit
1318 623 1351 690 in
1373 623 1536 690 ciuitetem
1559 623 1630 706 sps-
1683 617 1685 706 ἵ

405 729 472 810 lati,
495 729 549 796 uel
572 747 663 794 suum
687 728 883 794 territorium
915 733 949 793 et
979 727 1158 794 districtum
1188 728 1319 794 reuerti.
1352 727 1422 794 Nec
1450 727 1632 811 intelligetur
1683 737 1685 816 ξ

404 833 583 900 assessinus
606 831 672 916 ilie,
696 832 749 914 qui
771 830 983 914 percusserit²
1004 832 1152 914 aliquem,
1176 832 1231 915 qui
1252 830 1442 914 percussns⁸
1460 831 1550 914 prins
1570 849 1631 914 per·
1683 827 1685 882 ὲ

404 936 541 1003 cesserit
562 941 697 1018 patrem,
727 940 872 1018 matrem,
903 933 1012 1020 fliium,
1043 934 1185 1014 tratrem,
1215 953 1357 1003 sororem
1387 935 1558 1018 mrnnlem,
1587 934 1631 1000 rel
1683 937 1685 1006 i

406 1045 555 1123 nepotem
571 1039 739 1118 carnalem,
762 1043 819 1104 out
833 1043 993 1121 patruum,
1019 1043 1076 1104 out
1089 1039 1281 1105 cuuncuium
1302 1039 1473 1121 cometem
1497 1037 1549 1104 uei
1569 1054 1631 1120 cog·
1683 1041 1685 1096 ἔ

405 1147 514 1209 netum
537 1143 706 1222 carnalem,
737 1147 793 1208 ont
822 1140 954 1208 fratrem
978 1142 1199 1210 consobrinum
1223 1143 1300 1210 dicti
1322 1140 1541 1224 offendentis⁴,
1568 1140 1631 1223 quir
1684 1177 1685 1188 κ

406 1246 602 1314 assessinus⁶
622 1247 656 1312 in
677 1246 815 1313 talibus⁰
836 1247 1013 1313 coniunctis
1034 1247 1181 1329 personis
1204 1264 1267 1312 non
1286 1246 1436 1312 uendicrt
1452 1245 1515 1311 sibi
1530 1244 1629 1310 locum.

448 1350 492 1416 Et
513 1350 568 1418 ilie
590 1350 787 1434 intelligatur
809 1350 995 1432 assessinus,
1019 1351 1073 1433 qui
1092 1349 1228 1418 forensis
1243 1349 1342 1418 brerit
1355 1354 1390 1417 et
1404 1368 1462 1432 per
1477 1348 1629 1431 pecunien

405 1453 581 1522 conductus
603 1454 644 1522 ed
666 1451 855 1522 maleficium
877 1454 1144 1522 committendum.
1183 1449 1193 1470 ⁶

444 1683 513 1727 orn.
535 1683 624 1726 xnnx.
646 1684 689 1728 nn
708 1683 865 1728 morsus
887 1685 930 1726 nn
944 1683 1045 1728 soors
1059 1683 1135 1726 soen
1149 1683 1290 1728 onumen
1304 1673 1410 1728 somnio
1426 1660 1595 1727 ommi.

446 1798 528 1864 Item
558 1804 712 1866 statutum
743 1805 777 1864 et
806 1800 986 1866 ordinatum
1014 1805 1072 1880 eet,
1103 1801 1189 1882 quod
1218 1800 1246 1866 si
1269 1799 1383 1882 uliquis
1406 1816 1465 1882 per
1489 1797 1627 1864 inmiiinm

404 1904 574 1986 potestatis
597 1903 649 1970 uei
671 1905 806 1970 rectoris
830 1903 915 1990 dicte
937 1903 1075 1970 ciuitatis
1097 1905 1247 1970 inuentus
1276 1902 1371 1972 fuerit
1405 1903 1447 1969 de
1467 1907 1560 1970 nocte
1580 1920 1629 1984 per

405 2006 567 2072 ciuitatem
592 2005 714 2088 Spoleti
737 2013 810 2090 post
826 2007 955 2072 tertium
971 2025 1082 2074 sonum
1098 2025 1263 2090 compone,
1287 2025 1350 2090 que
1369 2005 1493 2090 pulsuri
1509 2023 1629 2072 consue·

408 2107 457 2174 uit
486 2125 544 2192 per
572 2109 749 2175 custodiam
777 2109 924 2193 ciuitatis,
955 2111 1049 2193 longe
1080 2130 1101 2176 n
1130 2111 1224 2179 domo
1258 2129 1402 2194 suaper
1432 2115 1503 2177 tres
1531 2109 1628 2176 denos

406 2211 477 2278 sine
498 2209 605 2294 aliquo
627 2212 755 2293 lumine,
786 2212 893 2279 soluat
921 2214 1059 2280 bannum
1090 2213 1200 2282 decem
1222 2215 1404 2295 solidorum,
1435 2213 1497 2281 sed
1526 2215 1629 2280 sionni

407 2315 526 2382 lumine
558 2317 707 2382 inuentus
736 2315 842 2400 fuerit,
872 2315 1030 2402 proficiet,
1063 2319 1118 2400 qui
1147 2319 1236 2384 uodit
1265 2317 1628 2400 cumillo,.qui1nmm

407 2423 525 2502 portet.
549 2417 599 2486 Eo
621 2419 721 2505 soluo,
745 2420 830 2501 quod
853 2421 880 2487 si
902 2421 966 2501 ille,
989 2421 1045 2504 qui
1066 2421 1163 2489 fuerit
1185 2423 1334 2489 inuentus
1355 2427 1431 2505 post
1452 2439 1563 2488 sonum
1576 2427 1629 2488 tor·

404 2524 482 2590 tium
506 2541 659 2606 compone
682 2524 728 2590 ire
750 2542 809 2606 per
831 2525 994 2592 ciuitatem
1017 2524 1141 2608 Spoleti
1155 2526 1224 2593 siue
1239 2543 1311 2592 cum
1325 2526 1454 2610 lumine,
1478 2525 1546 2594 siue
1561 2525 1627 2602 sine,

406 2633 440 2694 et
462 2633 549 2695 esset
569 2645 708 2711 persone
730 2633 879 2710 suspecte
901 2633 937 2695 et
958 2629 1042 2711 maie
1065 2628 1149 2711 inme
1169 2633 1203 2698 et
1217 2629 1348 2712 aliquod
1362 2629 1482 2696 muium
1498 2633 1629 2697 senocto

404 2730 655 2798 committeretur
683 2730 716 2796 in
739 2731 868 2797 deitate
891 2731 1027 2814 Spoleti,
1062 2733 1147 2814 quod
1177 2751 1217 2799 ex
1246 2734 1304 2800 teli
1327 2732 1566 2817 presumptione
1584 2747 1629 2812 po

405 2839 507 2902 testes
530 2840 564 2902 et
585 2840 691 2902 rector
712 2835 813 2917 possit
841 2835 1015 2918 procedere
1045 2844 1157 2903 contre
1187 2856 1270 2923 eum,
1301 2842 1398 2920 prout
1426 2838 1492 2919 ipsi
1520 2834 1628 2904 domino

406 2939 569 3021 potestati,
595 2957 653 3006 seu
675 2940 800 3020 rectori,
824 2957 882 3006 seu
904 2937 1090 3006 offitielibus
1114 2941 1179 3006 suis
1208 2941 1368 3008 uidebitur
1393 2942 1571 3019 conuenire,
1590 2939 1629 3003 in·

403 3050 513 3127 specto
534 3042 714 3110 conditione
734 3060 869 3124 persone
899 3044 1109 3126 etqualitate
1131 3046 1260 3128 negotij,
1289 3044 1336 3111 ite
1358 3057 1478 3130 mmen,
1510 3041 1627 3126 quodsi

404 3147 518 3228 aliquis
538 3147 736 3214 inueniretur
753 3148 825 3229 plus
849 3165 944 3229 quom
966 3147 1063 3216 semel
1086 3149 1126 3216 de
1146 3155 1239 3216 nocte
1254 3166 1325 3215 cum
1341 3147 1460 3214 lumine
1476 3166 1536 3230 per
1555 3145 1629 3212 fmi-

402 3249 477 3315 lionn
500 3251 680 3332 potestatis,
704 3268 766 3316 nou
789 3251 890 3332 possit
917 3251 1131 3332 condemnari,
1161 3252 1219 3318 sed
1241 3252 1346 3333 possit
1375 3251 1436 3318 sibi
1464 3250 1626 3334 precipere,

403 3353 489 3436 quod
520 3371 581 3420 non
610 3353 708 3420 uedet
736 3355 871 3422 ulterius
899 3356 995 3421 etiam
1025 3372 1095 3420 cum
1125 3355 1252 3420 iumine.
1281 3355 1326 3420 Et
1355 3355 1383 3420 si
1412 3360 1527 3436 postes
1546 3351 1629 3419 fuerit

405 3458 556 3524 inuentus
576 3458 624 3524 ire
646 3475 717 3524 cum
745 3459 864 3526 lumine
892 3463 967 3542 post
996 3477 1107 3526 sonum
1136 3459 1266 3525 tertium
1295 3473 1461 3543 compone,
1496 3457 1629 3540 puniam

404 3559 437 3626 in
460 3559 570 3628 decenn
591 3561 711 3646 solidis,
735 3563 794 3630 nisi
815 3563 932 3630 iustam
952 3581 1080 3630 censum
1095 3561 1244 3629 habuerit
1264 3565 1299 3629 ct
1316 3579 1387 3629 eom
1400 3560 1589 3645 probauerit

706 3807 774 3854 ΟΔΡ.
796 3810 826 3852 Ιι.
849 3810 892 3854 DE
913 3810 1112 3856 susumus
1133 3809 1343 3854 mmmmd-

447 3921 531 3990 Item
553 3927 711 3991 stctutum
733 3929 767 3992 et
789 3905 968 3993 ordinatum
990 3933 1051 4005 est,
1075 3927 1161 4008 quod
1183 3925 1211 3992 si
1232 3925 1304 4007 quis
1323 3929 1421 4007 negot
1435 3925 1582 4008 precisse,
1601 3939 1630 3988 se

403 4026 593 4093 maleficium
622 4027 751 4111 aliquod
781 4031 989 4113 commisisse,
1024 4031 1114 4098 cuius
1138 4031 1302 4097 occasione
1324 4029 1509 4114 proceditur
1530 4033 1629 4096 contro

405 4147 496 4210 eum;
529 4131 556 4196 si
585 4135 697 4214 posteo
725 4132 805 4200 uelit
833 4134 977 4216 probare,
1010 4134 1095 4216 quod
1126 4135 1167 4200 od
1195 4135 1244 4201 sui
1275 4131 1493 4201 defensionem
1523 4132 1628 4199 dictum

453 4320 464 4357 ¹
485 4321 544 4400 Ap.
567 4325 677 4402 Ljnb.
701 4330 730 4386 et
752 4327 833 4388 cod.
856 4325 960 4389 nced.
984 4327 1027 4387 B:
1053 4326 1284 4403 ,essossinatn“.
1397 4321 1489 4402 'Ap
1513 4323 1629 4402 Ljub.:

409 4411 602 4488 ,percussit“.
685 4408 810 4473 ’Deest
830 4413 922 4475 ibid.
1001 4409 1145 4473 ⁴ibid:
1171 4412 1442 4489 „assassinotoris“.
1520 4409 1629 4470 ⁵Deest

405 4495 498 4560 ibid.
577 4496 718 4560 “ibidr
744 4500 911 4582 ¹,eadbert
989 4496 1168 4559 ⁷Praesens
1191 4499 1360 4578 capitulum,
1384 4499 1469 4575 cujus
1491 4495 1626 4570 inscriptio

407 4584 570 4643 continetur
591 4585 621 4644 in
643 4585 745 4646 tribule
766 4585 970 4662 capitulorum,
1001 4601 1079 4660 quoe
1101 4591 1147 4645 est
1165 4585 1195 4645 in
1217 4586 1316 4662 cupite
1344 4585 1442 4661 quarti
1463 4583 1531 4644 libri
1552 4579 1626 4656 hujus

406 4669 517 4748 statuti,
534 4670 618 4732 deest
631 4670 661 4731 in
676 4669 755 4733 cod.
778 4671 884 4733 sord.
900 4667 932 4735 A
946 4674 976 4732 et
989 4670 1015 4731 B
1030 4675 1060 4733 et
1073 4672 1274 4734 tantummodo
1291 4688 1341 4749 sp.
1355 4671 1464 4750 Iajrb.
1487 4667 1625 4730 invenitor.
