3376 5392
1308 423 1365 488 161

132 623 268 692 minium
290 623 374 692 omni
396 631 539 710 tempore
562 625 604 694 ad
626 625 864 710 beneplacitum
886 646 987 710 soum,
1010 627 1067 694 sed
1083 647 1145 695 uon
1160 629 1284 711 possint
1298 631 1373 698 dicti

132 747 242 813 neque
265 731 445 814 populares
468 751 572 814 neque
595 733 717 798 nobiles
740 750 774 799 se
796 751 989 816 congregare
1010 732 1194 816 ullomodo,
1211 734 1374 818 nisiprius

130 837 286 902 uenerint
308 837 349 903 ad
371 837 517 902 comitem
541 843 574 902 et
597 837 656 904 sibi
679 837 822 916 dixerint,
848 855 911 918 qua
934 855 1029 905 causa
1051 837 1163 904 uolunt
1185 859 1220 905 se
1243 857 1374 924 congre·

130 958 217 1022 gare
239 947 273 1008 et
295 942 421 1008 mittere
443 941 594 1008 Venetias
626 943 666 1008 ad
689 941 1027 1010 nostrumdominium
1050 949 1083 1010 et
1104 942 1189 1010 iacta
1211 943 1296 1012 dicta
1318 944 1373 1010 de-

129 1045 249 1111 nuntia
277 1051 382 1113 rector
407 1065 470 1112 non
499 1047 600 1129 possit
623 1047 790 1130 prohibere
813 1047 981 1114 licentiam.
1022 1047 1141 1114 Verum
1164 1049 1372 1135 declaramus,

129 1150 223 1231 quod
252 1155 317 1216 tam
347 1151 478 1238 nobiles,
510 1171 603 1233 quam
627 1153 807 1238 populares,
832 1153 976 1220 uolentes
995 1153 1104 1221 uenire
1126 1153 1286 1234 Venetiae,
1310 1173 1374 1220 nou

17 1315 30 1346 „
126 1257 258 1336 possint
280 1256 319 1322 de
342 1261 448 1324 cetero
473 1257 579 1324 uenire
602 1257 643 1324 ad
665 1277 821 1341 expensas
846 1258 1089 1340 communitatis,
1114 1259 1170 1324 ssd
1192 1259 1246 1341 qui
1262 1259 1372 1328 uenire

129 1363 306 1440 noluerint,
329 1363 460 1429 ueniant
490 1363 531 1428 ad
554 1383 628 1430 suas
650 1382 815 1446 expensas,
847 1363 898 1430 uel
921 1365 961 1430 ad
984 1383 1138 1445 expensas
1160 1363 1295 1448 illorum,
1320 1363 1373 1446 qui

126 1485 165 1535 se
189 1486 326 1552 gramme
348 1467 517 1534 noluerint.

174 1571 283 1650 Quare
303 1573 490 1638 mandamns
520 1571 612 1640 uobis
642 1591 713 1638 cum
735 1577 843 1639 nostro
866 1573 999 1656 collegio
1021 1573 1175 1640 habentes
1197 1593 1217 1638 a
1239 1573 1371 1640 consilio

126 1677 328 1759 Rogatorum
351 1677 566 1760 plenissimam
595 1676 784 1756 libertatem,
815 1684 973 1760 quatenus
1002 1677 1224 1760 responsiones
1247 1683 1371 1746 nostras

127 1783 365 1865 superscriptas
394 1801 454 1866 per
484 1783 601 1848 dictum
631 1781 799 1866 collegium
830 1781 930 1849 iactas
961 1782 1104 1849 debeatis
1139 1782 1310 1849 obseruare
1340 1787 1374 1850 et

128 1885 241 1953 iacere
263 1887 490 1954 inuiolabiliter
513 1886 687 1967 obseruari,
709 1886 862 1953 iacientes
884 1887 942 1953 has
965 1892 1091 1954 nostras
1107 1887 1231 1954 litteras
1245 1887 1278 1952 iu
1293 1887 1373 1956 actis

127 1991 237 2058 uestri
259 1991 420 2076 regiminis
442 1991 483 2057 ad
505 1987 685 2056 futurorum
706 1991 891 2057 memoriam
912 1991 1085 2076 registrari.

174 2096 295 2162 Datum
317 2097 349 2162 in
372 2101 480 2186 nostro
505 2095 607 2160 ducali
630 2095 748 2178 palatio
772 2096 824 2162 die
846 2097 906 2162 xxi.
929 2095 1129 2181 Nouembris,
1152 2094 1323 2163 indictione
1342 2115 1371 2162 v.

127 2199 292 2284 Mcoemj‘
339 2286 367 2352 A
400 2293 549 2371 tergo:

64 2456 68 2462 .
174 2389 343 2458 Nobilibus
372 2397 405 2458 et
434 2391 630 2475 sapientibus
654 2392 730 2458 viris
753 2390 893 2458 Thomas
916 2391 1060 2475 Michael‚
1084 2390 1191 2458 comiti
1214 2387 1372 2456 Gurzulse
1420 2431 1424 2442 ·

126 2501 164 2561 st
187 2498 422 2564 successoribus
444 2498 521 2564 suis.

527 2677 596 2718 xm.
620 2677 755 2720 mornas
777 2675 908 2720 opums
930 2663 976 2731 1⁸,

126 2735 157 2791 iu
177 2752 233 2806 qua
257 2737 291 2792 de
316 2739 559 2795 coadunatiouibus
584 2755 648 2862 nor}
662 2737 793 2864 laetiendis
817 2740 848 2862 i?-
869 2738 981 2794 ciuitate
1005 2742 1034 2792 et
1056 2735 1147 2794 insula
1164 2737 1223 2792 sine
1241 2751 1371 2808 expressa

642 2825 700 2865 rcsn
715 2825 741 2864 ra
759 2823 827 2864 comr
841 2825 871 2864 rs.

175 2911 364 2980 Franciscus
387 2913 519 2982 Fosoari
541 2913 602 2980 Dei
621 2917 729 3000 pratia
751 2916 817 2984 dus
845 2915 1043 2980 Venellorum
1066 2885 1118 2980 o'lc.
1185 2909 1187 2920 '

175 3037 342 3104 Nobilibus
364 3045 399 3104 et
427 3038 626 3120 sapientibus
657 3039 731 3104 uiris
755 3037 894 3104 Thomas
917 3037 1052 3102 blichael
1077 3036 1117 3102 de
1140 3054 1197 3102 suo
1221 3036 1369 3102 mandato

127 3143 239 3209 comiti
263 3141 418 3210 Corsulae
441 3151 474 3208 ot
496 3145 729 3210 successoribus
761 3143 826 3208 suis
858 3141 1005 3208 fidelibus
1035 3141 1157 3208 dilectis
1180 3140 1314 3208 salutem
1337 3146 1371 3206 et

129 3247 309 3315 dilectionis
332 3247 491 3314 affectum.

176 3351 407 3435 comparentes
423 3354 464 3419 ad
480 3355 692 3436 praesentiam
709 3353 809 3418 nostri
826 3353 953 3436 dominij
970 3351 1081 3418 fideles
1097 3352 1197 3418 nostri
1214 3350 1370 3419 Stancbus

130 3455 265 3538 Obradi,
289 3459 432 3525 Marinus
446 3458 620 3538 Xilcouich,
637 3457 793 3524 Antonius
817 3459 857 3524 de
873 3457 1037 3523 Radetinis
1060 3463 1093 3523 et
1108 3457 1215 3522 Fortis
1230 3455 1369 3540 AntoniJ,

130 3562 259 3630 nobiles
283 3562 448 3644 Ourzulae,
482 3564 728 3630 ambasciatores
759 3562 862 3630 dictae
893 3561 1126 3646 communitatis
1157 3562 1241 3627 inter
1263 3565 1371 3628 cetera

127 3669 258 3734 nomine
280 3667 431 3734 nobilium
455 3668 681 3750 supplicarunt,
705 3667 876 3748 quodcum
898 3666 963 3734 sint
978 3667 1083 3749 cupidi
1098 3669 1194 3749 pacis,
1217 3667 1369 3750 tranquil-

127 3772 229 3838 litatis
253 3777 286 3839 et
307 3773 432 3854 qnietis,
457 3772 621 3854 dignemur
643 3773 821 3858 prouidere,
845 3772 929 3854 quod
947 3773 979 3836 in
994 3772 1133 3852 ciuitate,
1150 3777 1206 3838 aut
1220 3771 1253 3837 in
1268 3771 1371 3838 insula

128 3877 288 3944 Curzulae
310 3895 372 3944 non
396 3875 473 3944 fiant
495 3877 748 3958 coadunationes,
778 3877 910 3944 consilia
938 3877 989 3946 uel
1012 3877 1210 3961 parlamenta
1233 3895 1291 3958 per
1313 3876 1370 3942 ali-

127 4001 224 4066 quem
246 3981 312 4048 ullo
334 3982 427 4050 modo
450 3983 518 4049 sine
541 4002 691 4064 expressa
722 3983 849 4049 licentia
872 3985 994 4050 comitis
1018 3981 1183 4067 Curzulae,
1207 3987 1243 4047 ut
1265 3981 1371 4048 omnia

127 4087 281 4154 scandula
303 4095 336 4155 et
360 4088 456 4154 etiam
480 4090 696 4172 suspectiones
720 4089 760 4155 de
784 4089 942 4154 mentibus
971 4105 1241 4170 quorumcumque
1268 4103 1370 4152 romo-

126 4199 273 4260 ceantur.

171 4297 253 4364 (lum
282 4299 379 4382 igitur
409 4319 518 4366 eorum
549 4300 736 4382 supplicatio
767 4300 915 4366 uideatur
938 4303 1047 4364 nostro
1069 4298 1205 4365 dominio
1229 4297 1315 4364 utilis
1337 4304 1371 4365 et

127 4421 252 4484 secura,
275 4404 462 4474 mandamus
485 4407 575 4472 uobis
598 4425 668 4471 cum
690 4411 799 4472 nostro
815 4405 953 4471 consilio
976 4405 1181 4487 Rogatorum,
1205 4403 1290 4484 quod
1312 4421 1368 4484 pu-

126 4509 239 4576 blicari
261 4507 369 4576 iacere
393 4511 546 4590 debeatis,
578 4510 665 4592 quod
692 4510 733 4576 de
756 4515 861 4577 cetero
885 4529 947 4576 nou
968 4511 1070 4590 possit
1092 4507 1161 4573 fieri
1183 4508 1216 4572 io
1238 4508 1369 4574 ciuitate

124 4614 283 4682 Corsulae
306 4621 362 4681 aut
382 4618 415 4682 iu
437 4616 542 4682 insula
564 4615 673 4697 aliqua
695 4616 856 4696 adunatio,
882 4613 1046 4680 consilium
1069 4613 1119 4680 uel
1136 4612 1366 4695 parlamentum

124 4723 194 4789 sine
225 4739 379 4806 expressa
409 4721 538 4788 licentia
569 4727 602 4787 et
632 4722 814 4804 praesentia
845 4727 963 4798 uestra,
996 4719 1055 4784 sub
1085 4736 1190 4800 poena
1219 4716 1369 4782 librarum

1165 4829 1202 4886 ll
