3434 5368
1283 501 1322 563 33

91 708 225 776 sentiret
247 727 282 775 se
304 713 472 790 grauatum
495 713 528 773 et
550 707 649 774 uellet
671 707 841 790 appellare,
873 707 957 788 quod
979 705 1083 770 locere
1107 705 1222 771 debeat
1243 701 1324 768 inim

90 815 160 880 dies
184 819 256 879 octo
279 819 352 896 post
374 813 566 880 sentenciam
590 813 686 878 latam
710 817 743 877 et
766 811 852 878 curia
875 811 1006 876 debeat¹
1029 811 1088 876 sibi
1112 808 1238 876 firmare
1260 815 1325 874 ter·

88 919 210 984 minum
233 919 446 1001 prosequendi
469 919 584 983 dictam
608 914 861 999 appellationem,
885 915 968 997 quod
985 917 1088 981 sinon
1107 913 1327 997 appellauerit,

87 1023 144 1088 uel
167 1041 231 1088 non
254 1029 441 1104 prosecutus
475 1021 572 1088 luerit
604 1021 686 1086 infra
718 1022 902 1098 terminum,
936 1020 1022 1086 nullo
1052 1021 1146 1086 modo
1179 1037 1328 1102 rumpere

89 1127 205 1209 possit.

404 1271 470 1315 cur.
490 1271 578 1314 xxvr.
602 1273 644 1314 na
665 1271 838 1314 susurrone
860 1246 1022 1314 ruu1cou.¹

137 1389 220 1454 Item
242 1388 420 1468 statuimus
445 1389 529 1470 quod
552 1407 666 1470 comes,
692 1389 746 1471 qui
768 1407 825 1470 pro
849 1393 993 1470 ternpore
1015 1385 1119 1468 fuerit,
1145 1387 1241 1470 eliget
1263 1393 1329 1454 tres

90 1493 215 1559 iudices
238 1493 278 1559 de
301 1493 404 1558 medio
428 1493 459 1557 in
482 1493 619 1559 medium
642 1513 766 1574 annum,
790 1512 868 1574 quos
891 1493 1009 1559 iudices
1032 1492 1194 1558 consillum
1217 1491 1329 1558 confir·

91 1604 177 1670 met;
201 1597 283 1662 etsi
307 1597 470 1662 consilium
499 1616 562 1662 uon
585 1603 670 1662 esset
692 1603 873 1663 contentum
896 1597 936 1664 de
959 1596 1050 1676 dictis
1072 1597 1246 1678 iudicibus
1276 1597 1330 1662 uel

93 1703 201 1783 aliquo
225 1703 379 1784 ipsorum,
416 1721 520 1768 comes
549 1707 694 1767 teneatur
722 1709 844 1768 mutare
873 1703 994 1783 ipsum,
1027 1703 1078 1768 uel
1101 1701 1196 1783 ipsos,
1229 1701 1329 1768 donec

93 1806 259 1872 consilium
281 1805 378 1871 fuerit
400 1811 598 1888 contentum,
633 1815 666 1872 et
688 1805 774 1888 ipsos
798 1804 1047 1884 continuauerit3
1082 1812 1115 1872 et
1137 1805 1251 1872 deinde
1274 1806 1329 1872 do·

93 1911 198 1975 minus
221 1928 326 1976 comes
349 1911 434 1994 (et)³
456 1912 510 1976 isti
532 1917 599 1976 tres
622 1911 741 1975 iudices
764 1911 856 1976 simul
879 1911 997 1993 eligant
1020 1917 1085 1976 tres
1108 1909 1243 1995 iudices,
1275 1911 1329 1992 qui

59 2001 67 2018 ⁸
93 2014 160 2081 sint
182 2015 353 2081 consiliarii
375 2016 414 2082 de
438 2035 537 2097 paruo
572 2015 700 2080 consilio
729 2035 787 2096 per
813 2019 1044 2081 sacromentum
1067 2015 1330 2081 adiudicandum

94 2123 130 2186 et
152 2103 380 2187 oon'sulendum
402 2121 535 2201 quilibet
550 2119 582 2184 in
598 2138 655 2186 suo
672 2118 776 2184 officio
799 2121 970 2185 secundum
993 2119 1124 2185 formam
1141 2125 1331 2186 statutorum

40 2291 41 2310 ,
93 2223 236 2290 ciuitatis
257 2230 292 2289 et
314 2225 497 2306 capitularis
519 2225 579 2290 sibi
603 2225 684 2303 doti3
708 2230 741 2288 et
763 2242 867 2292 comes
890 2224 1045 2288 cumillis
1068 2243 1131 2304 ser,
1156 2225 1206 2291 uel
1220 2223 1331 2290 maiori

40 2345 42 2434 q
92 2334 188 2410 parte
211 2328 290 2394 alios
313 2327 464 2394 officiales
486 2329 591 2410 eligat.
615 2329 658 2392 Et
680 2329 800 2394 iudices
823 2329 959 2395 debeant
981 2333 1063 2394 iuste
1078 2328 1226 2408 iudIcare,
1250 2330 1331 2410 odio,

93 2451 218 2514 amore,
240 2433 362 2512 timore,
386 2453 491 2514 prece,
514 2435 617 2515 pretio
634 2434 825 2516 postpositis,
850 2435 1022 2498 secundum
1040 2439 1160 2500 statuta
1177 2434 1332 2512 ciuitatis3

96 2544 131 2602 ct
152 2537 208 2602 vbi
231 2541 350 2602 statuta
373 2557 434 2603 non
458 2539 687 2619 eruutscripta,
711 2540 882 2605 secundum
904 2559 1023 2622 puram,
1048 2545 1080 2604 et
1094 2539 1210 2604 bonam
1225 2557 1334 2604 eorum

93 2641 343 2718 conscienciam
366 2643 448 2707 etsi
471 2643 584 2723 aliquis
606 2643 759 2724 inceperit
781 2637 974 2724 respondere
997 2651 1029 2710 et
1052 2643 1204 2724 placitare
1227 2660 1333 2707 coram

95 2747 194 2825 curia,
219 2765 281 2812 non
304 2748 404 2828 possit
428 2747 566 2814 refutare
590 2747 725 2827 aliquem
749 2747 896 2826 iudicum,
922 2766 1022 2829 nequo
1045 2752 1144 2812 totam
1163 2747 1289 2812 curiam.

386 2943 453 2986 (IAI’.
478 2945 577 2986 xxvn.
602 2946 643 2986 Dr}
666 2945 883 2986 RIIFUTA'I'IONE
905 2945 1049 2987 lumounr.

137 3060 222 3126 Item
245 3061 423 3142 statuimus,
448 3062 531 3142 quod
556 3063 583 3125 si
606 3062 719 3143 aliquis
743 3061 889 3140 iudicum,
915 3063 966 3126 uel
990 3061 1237 3128 consiliariorum
1261 3079 1332 3142 per-

94 3164 228 3230 tinuerit
250 3164 353 3245 alicui,
378 3168 431 3248 qui
455 3167 518 3230 erit
539 3167 571 3231 iu
594 3167 721 3248 placito,
747 3165 797 3230 ucl
820 3167 992 3246 indiguerit
1015 3166 1154 3246 consilio,
1183 3167 1215 3230 in
1238 3165 1334 3232 tertio

48 3333 49 3338 ,
96 3269 200 3352 gradu
224 3271 506 3351 consenquinitatis
530 3277 562 3336 et
585 3289 691 3353 supra,
716 3270 767 3334 ucl
792 3271 818 3334 si
841 3271 936 3336 luerit
951 3277 1113 3352 cognatus,
1138 3271 1169 3335 in
1190 3271 1245 3336 illo
1261 3289 1333 3336 casu

96 3379 129 3439 et
152 3373 282 3455 placito,
305 3395 362 3441 seu
385 3376 513 3442 consilio
537 3375 718 3441 licencietur
741 3395 760 3440 a
783 3379 905 3454 consite,
930 3381 963 3442 et
985 3377 1120 3441 aduersa
1143 3394 1216 3456 pars
1235 3375 1336 3458 possit

97 3479 245 3545 nuntiare
269 3479 383 3559 comiti,
407 3479 434 3545 si
457 3481 516 3547 hoc
539 3481 666 3546 nesciet.

360 3677 426 3720 orn.
450 3679 563 3720 xxvm.
587 3679 629 3720 nu
651 3653 840 3721 nnucrroru⁴
864 3677 1078 3720 orrrcmnmu.

141 3792 224 3858 Item
248 3794 424 3878 statuimus,
455 3795 540 3876 quod
564 3795 741 3876 quicunque
775 3793 894 3860 electus
918 3793 1063 3860 fueritin
1086 3794 1245 3878 nuntium,
1283 3791 1334 3860 uel

97 3898 139 3962 in
154 3897 299 3980 iudicem,
323 3899 373 3964 uel
398 3901 429 3963 ln
453 3901 675 3983 consiliarium,
700 3899 750 3964 uel
774 3901 805 3963 in
829 3899 957 3980 aliquod
981 3899 1117 3964 officium
1134 3899 1278 3978 ciuitatis
1305 3903 1337 3963 ct

97 4001 213 4080 insule,
237 4008 360 4070 stesso
384 4003 535 4085 noluerit,
568 4005 672 4072 soluat
693 4023 849 4088 yperpera
871 4005 1026 4086 quinque;
1061 4003 1121 4068 nisi
1144 4005 1260 4068 iustum
1283 4003 1336 4068 lra-

96 4108 205 4174 buerit
217 4108 482 4192 impedimentum,
500 4111 584 4192 quocl
599 4112 640 4174 sit
652 4111 682 4174 in
696 4109 897 4194 prouideucia
914 4111 1008 4188 curie,
1027 4110 1076 4174 uel
1089 4110 1216 4176 maioris
1228 4109 1337 4190 partis.

97 4269 309 4348 criminalibus,
332 4289 452 4331 necnon
468 4274 560 4344 quoad
576 4272 790 4345 consequentias
809 4273 973 4329 temerariae
996 4271 1203 4345 appellationis,
1228 4270 1337 4328 duobus

99 4357 357 4434 reformationibus,
373 4361 426 4417 sub
443 4377 513 4433 cap,
530 4360 573 4419 01.
592 4377 630 4418 ec
646 4359 774 4418 CXXIII.
794 4358 950 4416 Reform.
968 4359 1073 4417 citatis.

148 4441 472 4522 1Cap.:„bubeat“.

149 4528 321 4592 ⁹Sententia
336 4533 423 4608 hujus
438 4534 556 4607 capituli
572 4537 684 4594 cassata
698 4537 743 4592 est
755 4551 804 4607 per
816 4533 1040 4593 reformationem
1054 4552 1079 4594 s.
1097 4535 1188 4596 1418.
1205 4531 1245 4592 ul.
1262 4549 1300 4590 ca
1310 4548 1337 4606 p.

99 4617 253 4681 CXXXIX.
270 4621 440 4681 Reform..

154 4703 165 4740 ⁸
181 4709 267 4768 Deest
280 4709 310 4767 in
326 4709 391 4768 θοὰ.
409 4709 475 4782 (lap.

151 4791 231 4856 ‘ltu
247 4793 335 4856 Vsu:
353 4791 693 4872 „renuntiatione“.
