3376 5392
1286 423 1345 484 175

111 620 216 700 eihsa,
249 622 331 688 sicut
361 621 476 704 elapsis
498 621 695 705 temporibus
718 622 909 690 tenebantur
931 627 963 688 et
986 623 1070 706 quod
1092 624 1163 705 ipsa
1186 625 1352 708 priuilegia

112 725 199 790 nullo
224 725 316 792 modo
337 731 522 792 remaneant
544 727 575 790 in
596 725 742 792 manibus
765 726 946 808 specialium
969 745 1185 809 personarum.

153 846 274 912 Datum
296 848 329 912 iu
352 853 460 914 nostro
483 847 585 912 ducali
616 845 733 930 palatio
758 847 808 913 dis
831 848 913 928 xviij.
938 847 1055 914 mensis
1077 847 1276 930 Nouembris,
1299 849 1345 914 in·

109 951 250 1016 dictione
274 953 337 1034 viij.
361 951 537 1018 Mccccxliv.

318 1073 346 1138 Α
377 1079 519 1157 tergo:

152 1191 323 1260 Nobilibus
347 1202 380 1260 et
402 1195 598 1277 sapientibus
622 1195 697 1262 viris
720 1195 866 1262 Michaeli
890 1195 1034 1277 michael,
1058 1197 1165 1263 comiti
1190 1195 1346 1264 Ourzulae

109 1303 142 1361 et
163 1298 402 1365 successoribus
425 1300 501 1366 suls.

477 1585 544 1629 111.
568 1585 644 1628 anns
666 1585 701 1627 rm
722 1585 854 1630 noesrrs
878 1585 986 1649 carra,

110 1677 164 1729 qua
182 1661 325 1732 statuitur,
350 1662 422 1732 quod
439 1665 542 1732 rustici,
561 1665 645 1720 creati
662 1665 746 1733 ciues,
769 1666 864 1720 sinon
883 1666 1062 1734 seruauerint,
1080 1663 1115 1720 ad
1134 1681 1204 1734 quae
1222 1671 1350 1720 tenentur

532 1753 615 1820 ciues,
633 1753 764 1808 ciuilitate
783 1754 935 1822 priuentur.

149 1890 352 1979 Mecoaetviij.
376 1891 437 1958 Die
457 1895 543 1958 aaa.
567 1893 700 1980 Aprilis.

148 2013 191 2079 Ira
214 2013 347 2100 Royotis
369 2017 403 2080 in
425 2015 505 2080 libro
529 2015 577 2080 ΙΙ.
601 2017 645 2082 ad
666 2037 732 2082 car.
757 2018 811 2081 66.

150 2156 232 2222 Cum
256 2175 314 2239 per
336 2157 507 2222 dominium
538 2163 681 2224 nostrum
711 2177 749 2222 ex
779 2157 851 2242 alijs
881 2158 1015 2224 diuersis
1038 2159 1139 2225 modis
1163 2179 1200 2226 ex
1222 2161 1348 2228 rusticis

110 2262 207 2327 creati
232 2264 298 2328 siut
320 2264 407 2327 ciues
428 2269 586 2328 terrarum
608 2269 797 2343 nostrarum,
828 2261 913 2344 quod
936 2271 1040 2328 actum
1064 2271 1122 2344 est,
1146 2271 1182 2330 ut
1204 2265 1348 2332 ciuitates

110 2365 330 2446 nominentur,
353 2373 387 2432 st
409 2367 533 2432 ciuilius
556 2367 757 2449 populentur,
789 2373 823 2432 et
846 2368 930 2449 quod
953 2369 1013 2449 ipsi
1036 2369 1135 2434 creati
1158 2370 1243 2436 ciues
1266 2370 1348 2436 desi-

112 2477 198 2536 stant
220 2471 262 2537 ab
285 2472 435 2554 operibns
458 2479 491 2538 et
514 2471 670 2554 exercitijs
692 2471 852 2536 ruralibus
875 2479 907 2537 et
922 2471 1043 2537 iaciant
1058 2475 1208 2540 exercitia
1224 2475 1348 2554 ciuium,

14 2641 15 2644 ,
110 2581 203 2656 prout
226 2575 288 2641 luit
309 2576 445 2640 intentio
468 2575 601 2653 illorum,
634 2577 687 2658 qul
718 2595 773 2642 eos
796 2577 835 2641 ad
859 2577 956 2642 talem
979 2577 1138 2644 cirdlitatis
1162 2579 1350 2660 dignitatem

14 2715 15 2720 κ
108 2689 316 2760 creauerunt3
348 2688 453 2746 tamen
484 2688 638 2763 sequutus
670 2691 720 2749 est
752 2683 930 2748 contrarius
953 2681 1095 2764 allectus⁷
1119 2685 1193 2764 quia
1213 2683 1272 2764 ipsi
1295 2703 1347 2748 ru·

111 2785 179 2850 stici
202 2803 265 2849 non
289 2785 390 2852 solum
414 2785 573 2850 desistunt
595 2787 635 2850 ab
658 2787 816 2869 exercitijs
839 2787 996 2854 ruralibus
1012 2794 1045 2852 ct
1060 2786 1181 2852 faciunt
1196 2806 1244 2869 ca,
1268 2807 1350 2870 quae

114 2887 234 2954 iaciunt
256 2891 354 2973 ciues,
379 2890 435 2956 sed
458 2891 585 2972 penitus
607 2893 638 2955 in
662 2897 763 2956 totum
785 2891 906 2956 faciunt
920 2893 1025 2957 omnia
1040 2892 1189 2958 exercitia
1204 2898 1237 2957 et
1252 2911 1349 2974 opera

20 3073 24 3094 Ι
111 2994 293 3061 mechanica
315 2995 396 3059 sicut
419 2995 527 3058 rustici
555 3000 588 3061 et
615 3001 745 3078 propter
767 2995 825 3061 hoc
848 3014 882 3060 ss
905 2995 1057 3062 allcuiant
1079 3015 1098 3061 a
1120 2997 1344 3080 grauedinibus

113 3101 304 3166 rusticorum
335 3107 369 3166 et
399 3100 536 3166 subsunt
565 3117 662 3166 onera
689 3100 815 3179 ciuium,
847 3117 929 3183 quae
952 3101 1074 3168 minora
1096 3106 1170 3168 sunt
1192 3101 1277 3184 quod
1300 3109 1350 3168 est

112 3222 262 3288 expresse
293 3205 325 3270 iu
355 3203 559 3287 uilipendium
587 3203 749 3270 ciuilitatis
780 3211 813 3269 et
844 3205 976 3270 aliorum
1003 3207 1157 3272 bonorum
1179 3209 1293 3272 ciuium
1317 3215 1350 3274 et

112 3311 281 3374 conueniat
302 3309 413 3374 honori
437 3311 537 3375 nostri
561 3310 688 3393 dominij
706 3311 892 3392 prouidere;
915 3310 1000 3392 quod
1015 3317 1182 3393 postquam
1198 3312 1248 3379 isti
1265 3312 1348 3377 tales

111 3411 220 3478 uolunt
251 3413 357 3480 lacere
387 3415 537 3480 exercitia
566 3415 753 3481 rusticorum
785 3425 818 3482 st
847 3434 909 3481 non
933 3416 1057 3495 ciuium,
1090 3422 1268 3482 tractentur
1290 3435 1348 3500 pro

112 3517 237 3583 rusticis
261 3523 295 3584 st
317 3537 380 3584 non
401 3536 460 3600 pro
483 3519 615 3585 ciuibus.

152 3641 250 3708 Vadit
280 3659 364 3724 pars,
396 3641 481 3726 quod
512 3639 645 3708 firmiter
677 3647 837 3708 statuatur
867 3643 1061 3709 authoritate
1091 3644 1183 3709 huius
1214 3644 1345 3728 consiliJ',

113 3747 193 3826 quod
216 3747 408 3828 quicumque
430 3747 548 3827 rustici,
572 3753 628 3813 ant
649 3747 701 3831 alij
718 3748 815 3814 creati
835 3754 869 3814 et
890 3748 1018 3814 creandi
1041 3749 1127 3814 ciues
1150 3765 1347 3832 quocumque

112 3850 202 3918 modo
225 3859 384 3918 terrarum
409 3857 598 3933 nostrarum,
622 3853 650 3918 si
670 3871 732 3919 non
749 3854 948 3921 seruauerint
963 3871 1186 3937 quaecumque,
1210 3855 1347 3938 adquae

113 3961 261 4023 tenentur
283 3962 315 4023 ot
338 3958 512 4024 obseruant
534 3960 620 4024 ciues
643 3963 810 4039 terrarum,
842 3960 926 4025 uude
953 3960 1014 4042 ipsi
1037 3957 1141 4025 effecti
1165 3964 1238 4025 sunt
1260 3961 1346 4027 ciues

114 4065 145 4126 et
165 4061 366 4129 exercuerint
388 4081 515 4146 quoquo
538 4063 631 4130 modo
655 4082 752 4146 opera
774 4070 830 4130 aut
853 4065 1001 4130 exercitia
1023 4065 1148 4145 ruralia,
1172 4065 1240 4148 ipso
1262 4063 1347 4132 iacto

113 4165 275 4245 priuentur
302 4172 335 4232 et
356 4186 414 4249 pro
437 4169 569 4250 priuatis
599 4169 777 4236 habeantur
799 4169 951 4236 ciuilitate
973 4170 1138 4251 praedicta
1160 4177 1193 4234 st
1215 4189 1273 4253 pro
1296 4189 1347 4235 ru-

114 4270 206 4353 sticis,
235 4271 319 4338 sicut
348 4272 436 4354 prius
459 4279 560 4358 erant,
592 4274 769 4340 habeantur
792 4279 825 4342 et
846 4273 957 4340 haberi
980 4273 1117 4341 debeant
1138 4275 1171 4339 in
1193 4274 1346 4340 omnibns.

151 4395 194 4461 Et
215 4395 294 4462 haec
318 4413 393 4477 pars
416 4397 568 4475 reuocari,
599 4403 655 4462 aut
674 4399 787 4479 quouis
809 4398 904 4464 modo
928 4397 1087 4478 suspendi,
1119 4401 1175 4462 aut
1197 4395 1342 4478 impediri

114 4516 172 4566 non
200 4503 304 4584 possit
335 4502 394 4570 nisi
426 4521 483 4585 per
513 4521 569 4568 ser
598 4502 803 4588 consiliarios
835 4505 897 4568 tria
927 4503 1031 4584 capita
1061 4501 1101 4566 de
1124 4501 1343 4583 quadraginta,

116 4607 320 4691 quadraginta
343 4607 383 4674 de
405 4607 616 4690 quadraginta
638 4613 672 4672 et
686 4613 751 4674 tres
766 4613 874 4689 partes
890 4607 1016 4672 maioris
1031 4605 1152 4688 consilij
1169 4606 1227 4671 suh
1243 4624 1345 4688 poena

116 4708 293 4780 ducatorum
317 4713 561 4797 quingentorum
584 4711 714 4780 cuilibet
736 4711 973 4794 quomodolibet
988 4707 1239 4778 contrafacienti:
1264 4728 1345 4792 quoe
