3396 5402
478 679 545 724 ΟᾸΡ.
569 681 645 723 m.
669 683 773 727 TESTIE
797 685 889 728 vmua
912 685 1013 728 ninas.
1042 709 1049 722 ,

165 809 250 876 Item
274 811 326 877 dle
347 831 377 876 x.
400 814 519 878 mensis
542 813 729 881 Decembris
751 817 784 880 in
807 817 902 898 pleno
925 823 958 884 et
975 818 1117 900 generali
1144 817 1275 884 consilio
1292 815 1371 884 Cur·

126 913 220 978 culae
242 915 275 978 in
298 913 443 982 Ecclesia
464 915 573 983 Sancti
596 917 696 984 Marci
719 921 897 988 coadunato
920 921 961 986 ad
985 939 1097 986 sonum
1121 939 1304 1004 campanae,
1335 927 1370 988 vt

120 1019 221 1084 moris
244 1025 303 1098 est,
327 1019 359 1084 in
382 1037 445 1100 quo
464 1019 595 1086 luerunt
609 1023 778 1105 consiliarii
801 1023 853 1104 xli,
878 1042 988 1090 eorum
1017 1025 1144 1091 nemine
1160 1024 1371 1106 discrepante,

120 1127 252 1202 captum
276 1128 310 1187 et
333 1123 498 1188 obtentum
520 1123 590 1204 luit,
625 1126 711 1206 quod
733 1127 880 1194 ammodo
902 1128 934 1192 in
958 1133 1055 1194 antea
1076 1145 1156 1194 mus
1180 1129 1273 1194 testis
1306 1125 1370 1196 fide

120 1222 240 1306 dignus
263 1225 420 1306 credatur,
445 1245 544 1308 nsque
567 1227 609 1292 ad
630 1247 760 1310 grossos
787 1230 964 1296 duodecim.
999 1230 1071 1298 Duc
1094 1248 1169 1296 vero
1192 1229 1256 1296 fide
1280 1230 1368 1313 digni

119 1343 223 1408 nsque
246 1328 287 1394 ud
309 1347 483 1412 yper-perus
504 1331 624 1397 decem.
659 1331 708 1399 Ab
727 1335 893 1415 yperperis
916 1353 992 1400 vero
1016 1334 1126 1401 decem
1159 1352 1257 1416 supra
1279 1333 1368 1398 nulla

123 1429 311 1498 testificatio
335 1433 538 1514 suscipiatur,
562 1453 621 1500 nec
643 1436 793 1501 credatur
814 1437 883 1504 sine
904 1437 1114 1504 Instrumenta
1130 1437 1199 1504 siue
1214 1437 1369 1519 scriptura

121 1536 275 1616 propriae
308 1555 419 1602 manus
454 1537 622 1618 debitoris,
657 1557 739 1622 quae
763 1539 867 1606 valeat
898 1559 967 1606 cum
992 1547 1160 1608 metente
1190 1539 1232 1606 ad
1254 1539 1367 1620 minue,

120 1639 330 1722 intelllgendc
354 1639 395 1706 de
417 1641 524 1712 debito
547 1644 659 1706 mutui.
682 1641 779 1708 Saluo
803 1650 923 1710 statmo
945 1645 1155 1711 animaIIum.¹

363 1870 430 1914 can.
453 1871 542 1912 xxv1.
565 1871 701 1916 runncmr
722 1872 916 1916 auoroanraa
938 1849 1133 1918 runroann1.²

166 2005 250 2071 Item
272 2007 399 2087 captum
420 2003 496 2086 fuit,
531 2005 617 2086 qnod
640 2024 719 2070 vnus
748 2005 843 2071 iudex
876 2007 978 2088 possit
1010 2006 1116 2074 lacere
1148 2007 1302 2074 iustltiam
1331 2013 1366 2074 et

122 2109 290 2196 rationem,
315 2127 415 2191 nsque
439 2108 480 2174 ad
502 2127 632 2192 gronam
656 2109 833 2175 duodecim.
865 2107 997 2176 Subtilis
1019 2129 1095 2177 vero
1118 2129 1217 2193 nsque
1239 2112 1281 2178 ad
1303 2131 1367 2192 sex,

121 2231 186 2279 nec
207 2213 306 2279 vadat
337 2212 452 2294 aliquis
475 2213 516 2279 de
538 2211 613 2278 villa
635 2213 676 2278 ad
699 2212 860 2279 ciuitatem
891 2213 933 2278 ad
963 2212 1196 2280 reclamandum
1230 2214 1368 2296 aliquem

1 2347 2 2350 ¹
123 2335 229 2400 nsque
251 2317 292 2384 ad
314 2335 442 2399 grossos
464 2316 516 2399 xij,
547 2317 597 2383 vel
620 2335 685 2401 sex,
717 2322 750 2382 vt
772 2335 872 2398 supra
894 2317 1115 2400 intelligendo,
1151 2319 1235 2400 quod
1258 2319 1291 2383 in
1314 2317 1369 2384 Illa

121 2421 200 2488 villu
222 2421 265 2488 sit
287 2421 397 2500 index3
433 2426 466 2488 et
490 2419 540 2486 vbi
576 2426 626 2487 est
654 2421 756 2487 maior
789 2421 901 2500 iudex,
940 2422 1042 2486 minor
1064 2439 1100 2486 sc
1122 2439 1184 2486 non
1207 2419 1368 2504 Impediat.

123 2524 186 2602 Qui
209 2545 285 2592 vero
307 2523 540 2602 contrafecerit,
574 2523 778 2590 reclamando
802 2524 842 2590 de
866 2523 950 2608 villa,
986 2524 1038 2590 vbi
1071 2523 1179 2604 iudex,
1215 2531 1368 2606 utsupra

123 2649 159 2696 se
184 2626 361 2712 reperierit,
383 2627 491 2718 ‘soluat
513 2627 693 2704 reclamem,
717 2629 771 2712 qui
793 2628 839 2693 sle
862 2627 1056 2712 probauerit,
1080 2645 1138 2710 pro
1154 2628 1310 2710 expensis,
1333 2632 1368 2694 et

123 2733 241 2800 damno
264 2752 392 2817 grossm
415 2732 592 2798 duodecim.
1195 2751 1198 2758 ·

300 2961 367 3006 can.
391 2963 492 3004 xxvrr.
515 2959 781 3005 conarnrnnroann
803 2961 867 3006 non
888 2938 1188 3005 anmnnnnnoann.⁸

167 3078 249 3146 Item
270 3077 370 3145 Mcacl
390 3078 509 3160 xxxvij,
544 3077 656 3144 Indict.
680 3096 708 3142 v.
732 3081 766 3142 et
788 3077 840 3143 die
862 3076 914 3159 xij.
938 3075 1023 3159 Maij.
1059 3076 1096 3142 In
1127 3076 1221 3158 pleno
1252 3079 1286 3142 et
1307 3094 1364 3159 ge·

122 3183 226 3250 nerali
260 3181 390 3250 consilio
424 3181 581 3248 Ourzulae
610 3181 641 3246 in
672 3179 816 3246 Ecclesia
851 3179 959 3246 Sancti
982 3179 1081 3245 Marci
1117 3179 1294 3246 coadunato
1326 3179 1368 3246 ad

122 3305 238 3355 sonum
272 3304 445 3368 campanae
467 3291 502 3350 vt
523 3285 620 3350 moris
647 3290 713 3364 est,
748 3285 781 3349 in
812 3301 874 3365 quo
908 3283 1037 3350 luerunt
1065 3282 1232 3365 consiliarii
1266 3282 1366 3347 xxxix.

122 3409 235 3459 eorum
259 3391 384 3457 nemine
407 3389 618 3466 discordante,
643 3393 771 3470 captum
793 3386 862 3468 luit,
886 3387 972 3469 quod
994 3386 1109 3468 aliquis
1137 3385 1242 3464 homo,
1278 3386 1367 3454 cuins

1 3570 2 3580 ,
120 3499 220 3579 pater
242 3513 304 3562 non
326 3493 387 3558 luit
419 3493 615 3559 consiliarius
637 3491 795 3558 Curzulae
826 3509 890 3558 non
923 3491 1027 3572 possit
1058 3507 1132 3556 esse
1161 3488 1367 3569 consiliarius,

122 3617 186 3665 nec
209 3604 321 3681 petere
342 3615 470 3680 ponere.
493 3595 587 3662 Etsi
610 3595 681 3677 qula
704 3600 838 3676 poneret
857 3593 1044 3677 petitionem
1061 3593 1167 3659 soluat
1180 3592 1367 3658 irremissiu-
1431 3675 1434 3680 Α

121 3703 275 3769 nabiliter
298 3699 466 3768 Communi
487 3718 662 3783 yperperca
682 3703 826 3777 centum;
850 3702 884 3764 et
906 3697 933 3762 si
957 3696 1027 3779 quis
1042 3714 1100 3778 pro
1117 3713 1155 3762 eo
1171 3701 1367 3777 arrengaret,

1 3853 2 3856 ,
121 3806 232 3874 soluat
254 3805 421 3872 Communi
442 3821 614 3886 yperpercs
636 3823 704 3868 xxv.

252 4019 318 4063 GH.
342 4019 442 4060 xxm.
466 4016 622 4059 naitonum
644 4011 710 4058 ΝΟΜ
732 4013 988 4058 contempnendae
1010 4013 1069 4056 PRO
1094 4011 1239 4056 mutuom.

166 4135 251 4202 Item
272 4134 357 4216 quod
385 4151 545 4216 nunqnam
568 4133 608 4198 de
631 4131 725 4196 domo
748 4129 880 4196 alicuine
915 4127 1113 4210 accipiantur
1147 4125 1255 4207 aliqua
1281 4145 1371 4194 arma

1 4261 2 4266 ¹
120 4257 184 4323 prc
208 4239 316 4318 aliquo
338 4239 479 4322 pignore,
516 4255 575 4302 nec
598 4253 655 4316 per
677 4233 859 4316 placandum,
888 4250 949 4296 nec
979 4229 1199 4312 iustitian'um,
1234 4247 1294 4295 nec
1314 4247 1371 4312 po-

1 4335 2 4407 ]
121 4343 208 4410 etich
233 4341 302 4407 siue
325 4342 414 4420 alios,
437 4359 540 4423 poena
562 4355 747 4424 grossorum
769 4357 833 4416 sex,
856 4341 922 4402 tam
946 4333 1125 4416 accipienti,
1150 4351 1244 4414 quam
1267 4333 1365 4399 danti.

1 4773 3 4812 l

121 4485 334 4497 .-...---

169 4533 653 4611 ¹cr.0ap.cxn1v.statuu.
679 4487 690 4509 '

167 4621 243 4686 ”Oi
258 4639 346 4697 supra
360 4639 437 4697 cap.
454 4619 490 4680 II.
506 4619 664 4680 Relcrm.

168 4710 181 4748 ⁸
200 4711 245 4775 CI.
260 4727 350 4784 snpra
365 4725 439 4782 cap.
455 4705 505 4766 v1.
524 4705 682 4766 Reform.
