3434 5368
1424 474 1465 538 23

220 674 344 756 munis,
379 681 411 742 et
433 675 459 754 si
482 673 579 750 fuerit
601 692 660 757 per
681 674 838 758 publicam
872 673 988 740 lamam
1022 673 1223 742 manifestum
1257 675 1459 742 concordium

220 775 307 844 inter
335 777 573 846 malefactorem
595 785 628 844 et
648 777 820 845 habentem
844 779 992 846 damnum
1014 777 1147 858 fecisse,
1181 779 1285 846 omnia
1317 780 1466 846 amittant

221 887 257 950 et
278 883 373 948 nichil
394 883 543 969 habeant,
567 889 601 949 rt
622 883 767 966 superius
789 884 908 949 dictum
931 889 991 964 est
1016 885 1056 950 de
1079 884 1149 951 iure
1171 903 1238 950 suo.

463 1097 530 1141 aar.
554 1097 624 1138 vm.
647 1097 689 1140 nn
710 1097 810 1142 sunm
831 1095 969 1141 resumta
992 1098 1057 1141 curu
1079 1075 1223 1142 ῐηοιτῐιει.1

263 1215 344 1280 Item
368 1213 547 1298 statuimus,
582 1213 668 1295 quod
691 1213 805 1279 amodo
828 1214 860 1277 in
884 1219 981 1278 antea
1003 1213 1100 1279 talem
1122 1214 1301 1291 racionem,
1336 1215 1461 1296 qualem

218 1319 321 1384 nostri
343 1317 437 1382 uicini
460 1316 551 1382 nobis
574 1315 702 1395 iaciunt,
727 1317 825 1381 talem
841 1318 886 1382 eis
901 1315 1007 1383 lacere
1029 1323 1205 1395 teneamur,
1230 1317 1319 1382 saluo
1336 1336 1463 1401 semper

218 1427 336 1486 statum
369 1419 513 1502 inprimis
545 1418 665 1485 factum
699 1419 844 1485 omnibus
881 1419 951 1484 aliis
986 1420 1151 1508 gentibus,
1195 1420 1255 1486 hoc
1288 1420 1460 1505 intellecto,

219 1523 306 1604 quod
330 1523 423 1588 uicini
448 1522 549 1588 nostri
572 1523 636 1588 siut
658 1541 678 1586 a
700 1521 848 1604 Sybinico
872 1539 971 1603 usque
993 1521 1033 1586 ad
1057 1521 1223 1588 Curzolam
1240 1529 1273 1588 et
1288 1541 1307 1589 a
1323 1521 1460 1590 Curzola

218 1645 319 1707 usque
343 1626 383 1690 ad
407 1626 597 1710 Ragusium,
632 1631 666 1690 et
689 1645 747 1708 per
769 1631 869 1690 totam
901 1631 1017 1692 terram
1040 1626 1178 1704 firmam,
1215 1625 1305 1692 saluo
1336 1644 1463 1706 semper

217 1737 315 1811 pacta
344 1731 429 1794 inter
458 1747 517 1794 uos
540 1735 573 1794 et
596 1729 682 1812 ipsos
711 1727 797 1794 lacta
826 1735 860 1794 et
882 1727 982 1793 Fama
1004 1736 1038 1794 et
1059 1728 1163 1794 Braza
1193 1735 1226 1794 et
1248 1729 1314 1796 lsla
1346 1729 1460 1798 insule.

561 1941 628 1986 nar.
651 1942 695 1995 rx.
719 1941 760 1983 nn
783 1941 878 1984 cuma
900 1941 944 1982 nn
966 1917 1121 1983 ruinarum.²

264 2060 344 2124 Item
379 2057 561 2137 statuimus,
596 2057 681 2139 quod
703 2057 730 2122 si
753 2075 859 2122 comes
882 2057 934 2122 uel
956 2057 1134 2123 uicecomes
1167 2075 1229 2123 non
1263 2057 1403 2139 potuerit
1425 2076 1461 2122 se

217 2162 413 2229 concordare
435 2161 623 2244 deludium,
657 2161 764 2225 mittat
796 2160 876 2226 illud
909 2159 1058 2242 placitum
1083 2161 1115 2225 in
1138 2160 1267 2226 consilio
1297 2179 1397 2243 paruo
1428 2167 1461 2227 et

217 2267 307 2344 illud,
331 2265 416 2346 quod
439 2265 580 2330 uiderint
602 2283 672 2330 esse
695 2264 823 2344 iustum,
846 2264 1033 2330 iudicabunt
1053 2271 1086 2329 et
1107 2263 1163 2327 dat
1186 2265 1365 2348 sentencia,
1399 2263 1460 2331 hoc

216 2369 393 2452 intellecto,
415 2367 500 2449 quod
524 2385 586 2433 non
609 2366 665 2432 fiat
687 2373 798 2432 contra
816 2367 887 2432 iura
903 2369 1069 2433 comitatus
1088 2367 1140 2432 uel
1156 2367 1309 2433 honorem
1326 2373 1360 2432 et
1375 2367 1459 2448 quod

216 2491 280 2538 non
302 2472 404 2552 possit
426 2489 518 2537 esse
541 2471 574 2536 in
596 2471 651 2536 illo
675 2471 806 2538 consilio
829 2471 941 2552 aliquis
965 2471 1162 2554 propinquus
1177 2471 1302 2536 illarum
1317 2471 1458 2552 parcium

216 2593 316 2656 usque
338 2575 370 2639 in
393 2575 525 2640 tercium
546 2574 689 2656 gradum.

626 2786 692 2830 aar.
717 2787 747 2828 x.
771 2785 813 2827 nu
835 2763 1052 2829 adornamus.³

261 2904 342 2970 item
366 2903 543 2982 statuimus,
568 2903 652 2984 quod
674 2901 779 2967 nullus
801 2905 912 2982 pastor
935 2900 1053 2967 debeat
1076 2899 1246 2966 scordcare
1262 2898 1368 2980 aliqua
1390 2897 1458 2964 ani·

216 3007 332 3086 malla,
367 3007 426 3072 nisi
450 3011 545 3088 caput
567 3012 676 3072 teneat
710 3025 745 3072 se
768 3022 838 3069 cum
861 3004 944 3086 pelle
967 3009 1000 3070 et
1023 3003 1100 3068 illud
1123 3003 1239 3070 debeat
1271 3007 1458 3085 presentare

215 3111 342 3177 domino
365 3110 542 3175 bestiarum
566 3115 599 3174 et
622 3111 647 3174 si
671 3129 733 3176 non
757 3109 840 3188 lacit,
866 3109 983 3175 debeat
1005 3107 1106 3174 teneri
1128 3125 1186 3188 pro
1209 3107 1332 3172 latrone
1355 3109 1388 3171 et
1408 3103 1457 3169 iu·

216 3215 315 3280 dicari
338 3233 396 3296 pro
420 3215 544 3280 latrone
567 3220 598 3279 et
622 3213 740 3278 habeat
762 3213 847 3278 illam
868 3231 991 3296 penam,
1016 3230 1077 3292 que
1095 3212 1275 3277 continetur
1289 3212 1321 3277 in
1337 3217 1457 3281 statuto

212 3319 383 3400 latronum,
407 3324 441 3381 et
463 3317 489 3381 si
513 3318 657 3382 domiuus
686 3315 862 3382 bestiarum
886 3315 1092 3382 concordabit
1121 3333 1192 3379 cum
1216 3314 1300 3380 dicto
1323 3323 1457 3397 pastore

215 3427 329 3486 contra
362 3420 479 3485 dictum
504 3427 657 3486 statutum
681 3422 763 3486 etsi
787 3420 953 3502 probatum
988 3419 1085 3483 fuerit
1106 3437 1165 3499 per
1184 3417 1326 3499 ydoneos
1358 3425 1457 3486 testes

213 3524 267 3588 uel
290 3543 347 3605 per
369 3523 526 3606 publicam
561 3523 676 3589 lamam
700 3523 796 3588 luerit
830 3521 1041 3600 manifestum,
1076 3521 1192 3602 perdat
1214 3523 1392 3605 yperperos‘
1411 3525 1454 3606 iiij

212 3645 276 3708 que
298 3646 381 3708 pena
405 3627 554 3693 deueuiat
575 3628 607 3692 in
629 3645 803 3693 commune.

658 3838 724 3880 cnr.
750 3838 793 3880 xr.
817 3837 859 3880 nn
881 3815 1016 3880 aonam*

257 3951 339 4018 Item
362 3954 546 4034 statuimus,
582 3955 667 4036 quod
691 3955 796 4020 nullus
817 3961 929 4036 pastor
951 3955 1071 4021 audeat
1105 3955 1216 4022 tollere
1240 3955 1378 4037 aliquam
1400 3956 1455 4022 be·

212 4055 307 4120 stiam
342 4075 486 4139 magnam
511 4057 562 4122 uel
585 4077 715 4138 paruam
741 4059 780 4122 de
803 4077 861 4124 suo
892 4060 1047 4124 communi
1069 4059 1137 4124 sine
1172 4061 1302 4126 licencia
1338 4059 1456 4126 domiui

215 4158 274 4238 sui,
298 4165 331 4223 et
353 4160 380 4224 si
403 4160 572 4226 abstulerit
596 4168 629 4226 et
651 4163 798 4227 iuuentus
832 4161 945 4246 fuerit,
980 4163 1023 4227 sit
1052 4162 1210 4228 iudicatus
1242 4183 1300 4244 pro
1335 4163 1457 4230 latrone

213 4263 386 4327 secuudum
421 4263 554 4330 formam
578 4265 690 4330 statuti
713 4271 746 4330 et
767 4265 793 4330 si
817 4265 962 4331 dominus
998 4265 1171 4331 bestiarum
1195 4265 1399 4332 concordabit
1421 4285 1456 4332 se

260 4451 270 4486 ¹
288 4454 330 4515 cf.
347 4472 408 4531 cap.
426 4457 519 4518 LXII.
536 4456 654 4519 Statuti.

259 4535 271 4573 ²
287 4541 329 4602 cf.
346 4559 408 4617 cap.
425 4543 532 4605 LXIII.
550 4543 667 4606 Statuti.

258 4621 269 4660 ⁸
286 4628 328 4688 di.
345 4645 406 4704 cap.
423 4631 525 4690 LXIV.
542 4629 659 4690 Statuti.

256 4711 327 4773 ‘dt
344 4731 405 4791 cap.
422 4717 507 4776 LXV.
528 4717 644 4777 Statuti.
