3416 5350
445 637 512 681 OH-
536 638 623 681 mv.
645 638 688 681 DE
709 637 808 681 mmo
830 636 1067 682 morture
1088 637 1110 682 Ᾰ
1133 637 1236 681 PA'IRE
1259 637 1322 682 unu
1344 635 1470 681 um.

268 745 269 748 ’
374 753 455 818 Item
485 757 641 820 statutum
673 759 707 820 et
729 753 910 820 ordinatum
932 760 997 840 est,
1029 754 1116 837 quod
1146 754 1172 820 si
1196 753 1356 820 discordia
1378 758 1455 820 nata
1476 752 1586 822 fuerit
1695 801 1696 806 η

330 856 415 922 inter
437 857 540 921 uirum
563 862 596 922 et
618 875 758 934 uxorem,
789 862 865 922 tunc
886 854 970 923 filius
992 856 1046 923 uel
1068 856 1134 922 tilia
1156 858 1258 924 minor
1279 857 1383 923 tribus
1406 858 1498 922 annis
1520 857 1582 922 de·

333 960 431 1025 beent
448 959 629 1025 alimentari
652 976 752 1042 penes
787 965 921 1027 matrem
953 960 995 1025 ad
1026 977 1182 1042 expensas
1211 961 1332 1040 mariti,
1363 959 1582 1042 prouidendas

333 1081 393 1146 per
415 1067 607 1146 potestatem
630 1063 680 1129 et¹
712 1067 869 1130 rectorem
898 1061 1126 1146 offitialesque²
1156 1063 1295 1130 ciuitatis
1318 1061 1452 1146 Spalati.
1474 1062 1582 1128 Maior

335 1186 412 1234 uero
435 1165 519 1233 filius
542 1172 599 1233 aut
628 1165 694 1232 filie
724 1167 827 1233 tribus
850 1167 943 1233 ennio
965 1167 1143 1233 alimentari
1173 1169 1290 1235 debeat
1318 1184 1419 1250 penes
1441 1171 1578 1250 patrem

377 1398 445 1441 ΟΑΡ.
469 1397 542 1440 Irxv.
566 1398 608 1440 mu
629 1397 800 1456 prolatorum,
829 1399 893 1451 Qum
914 1398 965 1440 ΠΨ
987 1397 1086 1440 mm
1107 1396 1209 1440 rmus
1231 1397 1292 1440 PER
1313 1395 1450 1454 PA'I'm,
1473 1395 1537 1439 unu

885 1484 1029 1528 nunu.

377 1599 461 1666 Item
479 1604 634 1667 statutum
656 1605 690 1667 et
713 1600 893 1668 ordinatum
916 1606 987 1682 est,
1018 1600 1104 1681 quod
1134 1600 1162 1665 si
1192 1605 1285 1682 puter
1313 1599 1354 1666 de
1383 1597 1477 1666 bonis
1500 1595 1582 1682 suis,

335 1704 389 1770 uel
418 1708 521 1770 mater
551 1704 705 1772 debonis
729 1707 794 1771 suis
824 1705 893 1772 siue
914 1705 947 1770 in
970 1704 1038 1771 uita
1045 1756 1054 1789 ,
1089 1703 1158 1770 siue
1180 1704 1213 1768 in
1235 1709 1338 1770 morte
1360 1701 1475 1770 fecerit
1497 1701 1582 1767 diui-

334 1809 454 1874 sionem
482 1807 637 1874 bonorum
665 1809 750 1874 inter
779 1805 862 1875 filios
892 1825 984 1887 suos,
1019 1807 1105 1890 quod
1137 1807 1193 1873 illa
1223 1806 1337 1873 diuisio
1367 1805 1412 1873 sit
1442 1810 1476 1872 et
1505 1823 1581 1872 esse

335 1912 453 1978 debeat
482 1917 552 1978 rata
582 1916 616 1979 et
637 1909 729 1977 firma
750 1913 783 1978 in
815 1917 1023 1996 perpetuum,
1057 1912 1133 1978 dum
1154 1918 1263 1977 tamen
1286 1916 1379 1994 pater
1401 1910 1455 1976 uel
1477 1915 1581 1976 mater

333 2035 397 2082 non
421 2015 612 2082 defraudent
634 2015 702 2082 sine
724 2017 809 2082 iusta
832 2033 930 2082 causa
952 2013 1033 2082 lilios
1058 2034 1133 2082 suos
1161 2013 1305 2092 falcidia,
1337 2015 1408 2081 siue
1436 2013 1582 2098 legitima

335 2119 447 2186 debite
469 2119 547 2186 iuris
569 2123 703 2200 nature,
733 2124 772 2186 ut
801 2119 834 2184 iu
868 2119 940 2202 alijs
971 2117 1190 2201 superioribus
1219 2119 1350 2185 statutis
1380 2118 1508 2201 plenius
1530 2123 1583 2184 est

336 2241 529 2306 expressum.

613 2436 680 2480 OAI’.
704 2437 790 2479 um.
814 2437 856 2480 nn
877 2435 1084 2481 ennomus
1104 2435 1298 2479 naamam.

378 2550 459 2616 item
483 2555 639 2617 statutum
661 2558 693 2619 et
716 2551 897 2619 ordinatum
919 2558 980 2636 est,
1004 2552 1091 2636 quod
1113 2552 1140 2620 si
1162 2552 1275 2636 abquis
1298 2551 1434 2631 debitor,
1470 2550 1527 2616 uel
1550 2551 1579 2615 ei

332 2669 402 2735 qua
431 2652 566 2720 debitrix
589 2655 722 2722 alicuius
752 2654 866 2722 fuerit³
887 2661 921 2724 et
952 2675 1005 2724 res
1028 2657 1213 2739 corporales
1235 2673 1299 2722 non
1321 2653 1516 2738 possideret,
1541 2672 1579 2721 ex

334 2756 450 2838 quibus
474 2763 583 2840 posset
613 2757 761 2825 satisfieri
785 2761 851 2826 suis
874 2759 1094 2836 creditoribus,
1125 2759 1183 2826 sed
1208 2764 1332 2826 tantum
1353 2757 1475 2825 hebeat
1500 2757 1581 2824 alios

335 2860 497 2928 debitores
519 2880 558 2928 ex
585 2862 691 2944 aliqua
705 2879 811 2944 causa,
831 2863 883 2930 uel
899 2863 1022 2930 ratione
1038 2863 1214 2948 obligatos:
1238 2863 1386 2930 uolumus
1401 2879 1460 2944 per
1474 2866 1582 2927 recto·

336 2983 405 3030 rem
427 2963 521 3030 buius
544 2966 682 3034 ciuitatis
704 2968 792 3049 ipsos
815 2967 978 3034 debitores
1001 2967 1149 3050 compelli
1173 2967 1214 3033 sd
1236 2965 1496 3034 satisfaciendum
1514 2984 1582 3032 cre·

337 3067 492 3135 ditoribus
515 3068 694 3136 debitorum
717 3089 781 3137 non
811 3070 1042 3154 possidentium
1066 3089 1118 3138 res
1147 3070 1347 3154 corporales,
1379 3069 1420 3136 de
1443 3087 1581 3152 quorum

338 3170 454 3237 debitis
477 3175 511 3236 et
533 3171 711 3240 nominibus
733 3179 838 3240 rector
861 3173 902 3240 de
926 3193 984 3241 suo
1015 3172 1120 3241 officio
1150 3175 1319 3241 ueritatem
1348 3172 1492 3255 inquirat
1515 3177 1581 3238 tam

334 3290 393 3356 per
424 3275 652 3356 prestationem
683 3278 874 3344 sacramenti
906 3277 1123 3360 predictorum
1151 3278 1349 3358 debitorum,
1388 3293 1485 3359 quam
1516 3273 1581 3342 alio

334 3394 535 3460 quocumque
556 3379 668 3447 modo*
690 3380 750 3448 sibi
772 3381 933 3447 uidebitur
950 3381 994 3447 ad
1023 3381 1126 3465 ipsam
1145 3381 1314 3449 ueritatem
1337 3379 1580 3462 exquirendam.

334 3481 490 3561 Preteres
517 3481 661 3564 ipsorum
692 3483 872 3550 debitorum
902 3483 989 3550 lecto
1022 3483 1259 3566 satisfactione,
1294 3490 1331 3550 ut
1364 3483 1487 3550 dictum
1521 3487 1581 3567 ert,

334 3589 444 3650 rector
466 3583 562 3650 locist
583 3584 653 3652 fieri
676 3587 902 3669 quietationem
925 3587 965 3655 de
988 3588 1079 3656 dictis
1103 3589 1223 3655 debitis
1245 3587 1358 3656 solutis
1378 3586 1581 3654 debitoribus

335 3685 415 3769 ipsis
438 3691 472 3753 et
495 3687 764 3758 satisfactionibus
786 3696 850 3756 tam
873 3692 1000 3774 primis,
1030 3709 1124 3774 quam
1148 3691 1295 3758 secundis
1317 3692 1402 3758 inter
1423 3709 1470 3773 se,
1497 3691 1585 3756 siout

338 3791 417 3856 ordo
441 3791 519 3856 iuris
541 3794 723 3874 expostulat·
744 3799 778 3861 et
799 3796 942 3878 requirit.
1322 3791 1327 3800 ’

333 4003 401 4046 ΟΔΡ.
435 4003 535 4047 nxm.
560 4003 643 4057 QUOD
673 4006 776 4050 smus
798 4007 950 4052 ulmus
979 4009 1094 4052 PO'I'RS'I'
1121 4009 1196 4054 ESSE
1218 4007 1433 4072 oboedituros,
1462 4007 1579 4070 ΨΜΟΒ,

833 4094 896 4137 UBI:
919 4094 1072 4140 sunnon.

380 4204 460 4270 Item
484 4211 640 4272 statutum
663 4213 696 4274 et
718 4208 899 4276 ordinatum
922 4215 980 4291 est
1005 4213 1091 4294 quod
1112 4209 1197 4278 lilius
1219 4209 1356 4279 familias
1378 4211 1480 4278 maior
1503 4227 1580 4276 xxv

332 4309 425 4375 annis
449 4309 490 4374 cd
513 4309 643 4376 iuditia⁸
661 4311 764 4394 possit
786 4330 858 4380 esse
874 4319 1071 4396 procurator,
1095 4315 1253 4398 syndicus.
1277 4319 1365 4382 tutor
1378 4315 1432 4382 uel
1449 4320 1581 4383 curator

382 4499 393 4534 ¹
414 4502 473 4578 dp.
497 4503 625 4579 Ljub.:
650 4506 755 4580 „per“.
838 4503 849 4541 ³
870 4507 985 4569 ibid:
1012 4508 1079 4585 „uel
1100 4525 1156 4584 per
1177 4505 1346 4570 offitialas“.
1430 4505 1442 4543 ³
1464 4508 1580 4568 ibid:

336 4588 379 4662 „si
413 4589 498 4664 quis,
535 4591 583 4648 uel
611 4591 712 4666 aliqua
741 4607 870 4667 persona
899 4593 987 4653 fuerit
1016 4593 1148 4672 debitor,
1181 4595 1229 4656 uel
1260 4595 1387 4656 debitn'x
1420 4592 1577 4655 alicuins“.

337 4671 349 4706 ⁴
371 4675 482 4736 ibid:
509 4670 618 4752 „quo“.
688 4674 701 4712 ⁶
723 4677 834 4740 ibid:
859 4679 1043 4761 ‚inditiumb
