3416 5350
353 429 414 490 144

349 629 591 710 condemnetur,
623 630 653 696 ei
682 629 750 699 eine
778 631 903 712 plaga1,
933 632 966 696 in
997 636 1125 700 centum
1155 631 1255 698 libria
1291 629 1326 698 Si
1348 649 1426 699 uero
1449 630 1595 713 ignobilis

356 735 550 816 percusserit
571 733 744 816 ignobilem
766 752 837 800 cum
859 735 955 817 plaga
976 745 1011 803 et
1029 736 1192 820 sanguinis
1207 733 1372 812 effirsione,
1397 735 1431 802 in
1447 735 1599 818 quinqua·
1694 813 1695 818 Ἰ

352 839 443 920 muta
464 838 552 904 libris
576 839 813 904 condemnetur.
848 837 883 905 Si
905 857 982 905 uero
1004 839 1118 906 nobilis
1140 840 1334 922 percusserit
1354 839 1541 923 ignobilem,
1569 838 1601 903 iu
1694 869 1695 878 2

354 941 528 1009 medietate
550 958 633 1024 pqnq
656 942 697 1008 de
720 947 847 1008 centum
869 948 903 1009 ot
924 942 1154 1026 quinquaginta
1174 943 1263 1010 libris
1286 943 1528 1010 condemnetur.

521 1171 589 1216 ou.
612 1171 691 1215 xm.
715 1171 758 1215 DE
780 1169 948 1216 nomomlo
970 1173 1010 1215 H*
1032 1171 1278 1218 unumunurm
1299 1173 1437 1216 ul.

396 1287 479 1353 Item
502 1291 658 1353 amictum
681 1292 714 1355 et
736 1287 919 1354 ordinatum
941 1294 1001 1364 eet,
1033 1288 1169 1370 quodsi
1197 1290 1268 1370 quis
1299 1289 1439 1370 aliquem
1472 1305 1598 1370 parcns·

354 1389 434 1457 serit
463 1409 534 1456 cum
563 1409 649 1474 enee,
681 1391 819 1473 cultello,
849 1391 968 1476 lancea,
999 1392 1050 1460 uel
1080 1399 1247 1475 spontane,
1276 1393 1329 1459 uel
1352 1391 1522 1474 similibus,
1552 1391 1594 1457 ita

353 1493 438 1576 qnod
460 1511 519 1576 per
534 1513 628 1561 ussus
643 1494 718 1562 inde
733 1500 878 1562 mortuus
900 1495 1007 1578 fucrit,
1030 1497 1083 1563 uel
1105 1495 1176 1579 qui'
1198 1514 1290 1579 opem
1313 1495 1355 1562 ad
1374 1495 1525 1577 predicta
1539 1493 1593 1561 de-

355 1598 446 1678 derit,
470 1597 622 1680 puniatur
637 1599 753 1684 capita,
777 1601 804 1666 ei
820 1601 892 1684 capi
906 1604 1026 1682 poterit
1041 1605 1075 1667 ct
1090 1601 1116 1666 si
1132 1617 1195 1666 non
1214 1599 1333 1681 poterit
1347 1599 1427 1683 cepi,
1446 1597 1597 1664 ducenm

353 1700 451 1767 librae
482 1701 616 1784 quilibet
645 1721 755 1769 eorum
778 1703 942 1786 persoluat
964 1709 998 1770 et
1021 1721 1131 1770 eorum
1153 1704 1258 1770 omnia
1279 1703 1365 1769 bona
1387 1702 1595 1768 deunstentur

354 1809 387 1871 et
408 1823 537 1889 semper
558 1807 623 1872 sint
644 1807 763 1874 inculte
785 1812 818 1874 et
841 1807 970 1873 desero
992 1813 1027 1874 et
1048 1807 1206 1873 communi
1221 1807 1432 1890 applicentur,
1456 1806 1593 1872 ubicum-

353 1925 416 1990 que
437 1911 659 1976 inuenircntnr
681 1912 714 1976 in
737 1911 886 1977 districtu
907 1911 1002 1976 huus
1025 1911 1164 1976 ciuitatis
1187 1915 1220 1977 et
1248 1915 1360 1990 extra;
1390 1915 1593 1992 preteream

355 2013 486 2080 ciuitate
507 2031 571 2080 non
603 2019 822 2094 reuertentur,
847 2014 949 2082 donec
970 2015 1150 2096 acceperint
1172 2014 1402 2097 quietationem
1424 2031 1445 2078 a
1467 2013 1593 2095 propin·

354 2117 528 2202 quioribus,
559 2117 755 2201 parentibus,
788 2135 845 2185 eeu
876 2119 1117 2202 consanguineis
1146 2115 1322 2196 interiecti;
1361 2117 1397 2182 in
1426 2134 1492 2198 quo
1522 2133 1592 2181 canu

354 2221 563 2286 restituantur
585 2221 615 2286 ei
634 2221 719 2286 bona
742 2221 827 2286 culta
859 2227 893 2286 et
922 2221 1050 2300 inculte,
1085 2220 1197 2288 solutis
1224 2221 1327 2304 primo
1353 2219 1512 2286 communi
1536 2219 1592 2284 du·

353 2324 454 2390 centis
483 2323 581 2390 libris.
617 2323 662 2389 Et
683 2324 829 2406 predicta
859 2324 963 2390 locum
993 2323 1134 2390 habeant
1166 2329 1322 2407 perpetuo
1351 2324 1385 2390 in
1417 2321 1591 2405 homicidiis

353 2423 446 2493 iactis
470 2433 502 2492 et
524 2425 677 2494 faciendis
701 2427 785 2494 inter
807 2427 985 2511 terrigenae
1008 2427 1102 2494 buius
1126 2427 1275 2494 ciuitatis.

397 2528 431 2596 si
453 2548 532 2597 uero
554 2530 637 2597 idem
660 2547 724 2596 non
746 2531 889 2613 perierit,
912 2529 969 2596 sed
991 2523 1125 2598 membri
1147 2531 1280 2598 abcuiue
1302 2530 1502 2598 habilitatem
1522 2547 1589 2612 per·

353 2632 478 2715 diderit,
502 2634 655 2718 puniatur
675 2635 709 2700 in
739 2639 868 2702 centum
898 2633 997 2702 libris.
1031 2634 1076 2702 Et
1105 2635 1189 2702 siin
1210 2634 1302 2702 uultu
1324 2635 1452 2718 plagam
1473 2633 1588 2714 ferent,

353 2736 533 2820 duplicetur
554 2756 647 2832 pqna.

541 2934 610 2979 ΟΔΡ.
633 2935 725 2978 xvm.
748 2936 791 2980 D!
813 2937 921 2980 ΠΟΒΠιΙ
942 2934 1188 2980 mmmm-'l
1210 2933 1409 2981 POPUMBH·

394 3051 477 3118 itam
499 3055 654 3118 statutum
678 3057 712 3119 et
735 3053 913 3120 ordinatum
936 3057 996 3132 est,
1020 3051 1107 3135 quod
1131 3051 1247 3134 siquis
1263 3051 1381 3118 nobilia
1400 3045 1590 3116 interfecerit
1693 3097 1694 3100 ,

352 3155 490 3237 aliquem
517 3156 714 3238 popularem,
747 3155 853 3224 soluat
883 3155 1006 3232 heredi,
1037 3155 1090 3222 uel
1120 3154 1307 3238 propinquis
1337 3154 1439 3237 ipsius
1469 3155 1589 3221 centurn

351 3256 449 3325 librae
472 3265 505 3324 et
528 3260 725 3327 tantumdem
749 3259 976 3326 communitati.
1002 3259 1094 3338 Quod
1115 3259 1143 3325 si
1158 3277 1221 3326 non
1236 3258 1370 3326 soluerit
1387 3255 1470 3324 intra
1484 3256 1588 3323 decem

352 3362 430 3442 (lies,
455 3380 540 3446 pena
562 3364 675 3446 capitis
699 3365 859 3446 puniatur.

595 3575 662 3620 (lAP.
688 3575 755 3618 xlx.
779 3575 822 3620 DE
843 3577 956 3622 ΒΡῙΜΔ
978 3577 1018 3620 E'l'
1039 3576 1128 3620 ADHB
1149 3575 1344 3619 mmclte.

395 3691 477 3758 Item
500 3695 655 3758 statutum
678 3697 711 3758 et
733 3691 913 3758 ordinatum
938 3697 999 3774 eet,
1023 3692 1108 3773 quod
1131 3691 1158 3758 ei
1180 3689 1252 3773 quie
1273 3689 1413 3772 aliquem
1428 3687 1588 3756 iniuriose⁸

352 3814 412 3879 per
432 3813 564 3878 pannos.
588 3795 642 3860 nal
657 3813 887 3878 quamcumque
902 3795 1044 3878 partem‘
1066 3795 1209 3877 corporis
1225 3793 1353 3876 ceperit,
1377 3811 1437 3875 pro
1454 3793 1588 3876 qualibet

353 3899 424 3966 uice
446 3900 597 3982 puniatur
626 3900 660 3964 in
681 3899 721 3963 xl
751 3899 878 3978 soldoe3
909 3901 937 3965 ei
959 3917 1082 3982 pannos
1111 3898 1274 3978 lacerant,
1305 3915 1364 3981 pro
1394 3899 1535 3980 captione
1556 3901 1588 3963 et

352 4002 544 4070 laceratione
565 4001 716 4084 puniatur
738 4003 771 4068 in
794 4005 934 4085 quinque
957 4002 1089 4083 librae⁵3
1124 4004 1152 4069 si
1173 4001 1308 4069 traxerb
1329 4019 1404 4068 eum
1426 4001 1585 4081 mouendo,

351 4105 384 4171 in
407 4105 518 4172 decem
540 4105 629 4172 libris
651 4105 813 4188 puniatur.

396 4208 431 4276 Si
454 4211 525 4292 quie
547 4210 684 4291 ailquem
706 4209 857 4276 iniuriose
880 4209 1042 4294 apinxerit,
1066 4227 1123 4290 pro
1139 4208 1284 4291 qualibet
1300 4209 1374 4276 uice
1397 4211 1541 4292 puniatur
1556 4207 1586 4272 in

352 4312 392 4379 xl
414 4312 532 4391 eoldis3
555 4314 583 4379 ei
605 4331 682 4380 uero
705 4313 860 4396 impulsus
883 4311 936 4378 uel
958 4317 1080 4379 tractus
1102 4312 1178 4381 inde
1200 4312 1362 4394 ceuderb,
1385 4331 1449 4396 pru
1459 4311 1587 4395 impube

403 4505 413 4541 ¹
430 4507 544 4568 Verba:
570 4508 619 4586 „in
634 4507 767 4568 ducentia
781 4537 825 4550 --
839 4499 950 4583 plaga“
968 4505 1074 4566 desunt
1095 4506 1126 4566 in
1147 4505 1226 4568 cod.
1250 4506 1359 4568 acad.
1382 4505 1417 4567 B.
1475 4501 1586 4565 ’Deeot

353 4595 384 4653 in
407 4593 486 4654 cod.
510 4593 617 4656 acad.
640 4592 678 4654 A.
750 4590 870 4654 ⁸00d.
893 4592 998 4655 acad.
1021 4592 1063 4654 B:
1089 4587 1167 4669 „ct‘.
1235 4590 1326 4670 ‘Ap
1351 4593 1478 4670 Ljub.:
1502 4607 1583 4668 ,que-

353 4696 469 4756 cunque
491 4677 607 4757 parte“.
677 4676 808 4740 ‘ibici
832 4679 938 4741 (imunt
959 4679 1066 4741 verba:
1093 4679 1137 4762 „ai
1159 4695 1273 4755 pannea
1295 4713 1339 4725 -
1361 4679 1482 4742 ΗΝ.
