3376 5392
1290 477 1348 536 145

121 677 265 762 placere3
288 677 344 745 sed
366 677 521 745 stantibus
544 677 667 762 legibus
690 677 804 744 nostris
827 677 1081 760 requisitionibus
1104 679 1169 746 suis
1192 680 1347 746 assentire

122 801 185 849 non
208 801 386 867 possumus.

164 887 215 952 Ad
236 890 411 970 septimum,
443 907 501 970 per
529 888 615 970 quod
638 881 863 976 supplicarunt,
894 893 931 954 91
960 889 1161 972 dignaremur
1190 889 1349 973 mandare,

122 993 208 1074 qnod
231 993 392 1060 auditores
415 994 515 1058 nostri
538 996 612 1058 noui
636 993 863 1060 sententiamm
891 995 1060 1061 obseruare
1083 993 1220 1060 debeant
1242 1011 1349 1060 eorum

120 1103 260 1163 statuta:
282 1097 513 1180 respondimus
538 1099 621 1180 quod
638 1118 746 1164 sumus
763 1100 901 1165 contenti
917 1097 1034 1164 dictum
1050 1105 1231 1181 preceptum
1247 1097 1354 1164 lacere

124 1203 215 1268 iuxta
237 1223 345 1269 eorum
369 1203 614 1285 requisitionem.

166 1306 217 1373 Ad
240 1313 386 1374 octauum
409 1315 442 1374 et
464 1307 617 1382 ultimum,
648 1327 706 1390 per
728 1309 812 1388 quod
839 1309 1064 1390 supplicarunt,
1096 1315 1131 1374 11
1153 1309 1355 1392 dignaremur

120 1413 278 1478 mandare
300 1412 399 1496 Baylo
421 1417 530 1478 nostro
553 1412 721 1495 Dirrachij,
746 1413 808 1497 qui,
832 1417 868 1478 ut
889 1419 1045 1496 esserunt,
1069 1433 1088 1478 a
1110 1419 1196 1480 certo
1211 1419 1355 1497 tempore
1449 1447 1452 1454 -

123 1519 207 1584 citra
227 1518 299 1582 uult
320 1517 493 1601 infringere
521 1521 625 1583 certos
655 1535 762 1583 corum
786 1517 1011 1592 immunitates,
1042 1536 1121 1599 quas
1144 1519 1235 1584 solite
1263 1524 1353 1584 erent

121 1622 383 1689 baberebarche
403 1641 463 1688 sue
486 1627 596 1720 euntes
627 1621 668 1686 ad
696 1627 822 1705 portum
850 1622 1005 1704 Dirrachij
1035 1641 1096 1704 que
1124 1623 1200 1688 nihil
1232 1624 1356 1690 soluere

124 1733 358 1794 consueuerant
379 1731 412 1792 91
434 1726 506 1790 9911
527 1725 726 1808 adstringere
749 1745 805 1791 eas
828 1728 869 1792 ad
892 1726 1092 1804 soluendum,
1126 1727 1355 1810 respondimus,

121 1833 210 1912 quod
232 1831 450 1897 mandabimus
473 1829 571 1912 Baylo
594 1837 702 1898 nostro
722 1831 865 1912 predicto
880 1831 1045 1914 Dirrocbij,
1069 1837 1105 1896 ut
1120 1833 1166 1897 eis
1183 1833 1354 1898 obseruare

123 1936 244 2002 debeat
266 1955 374 2002 eorum
397 1934 639 2001 consuetudines
663 1941 696 2000 et
719 1937 931 2001 immunitates
961 1941 1071 2001 91999
1094 1954 1157 2000 999
1179 1935 1354 2018 astringere

122 2047 236 2105 contre
258 2039 331 2105 illae
353 2039 394 2106 ad
417 2039 613 2116 soluendum,
636 2057 696 2104 nec
717 2040 763 2104 919
786 2039 850 2104 9119
873 2039 966 2106 modo
990 2039 1109 2121 aliquid
1131 2039 1290 2105 innouare.

168 2145 275 2222 Quare
299 2143 483 2209 mandamus
505 2141 614 2220 Vobis,
638 2149 792 2224 quatenus
816 2145 1046 2226 suprascriptas
1069 2149 1194 2211 nostras
1224 2161 1356 2226 respon-

75 2301 78 2304 .
121 2249 241 2332 919999,
265 2249 471 2331 inquantum
495 2249 535 2315 ad
558 2245 623 2312 Vos
646 2249 768 2332 attinet,
799 2249 845 2314 eis
874 2247 1044 2315 obseruare
1067 2254 1100 2314 et
1122 2249 1284 2344 obseruari
1307 2245 1353 2313 ia-

121 2371 197 2419 cere
219 2352 373 2419 debeatis.
821 2359 828 2382 ·’

168 2459 288 2524 Datum
311 2460 343 2523 in
366 2463 474 2524 nostro
498 2458 600 2526 ducali
624 2458 741 2542 palatio
757 2457 808 2524 die
828 2457 912 2540 19111.
936 2458 1051 2524 mensis
1074 2457 1161 2541 Julij,
1186 2457 1356 2522 indictione

121 2563 169 2646 iij.
193 2561 242 2628 Αἰ.
266 2563 442 2628 Mccccnxr.

114 2652 117 2657 ’
333 2667 515 2750 Atergo:

167 2771 334 2838 Nobilibus
356 2779 390 2837 et
412 2771 608 2854 sapientibus
633 2771 706 2852 viris
728 2771 901 2856 Pangratio
925 2753 1072 2853 Georgia,
1097 2772 1202 2838 comiti
1224 2769 1357 2836 curzule

123 2881 159 2942 et
180 2875 418 2942 successoribus
437 2877 510 2942 9919.
565 2917 570 2928 ·
1407 2858 1411 2884 '

534 3091 565 3134 v.
588 3092 723 3135 nrnrnnn
745 3091 876 3134 9991119
899 3079 955 3149 111,

121 3169 152 3225 in
170 3185 228 3240 quc
244 3170 278 3225 de
296 3170 409 3226 ecclesia
427 3177 455 3225 et
473 3170 559 3225 vinela
577 3187 629 3226 ser.
641 3171 757 3226 loannis
774 3171 803 3225 in
821 3170 983 3239 Lumbarda,
1001 3170 1073 3240 quod
1090 3177 1132 3227 ter
1148 3171 1177 3225 in
1189 3169 1358 3227 hebdomada

478 3257 631 3313 celebretur
648 3260 731 3315 misse
748 3259 775 3313 in
795 3258 868 3314 dicto
884 3259 1006 3315 ecclesia.

170 3381 360 3449 Franciscuo
383 3381 515 3460 Foacuri
536 3381 598 3448 Da·
616 3386 724 3469 pratia
744 3385 810 3450 duc
839 3383 1035 3448 Veneriorum
1057 3393 1109 3449 etc.

168 3503 337 3570 Nobilibus
359 3510 393 3570 ct
415 3504 610 3586 sapientibus
632 3505 708 3570 viris
731 3505 901 3587 Pangratio
925 3505 1064 3587 Georgio
1081 3505 1120 3572 de
1136 3525 1195 3572 suo
1209 3505 1357 3572 mandato

124 3609 235 3675 comiti
257 3607 412 3675 Curzulae
434 3616 469 3674 et
490 3609 726 3675 successoribus
749 3609 815 3675 suis
838 3608 985 3676 fidelibus
1015 3609 1137 3676 dilectis
1167 3609 1301 3676 salutem
1324 3615 1357 3676 91

125 3713 304 3780 dilectionis
326 3711 485 3780 allectum.

169 3819 358 3901 Recepimus
381 3825 508 3884 uestras
531 3818 665 3892 litteras,
689 3837 747 3900 per
769 3837 848 3900 quas
870 3818 1052 3902 hortamini,
1084 3819 1168 3900 quod
1198 3819 1353 3902 quaedam

125 3921 262 3990 ecclesia
277 3922 361 3988 tituli
377 3924 479 3988 sancti
495 3909 628 3988 loannis
643 3925 730 3988 iuxta
746 3923 850 3990 casale
866 3924 1057 3989 nominatum
1077 3925 1259 3990 Lumbarda
1273 3925 1357 3990 illins

125 4027 261 4102 insulae,
285 4046 366 4109 quae
389 4027 506 4093 dudum
522 4027 583 4093 fuit
604 4027 840 4108 monasterium,
865 4029 933 4094 eius
950 4030 1092 4095 redditus
1109 4029 1261 4095 diuiditur
1276 4030 1357 4096 inter

125 4132 317 4212 saeculares,
345 4133 514 4199 reducatur
535 4133 567 4196 in
590 4133 768 4211 terminum,
799 4139 835 4198 91
857 4139 907 4199 991
929 4135 1054 4212 iustum,
1078 4134 1162 4215 quod
1186 4135 1265 4201 tales
1288 4136 1356 4200 eius

125 4237 272 4304 redditus
294 4238 328 4302 in
350 4238 451 4320 ipsam
481 4237 646 4302 ecclesiam
676 4243 885 4321 reuertentur,
916 4243 949 4305 et
972 4239 1056 4320 quod
1079 4240 1149 4320 ipsa
1170 4240 1302 4306 ecclesia
1325 4245 1358 4305 et

126 4341 217 4409 locus
239 4343 302 4409 1919
326 4341 474 4408 deueniet
495 4341 527 4406 in
551 4361 660 4407 manus
690 4341 822 4406 alicuius
853 4343 1030 4425 presbyteri
1059 4335 1141 4426 boni,
1175 4345 1228 4426 qui
1251 4345 1359 4410 diuina

126 4447 247 4514 ibidem
270 4447 410 4514 celebret
432 4453 466 4512 et
488 4447 520 4510 in
543 4447 668 4512 culmen
690 4445 775 4511 illam
798 4452 913 4526 teneat,
939 4449 991 4528 qui
1015 4455 1160 4514 teneatur
1174 4449 1302 4514 missam
1324 4450 1356 4514 in

125 4553 237 4620 oedem
262 4551 376 4618 saltem
400 4549 511 4616 diebus
539 4551 641 4616 tribus
663 4552 695 4615 in
717 4551 916 4616 hebdomade
947 4553 1117 4629 celebrere,
1150 4559 1183 4620 et
1206 4553 1359 4621 dediciis

124 4641 300 4724 redditibus
331 4653 473 4721 eamdem
503 4660 613 4720 199919
642 4655 682 4722 de
711 4661 853 4738 tempore
868 4657 900 4721 in
915 4661 1040 4740 tempus
1057 4659 1090 4723 in
1112 4663 1301 4741 augumento
1325 4662 1358 4723 et

124 4763 206 4830 bono
228 4761 368 4828 culmine
389 4765 423 4826 et
445 4777 554 4827 eorum
584 4759 744 4826 residuum
774 4767 938 4827 remaneat
967 4763 1152 4845 presbytero
1182 4761 1356 4844 praelibato

1168 4873 1208 4932 10
