3376 5392
1277 424 1335 484 159
1432 417 1434 424 ’

95 616 311 698 gentilomeni
335 617 365 682 el
386 616 567 684 recendeua
596 618 648 682 alli
672 621 782 700 poueri
805 622 949 702 populari
979 627 999 686 t
1024 641 1119 690 reson
1142 625 1182 692 de
1204 625 1261 708 ij
1285 644 1342 708 per

97 723 204 805 stem,
229 721 258 786 el
281 721 356 801 qual
382 719 538 788 tormento
562 741 617 788 era
641 724 726 788 della
749 724 887 806 signoria
911 732 1024 792 vostra.
1048 728 1126 794 Item
1151 729 1209 796 che
1230 731 1241 796 i
1265 731 1344 796 detti

95 825 309 906 gentilomeui
339 825 442 891 hanno
473 826 570 892 eletto
594 845 651 908 per
673 829 848 908 caucellier,
879 837 910 896 et
939 831 1010 912 qual
1035 836 1053 897 e
1076 839 1189 900 stretto
1211 841 1343 917 parente

97 928 146 993 de
170 929 375 1012 gentilomeni
398 937 430 996 et
452 935 471 996 e
494 932 533 996 de
546 932 682 1016 blesim,
707 935 750 998 lui
772 935 836 1000 tien
860 935 944 1002 dalla
967 945 1056 1018 parte
1080 938 1119 1004 de
1139 939 1342 1020 gentilomcni

98 1041 138 1098 et
163 1033 198 1098 fa
221 1036 293 1118 ogni
315 1034 378 1099 mal
402 1035 458 1100 che
481 1035 556 1118 puol
580 1037 610 1102 al
634 1039 749 1118 pouolo
773 1037 942 1106 larandose
967 1047 1134 1126 strapager
1157 1043 1241 1110 delle
1264 1046 1339 1110 scri·

99 1144 204 1218 ptura
226 1143 246 1202 b
268 1139 363 1222 quelli
387 1139 438 1204 del
463 1141 577 1221 pouolo
600 1161 620 1206 a
643 1143 827 1223 requisitiou
850 1145 924 1211 delli
948 1147 1149 1226 gentilomenl
1172 1166 1241 1213 cum
1257 1150 1340 1215 assai

102 1242 193 1308 altre
217 1245 373 1309 estnrsion
397 1245 427 1308 el
451 1247 580 1327 ingurie,
605 1248 661 1312 che
685 1248 705 1312 li
730 1249 834 1330 piaqui
859 1250 920 1314 alla
944 1257 1049 1316 vostro
1064 1251 1202 1334 signoria
1216 1254 1342 1320 ordiner

101 1345 168 1411 che
193 1347 223 1412 el
245 1353 355 1426 rettor,
379 1348 437 1414 che
458 1355 575 1417 uenero
590 1352 630 1416 da
646 1351 779 1418 Venetia
795 1373 887 1418 meua
905 1373 966 1420 uuo
983 1356 1136 1422 cencclier
1151 1376 1221 1423 cum
1237 1359 1279 1423 lui
1295 1360 1340 1424 al-

100 1455 267 1518 tramente
289 1453 300 1516 i
322 1456 480 1534 pouerettl
502 1474 564 1520 non
586 1457 661 1538 puol
684 1459 801 1524 uiuere.
826 1459 906 1523 Item
921 1459 979 1525 che
1001 1460 1021 1524 li
1044 1461 1246 1544 gentilomcui
1268 1464 1341 1530 uicu

103 1560 127 1620 b
154 1555 293 1622 Venetia
322 1562 342 1622 t
371 1577 464 1642 spese
494 1561 545 1624 del
576 1579 718 1628 commun
749 1585 766 1628 e
798 1563 820 1628 li
851 1565 993 1645 populari
1017 1566 1079 1632 elle
1102 1586 1194 1648 spese
1218 1569 1344 1650 proprie

104 1667 225 1727 contra
248 1663 321 1745 ogni
344 1665 458 1746 equita,
483 1665 540 1731 che
563 1666 593 1731 la
615 1684 689 1732 cosa
711 1669 758 1732 sia
780 1669 901 1750 eguale,
919 1669 975 1735 che
992 1671 1089 1737 anche
1105 1673 1114 1736 i
1130 1673 1272 1754 populari
1289 1693 1343 1738 ue·

104 1767 188 1850 gnia
210 1767 272 1833 alle
295 1788 389 1852 spese
411 1770 463 1836 del
486 1789 638 1850 commun,
664 1791 740 1838 ouer
762 1773 820 1840 che
841 1775 863 1838 li
883 1774 961 1840 detti
977 1776 1180 1857 gentilomeni
1195 1777 1345 1862 uegniab

105 1891 171 1938 sue
186 1875 314 1955 proprie
330 1893 423 1956 spese
439 1875 538 1940 anche
554 1875 653 1954 luoro,
669 1877 785 1958 perche
800 1878 811 1942 i
826 1879 971 1961 populari
986 1899 1025 1946 xe
1036 1880 1135 1948 anche
1147 1881 1179 1946 in
1191 1900 1344 1948 commun.

155 1977 262 2044 Tenor
284 1985 389 2045 autem
411 1981 650 2062 responsionum
671 1983 743 2047 talis
766 1989 825 2063 est,
851 1983 1014 2050 uidelicet:

156 2081 207 2148 Ad
231 2084 364 2165 primum
388 2085 427 2151 de
449 2087 571 2165 comite,
596 2087 648 2167 qui
672 2088 798 2171 eligitur
813 2109 832 2153 a
847 2090 1004 2154 nobilibus
1020 2089 1190 2170 Curzulae3
1214 2111 1343 2174 respon·

108 2190 237 2270 deutur,
262 2191 347 2272 quod
369 2189 481 2258 electio
512 2193 559 2258 sui
583 2193 705 2260 comitis
727 2192 763 2258 lit
785 2195 866 2259 sicut
887 2195 943 2260 illa
965 2196 1169 2262 communitas
1192 2196 1292 2263 uoluit
1314 2201 1348 2262 et

108 2295 155 2361 de
178 2297 283 2376 gratia
304 2296 404 2379 petiit,
428 2297 553 2378 quando
576 2299 663 2365 uenit
685 2299 726 2364 ad
749 2299 959 2364 obedientiam
983 2307 1140 2378 nostram,
1164 2301 1220 2367 sed
1236 2302 1262 2366 si
1278 2302 1347 2382 ipse

109 2419 222 2466 comes
244 2401 321 2466 facit
342 2402 469 2484 aliquid,
494 2404 578 2484 quod
601 2423 664 2470 uon
684 2406 726 2470 sit
740 2405 857 2470 iustum
873 2411 929 2469 aut
944 2403 1153 2484 benefactum,
1177 2405 1347 2488 appellatio

110 2508 355 2586 aduocatorum,
375 2509 424 2574 vel
447 2510 625 2576 auditorum
648 2512 873 2576 sententiarum
897 2529 1020 2592 semper·
1045 2516 1155 2592 parata
1178 2516 1236 2576 est.

158 2611 210 2677 Ad
233 2613 403 2678 secundum
427 2614 467 2680 de
492 2615 651 2700 custodiis,
684 2632 766 2696 quae
788 2613 868 2680 fiunt
890 2617 922 2679 in
945 2616 1083 2694 ciuitate,
1109 2621 1254 2682 seruetur
1276 2633 1349 2681 con-

110 2719 263 2803 suetudo,
288 2719 344 2784 sed
360 2724 502 2800 tempore
519 2720 604 2802 pacis
621 2738 683 2784 non
699 2722 823 2802 possint
838 2721 983 2801 deputari
999 2720 1040 2784 ad
1056 2721 1229 2786 custodiam
1244 2725 1350 2785 tarrae

110 2823 202 2888 ultra
223 2824 264 2906 xij
287 2829 420 2903 tantum,
453 2825 480 2890 si
509 2825 669 2892 uidebitur
691 2825 867 2891 rectoribus
890 2826 935 2890 ita
957 2844 1029 2890 esse
1051 2826 1271 2900 necessarium,
1297 2825 1350 2906 qiii

113 2935 225 2994 tamen
255 2947 313 3011 per
342 2935 497 2994 rectorem
529 2930 631 2996 solum
662 2931 854 3012 deputentur
876 2929 963 2995 iuxta
987 2929 1118 2996 lormam
1142 2935 1350 3015 statutorum

115 3034 150 3098 in
175 3039 317 3116 tempore
339 3039 445 3100 autem
469 3053 604 3116 guerrae
628 3035 800 3117 deputetur
822 3036 875 3102 ille
898 3054 1055 3114 numerus
1080 3053 1150 3100 cum
1173 3034 1351 3102 conditione

117 3147 235 3219 tamen,
268 3138 352 3221 quod
381 3158 473 3206 nemo
504 3140 657 3208 dictorum
682 3142 903 3223 deputatorum
928 3141 1029 3223 possit
1052 3139 1172 3206 seruire
1196 3139 1350 3224 cuiquam,

117 3245 204 3309 sicut
226 3245 259 3308 in
281 3245 534 3312 concessionibus
556 3247 672 3312 nostris
695 3245 785 3311 lactis
807 3245 853 3310 illi
869 3245 1083 3311 communitati
1099 3243 1283 3322 Mccccxxxi,
1301 3243 1351 3308 die

115 3351 180 3415 xix.
211 3349 400 3417 Nouembris
433 3351 528 3416 tertio
559 3351 696 3432 capitulo
730 3352 924 3430 continetur3
959 3349 1104 3416 addendo
1134 3350 1237 3430 etiam,
1269 3348 1353 3429 quod

116 3461 235 3532 rector,
252 3457 305 3536 qni
321 3455 424 3520 dictae
439 3455 634 3521 concessioni
651 3453 881 3532 contrafecerit,
898 3453 991 3520 cadat
1004 3453 1044 3519 ad
1059 3471 1192 3536 poenam
1205 3453 1353 3518 librarum

117 3565 256 3635 centum,
281 3577 374 3640 quam
397 3559 524 3643 exigant
546 3561 754 3625 aduocatores
777 3560 959 3642 commuuio,
982 3559 1034 3624 uel
1057 3559 1208 3630 sindica,

164 3663 215 3728 Ad
236 3666 364 3730 tertium
388 3665 427 3730 de
451 3665 598 3748 operibus
622 3671 655 3730 et
677 3666 717 3732 de
733 3665 868 3747 publicis
885 3664 1123 3747 respondeatur,
1141 3662 1224 3744 quod
1242 3661 1355 3728 similia

121 3789 225 3852 opera
247 3775 280 3835 et
302 3771 429 3852 publica
452 3769 533 3836 liunt
554 3771 671 3853 ubique
693 3791 750 3853 per
772 3771 915 3838 homines
939 3767 1151 3836 districtuales
1174 3774 1208 3834 et
1223 3785 1285 3833 non
1300 3785 1357 3848 per

118 3875 254 3960 nobiles,
279 3875 329 3940 vel
346 3876 448 3954 ciues;
472 3877 528 3942 sed
543 3877 624 3940 bene
641 3875 846 3948 declaramus,
864 3875 947 3957 quod
963 3874 1077 3940 similia
1092 3893 1190 3955 opera
1204 3871 1351 3938 uolumus

120 3981 263 4050 ordinari
293 4001 351 4064 per
374 3981 519 4047 comitem
542 3981 644 4047 solum
669 3985 702 4046 et
724 4000 787 4045 non
808 4000 867 4062 per
889 3981 968 4045 alias
992 3997 1143 4061 personas
1165 3977 1229 4044 ullo
1252 3977 1355 4056 modo,

123 4092 159 4154 et
181 4086 267 4169 quod
289 4105 385 4168 opera
408 4086 600 4167 deputentur
620 4105 677 4170 pro
702 4086 797 4150 rebus
819 4085 952 4167 publicis
969 4084 1184 4166 spectantibus
1208 4081 1249 4147 ad
1272 4099 1356 4147 com·

119 4192 309 4257 munitatem
339 4191 530 4273 generaliter
559 4211 620 4256 nou
651 4196 757 4256 autem
789 4191 829 4255 ad
859 4189 1079 4272 particularem
1104 4187 1358 4254 commoditatem

119 4297 282 4364 nobilium

164 4401 215 4468 Ad
237 4408 384 4484 quartum
417 4401 457 4468 de
489 4402 628 4484 angarijs
652 4402 691 4466 de
715 4407 805 4468 extra
827 4400 961 4466 insulam
984 4397 1096 4465 fiendis
1119 4395 1357 4478 respondeatur,

123 4508 209 4590 quod
232 4515 381 4574 seruetur
403 4506 606 4572 consuetudo.

164 4612 214 4679 Ad
239 4614 382 4696 quintum
406 4611 445 4678 de
469 4613 613 4690 terrenis,
646 4629 728 4694 quae
760 4630 822 4676 non
851 4611 1037 4692 permittunt
1059 4607 1205 4689 plantari,
1229 4624 1359 4686 respon·

102 4717 243 4798 deatur,
278 4717 364 4801 quod
396 4715 690 4783 sumus-inlormati
722 4715 810 4780 illam
832 4713 965 4780 insulam
989 4731 1046 4794 per
1068 4721 1134 4779 tres
1156 4717 1264 4794 partes
1288 4729 1359 4776 esse
