3416 5350
1342 409 1402 474 135

156 615 244 697 palis
267 633 413 697 persone,
438 623 494 682 aut
515 621 647 698 propter
669 617 845 684 absentiam
866 617 997 683 testium
1020 616 1123 682 dictus
1145 633 1315 698 processus
1339 633 1402 680 uon

156 725 275 800 posset
296 718 379 784 inira
401 719 519 786 dictum
542 720 712 786 terminum
733 720 873 802 legitime
896 719 1068 812 terminari.

356 949 422 996 oua
445 951 490 992 ru.
513 951 556 994 nn
578 951 695 999 onnnrp
718 951 752 994 nu
773 950 958 995 mammons
981 928 1212 996 oasuaosrun01.

207 1063 287 1128 Item
310 1069 463 1131 statutum
486 1069 519 1132 et
542 1066 722 1132 ordinatum
746 1071 804 1143 est,
840 1066 923 1147 quod
947 1066 979 1130 in
1001 1083 1155 1147 processu
1177 1062 1404 1129 maleficiorum

162 1165 239 1231 talis
263 1169 338 1236 ordo
362 1173 518 1248 seruetur,
542 1169 708 1235 uidelicet:
740 1170 824 1252 quod
848 1170 916 1236 siue
937 1169 1128 1251 procedatur
1151 1187 1208 1250 per
1230 1167 1405 1233 accusatio·

164 1287 250 1349 nem,
275 1269 340 1338 siue
370 1291 427 1354 per
450 1273 729 1356 denuntiationem,
762 1272 830 1339 siue
852 1292 911 1353 per
932 1272 1177 1353 inquisitionem,
1210 1273 1327 1336 citetur
1348 1288 1406 1351 per

164 1372 328 1453 riuarium,
358 1377 426 1442 siue
458 1375 664 1458 platearium²
694 1376 786 1442 dicti³
808 1378 983 1442 communis
1013 1382 1192 1453 accusatus,
1224 1373 1407 1440 denutiatus

165 1476 221 1542 uel
243 1476 419 1560 inquisitus,
444 1480 529 1560 quod
552 1481 697 1560 sequenti
717 1480 769 1545 die
783 1485 858 1562 post
881 1481 1061 1546 citationem
1085 1479 1299 1561 personaliter
1321 1495 1404 1543 com·

162 1585 284 1670 pareat
306 1587 338 1646 at
358 1600 540 1666 comparere
564 1584 680 1649 debeat
702 1599 807 1649 coram
831 1585 957 1649 domino
984 1589 1144 1664 potestate
1167 1588 1200 1649 et
1223 1584 1319 1667 curia,
1350 1582 1403 1648 uel

169 1681 354 1751 offitialibus
384 1688 460 1754 dicti
489 1687 662 1753 communis
693 1689 790 1754 adse
813 1687 1027 1753 excusandum
1051 1693 1084 1754 et
1107 1686 1342 1753 defendendum
1364 1686 1404 1750 ab

165 1791 376 1870 accusatione,
400 1791 468 1856 uel⁴
484 1791 731 1872 denuntiatione,
755 1791 807 1855 uel
829 1791 1042 1872 inquisitione,
1066 1807 1128 1870 que
1144 1788 1180 1855 iit
1196 1795 1306 1855 contra
1321 1807 1403 1854 eum.

209 1891 254 1956 Et
277 1893 304 1957 si
326 1894 357 1956 in
379 1897 513 1962 termino
536 1895 620 1975 dictq
644 1896 801 1961 citationis
820 1912 883 1959 non
900 1895 1119 1975 comparuerit,
1144 1895 1170 1960 si
1193 1893 1404 1975 personaliter

162 1992 261 2060 fuerit
284 1996 410 2077 citatus
442 2001 549 2082 elapso
572 2001 654 2066 dicto
678 2001 813 2066 termino
836 2018 894 2080 per
917 1999 1077 2075 riuarium,
1107 1999 1174 2063 siue
1198 1996 1402 2080 platearium⁶

163 2097 240 2163 dicti
262 2103 436 2166 communis
458 2103 582 2183 publice
605 2109 640 2168 et
659 2103 725 2169 alta
747 2120 826 2169 noce
848 2103 880 2166 in
904 2103 1011 2183 platea
1034 2103 1108 2168 dicti
1133 2102 1313 2180 communis,
1339 2118 1401 2180 quq

162 2206 213 2266 est
235 2209 310 2269 ante
340 2206 503 2271 ecclesiam
533 2207 633 2272 sancti
657 2207 831 2288 Laurentij,
864 2211 1003 2288 ponatur
1025 2207 1055 2270 in
1076 2205 1182 2270 bando
1213 2204 1288 2269 dicti
1318 2221 1401 2268 com-

163 2305 277 2385 munis,
302 2307 334 2372 in
358 2327 418 2390 quo
440 2308 544 2375 bando
574 2311 729 2376 temnimus
752 2313 846 2376 trium
881 2311 1002 2376 dierum
1026 2309 1086 2375 sibi
1109 2309 1226 2374 debeat
1247 2307 1403 2390 assignari

161 2409 203 2474 ad
233 2412 478 2492 comparendum
510 2414 722 2494 personaliter
753 2431 858 2480 coram
889 2419 1013 2480 rectore
1045 2418 1078 2480 et
1108 2411 1291 2480 offitialibus
1327 2411 1402 2476 dicti

162 2516 337 2580 communis
364 2516 406 2581 ad
436 2535 471 2584 se
499 2518 711 2584 excusandum
742 2525 775 2583 et
806 2517 1039 2584 defendendum
1070 2517 1110 2582 ab
1140 2515 1341 2582 accusatione
1371 2520 1403 2580 at

163 2617 413 2700 denuntiatione,
436 2622 488 2688 uel
510 2621 714 2703 inquisitione
736 2622 892 2704 predicta.

203 2723 250 2788 Et
265 2723 292 2788 si
307 2722 391 2790 iufra
406 2726 604 2807 predictum⁶
626 2728 795 2792 terminum
818 2745 879 2792 non
903 2726 1125 2807 comparuerit,
1147 2731 1224 2790 ωηο
1246 2724 1403 2790 habeatur

164 2844 223 2908 pro
246 2827 392 2894 confesso
415 2835 449 2896 et
471 2832 616 2896 conuictu
639 2849 735 2912 super
757 2829 921 2914 maleficio,
944 2829 1065 2912 dequo
1088 2828 1270 2910 proceditur
1292 2832 1404 2893 contra

161 2947 235 2995 eum
258 2935 292 2997 et
314 2937 478 3015 tamquam
508 2933 672 3000 confessus
695 2939 729 2998 et
751 2934 914 2999 conuictus
937 2933 1039 3015 possit
1062 2933 1290 3010 condemnari⁷,
1318 2949 1402 2998 com·

160 3039 275 3116 putato
297 3035 368 3117 ipso
390 3037 495 3104 banno
517 3037 551 3102 in
573 3036 858 3104 condamnatione⁸.

205 3138 240 3204 Si
258 3157 337 3205 uero
360 3140 476 3205 citatus
492 3141 525 3205 in
541 3157 637 3206 causa
659 3141 812 3206 criminali
828 3160 890 3206 non
905 3139 1002 3206 fuerit
1023 3140 1233 3221 personaliter
1254 3139 1402 3204 iuuentus

161 3249 196 3308 et
211 3243 326 3324 aliquis
341 3261 418 3310 suus
441 3244 703 3325 consanguineus,
727 3244 922 3322 coniunctus,
946 3245 1075 3325 amicus,
1099 3244 1168 3309 uel’
1182 3243 1304 3308 uicinus
1320 3261 1403 3308 com-

162 3347 307 3430 paruerit
328 3346 413 3412 inira
435 3347 605 3414 terminum
636 3347 711 3413 dicti
741 3347 837 3413 bandi
861 3366 967 3414 coram
990 3353 1115 3414 rectore
1144 3347 1197 3411 uel
1221 3344 1403 3412 offitialibus

161 3451 303 3516 ciuitatis
327 3449 450 3532 Spalati
481 3457 514 3517 et
544 3451 740 3534 allegauerit,
770 3452 855 3533 quod
885 3452 988 3516 dictus
1018 3451 1134 3516 citatus
1164 3455 1214 3515 est
1243 3451 1404 3515 absensa

161 3554 292 3619 ciuitate
315 3552 438 3635 Spalati
454 3560 488 3620 et
503 3555 647 3620 districtu
670 3555 739 3620 eius
756 3561 789 3620 et
806 3555 846 3619 de
867 3555 926 3620 hoc
948 3553 1005 3619 fiat
1027 3553 1106 3621 fidas
1129 3555 1160 3618 in
1183 3553 1303 3628 iuditio,
1328 3556 1404 3616 tunc

162 3661 269 3724 rector
290 3676 348 3722 seu
372 3656 519 3723 offitiales
542 3657 626 3739 dicte
653 3658 793 3724 ciuitatis
817 3663 958 3724 statuant
980 3658 1148 3723 terminum
1171 3659 1402 3736 competentem

160 3760 334 3826 secundum
357 3761 415 3827 loci
432 3761 651 3826 distanciam¹⁰
665 3763 706 3827 ad
722 3762 966 3843 comparendum
990 3761 1051 3842 ipsi
1074 3760 1171 3824 citato
1193 3757 1405 3840 personaliter

164 3863 196 3929 in
213 3863 327 3930 iuditio
344 3863 384 3929 ad
401 3883 437 3929 se
452 3865 665 3930 excusandum
681 3871 714 3930 at
729 3864 962 3930 defendendum
977 3863 1010 3929 in
1027 3864 1112 3928 dicta
1131 3879 1226 3927 causa
1241 3859 1405 3925 criminali.

203 3967 249 4032 Et
266 3968 293 4031 ai
310 3985 372 4032 non
388 3967 601 4050 comparuerit
616 3968 648 4032 in
665 3968 751 4034 dicto
769 3968 913 4046 termino,
937 3974 1013 4032 tunc
1028 3969 1160 4048 propter
1175 3963 1405 4036 contumaciam

160 4072 230 4138 eius
252 4070 411 4136 habeatur
439 4089 498 4152 pro
527 4070 672 4138 confesso
696 4077 729 4137 et
751 4073 897 4138 conuicto
921 4077 954 4136 et
975 4069 1168 4152 procedatur
1197 4071 1308 4132 contra
1331 4084 1403 4131 eum

159 4174 201 4241 ad
224 4172 553 4240 condemnationem¹1
575 4173 749 4239 secondom
780 4191 890 4256 penas,
922 4177 1088 4238 contentas
1111 4173 1144 4236 in
1167 4174 1288 4236 statuto
1319 4167 1404 4248 dicte

207 4313 218 4350 ¹
241 4317 299 4393 Ap.
316 4316 446 4392 Ljub.:
471 4317 669 4398 „seruando“.
728 4313 868 4378 ²ibid.:
893 4315 1107 4394 „plazarium“.
1169 4309 1287 4373 ³Deest
1309 4309 1403 4369 ibid.

164 4400 336 4464 ‘Deestin
354 4403 434 4463 cod.
458 4403 715 4490 acadssetap.
732 4401 841 4478 Ljub.
902 4399 985 4490 Ἦ.
1002 4401 1104 4462 admi
1168 4397 1258 4474 6Αη.
1275 4397 1401 4472 Ljub:

163 4489 322 4565 „dictum“.
394 4487 406 4523 ⁷
429 4489 513 4550 Ood.
538 4489 644 4550 acad.
668 4489 709 4548 B:
737 4483 993 4570 ,condempnari“.
1057 4483 1201 4546 tibin:
1228 4483 1402 4558 „condemp-

159 4576 307 4638 natione“.
423 4572 548 4635 ’Deest
576 4593 625 4651 ap.
656 4575 764 4650 Ljub.
879 4571 908 4608 ¹⁰
930 4574 1038 4636 ibid:
1072 4573 1185 4650 ,locum
1213 4570 1400 4631 dietantem“.

163 4659 189 4696 ¹¹
211 4662 300 4725 Ood.
324 4662 430 4726 acad.
454 4662 495 4722 B:
522 4655 864 4740 ,condempnationam“.
