3376 5392
307 463 371 534 214

308 668 452 735 siderans
482 673 648 749 praeterea
681 668 762 734 hanc
792 685 859 736 rem
892 675 925 734 at
956 668 1071 734 thedae
1103 669 1328 734 extructionem
1360 673 1488 734 uertere
1514 668 1545 732 in

307 792 456 856 magnum
480 774 627 840 damnum
650 778 683 840 et
705 773 925 840 detrimentum
949 774 1047 840 totins
1070 773 1207 838 ciuitatis
1223 779 1256 838 et
1270 772 1401 854 insulae,
1427 777 1459 835 et
1479 769 1543 835 niso

307 883 339 944 et
362 878 469 943 andito
492 878 659 960 priuilegio
684 897 741 960 per
763 876 939 960 praefatum
964 877 1211 943 illustrissimum
1240 883 1273 942 ot
1304 877 1415 942 ducale
1448 876 1543 940 domi-

306 983 394 1049 nium
417 984 490 1048 huic
512 984 631 1049 ciuitati
654 1001 803 1048 concesso
827 987 860 1049 et
882 983 1092 1065 prohibitione
1115 982 1208 1048 huius
1231 983 1277 1049 rei
1292 983 1324 1046 in
1340 1001 1378 1047 eo
1399 985 1546 1046 contenta

307 1094 340 1155 ot
362 1089 432 1153 nisa
454 1089 534 1172 lege,
562 1095 595 1155 et
625 1089 782 1156 sententia
811 1107 868 1170 per
899 1088 967 1154 eins
1000 1107 1235 1170 praecessorem
1264 1087 1348 1152 iacta
1380 1092 1414 1150 et
1440 1085 1546 1150 habita

307 1194 401 1259 etiam
426 1193 465 1258 de
488 1194 548 1258 hac
571 1213 605 1260 re
627 1193 849 1258 nonnullorum
871 1193 1030 1258 hominnm
1053 1199 1118 1258 tam
1141 1193 1299 1268 nobilium,
1325 1211 1419 1273 quam
1449 1211 1545 1274 popn·

306 1297 419 1363 larium
441 1297 662 1365 informatione
686 1303 718 1362 et
741 1297 857 1362 auditis
881 1298 1045 1363 audiendis
1069 1303 1102 1364 et
1124 1297 1290 1364 intellectis
1316 1295 1541 1378 intelligendis,

305 1419 343 1466 ac
374 1402 581 1468 consideratis
615 1401 859 1480 considerandis,
895 1401 1099 1468 sententianit
1132 1407 1166 1466 et
1201 1401 1432 1470 determinauit.
1467 1417 1545 1480 qoa-

306 1511 399 1573 tenus
433 1526 523 1572 nemo
559 1507 682 1572 aduena
711 1511 744 1572 et
776 1504 918 1584 lorensis,
943 1506 1167 1587 cuiuscumque
1203 1505 1264 1572 loci
1294 1510 1328 1570 et
1357 1504 1541 1570 conditionis

307 1612 432 1689 existat,
456 1611 590 1692 posthac
612 1611 728 1676 audeat
749 1610 887 1675 incidere
920 1629 978 1674 nec
997 1629 1054 1692 per
1077 1629 1122 1688 se,
1145 1627 1247 1691 neque
1269 1629 1326 1691 per
1348 1609 1445 1673 alium
1479 1609 1543 1674 the-

308 1718 390 1794 dam,
414 1734 516 1797 neque
540 1736 610 1781 eam
634 1735 673 1780 ex
694 1715 753 1780 lrac
774 1715 877 1780 insula
899 1715 984 1780 foras
1015 1720 1182 1796 exportare
1212 1719 1246 1780 et
1272 1715 1312 1779 ad
1344 1714 1449 1779 aliena
1477 1714 1544 1778 loca

307 1839 375 1886 eam
399 1821 574 1886 conducere
606 1821 664 1885 sub
695 1839 797 1902 poena
820 1821 1035 1900 iperperorum
1065 1819 1315 1901 uigintiqninqne
1337 1825 1370 1884 et
1392 1817 1543 1898 perdendi

306 1925 453 1990 barcham
478 1931 510 1990 et
533 1925 645 2002 omnia,
681 1926 816 2006 quaein
851 1924 935 1989 dicta
957 1923 1076 1990 barcho
1105 1926 1322 2006 reperiuntnr3
1354 1924 1438 1988 etsi
1468 1923 1542 1988 cinis

310 2031 424 2112 aliquis
456 2028 652 2094 Cumulatius
682 2028 874 2110 reperiretur
906 2029 1075 2110 praedictis
1112 2030 1258 2108 aduenis,
1283 2047 1339 2094 sen
1370 2027 1544 2094 forensibus

309 2135 520 2218 consensisse,
544 2139 599 2200 ant
622 2133 770 2198 auxilium
794 2134 920 2214 aliquod
944 2137 976 2199 et
998 2133 1140 2199 fauorem
1163 2134 1298 2218 dedisse,
1324 2134 1418 2200 cadat
1440 2133 1542 2198 statim

309 2242 347 2306 ad
382 2259 514 2322 poenam
549 2240 733 2305 ducatorum
772 2239 1006 2320 qninquaginta,
1042 2239 1130 2304 cuins
1157 2258 1279 2320 poenac
1317 2239 1471 2303 medietas
1506 2238 1545 2302 sit

307 2344 480 2410 communis
503 2351 537 2410 et
569 2343 670 2409 altera
703 2343 902 2408 accusatoris.
939 2341 1033 2408 Ciues
1056 2362 1131 2408 uero
1163 2349 1196 2407 et
1225 2343 1404 2425 terrigenae
1437 2360 1545 2407 omnes

308 2448 491 2532 praedictae
514 2448 635 2515 insulae
658 2447 813 2514 Gnrzulae
836 2447 909 2513 dnm
933 2465 1085 2528 praesens
1109 2447 1231 2512 datium
1261 2447 1466 2528 sappinorum
1490 2445 1545 2509 du-

308 2559 367 2630 rat,
392 2553 476 2633 quod
499 2550 568 2618 linit
590 2552 641 2617 die
663 2571 691 2616 x.
716 2551 858 2636 Januarij
875 2551 1015 2633 proxime
1036 2549 1134 2616 futuri
1157 2551 1198 2616 de
1220 2549 1401 2616 Mccccxciv.
1426 2551 1546 2632 possint

308 2663 342 2722 et
364 2657 493 2722 ualeant
523 2656 639 2721 dictam
669 2655 796 2720 thedam
828 2655 995 2721 extrahere
1026 2655 1198 2720 secundum
1229 2655 1488 2721 consuetudinem
1514 2659 1547 2718 et

309 2761 480 2827 secundnm
503 2760 588 2841 quod
617 2759 704 2840 prins
736 2757 804 2824 fieri
828 2759 968 2836 solebat3
1001 2759 1056 2823 scd
1084 2757 1173 2824 finito
1205 2764 1316 2840 postea
1345 2758 1429 2823 dicto
1459 2757 1545 2821 datio

310 2863 482 2946 supradicti
511 2866 606 2929 etiam
629 2863 714 2928 ciues
737 2868 771 2927 et
793 2863 973 2944 terrigenae
1003 2881 1064 2928 non
1092 2865 1223 2944 possint,
1247 2881 1306 2928 nco
1335 2862 1462 2927 ualeant
1485 2861 1546 2944 ipsi
1622 2881 1629 2906 =

310 2987 435 3050 quoqne
458 2968 586 3034 thedom
609 2967 758 3048 incidere,
782 2986 841 3034 nec
871 2985 940 3032 eam
963 2969 1094 3034 aduenis
1128 2973 1161 3032 et
1190 2966 1367 3033 forensibus
1398 2967 1545 3050 uendere,

310 3074 420 3140 autin
444 3073 564 3138 alienas
586 3081 689 3137 terras
721 3079 754 3138 et
775 3071 847 3138 loca
877 3072 1052 3139 conducere
1083 3073 1141 3138 snb
1173 3091 1277 3156 poena
1307 3072 1488 3152 supradicta
1514 3077 1548 3136 et

309 3184 345 3242 ut
367 3195 464 3258 supra
487 3176 664 3241 diuidenda.

353 3279 481 3346 Testes:
505 3281 649 3346 dominns
672 3280 787 3344 Petrus
810 3281 849 3344 de
873 3279 1009 3345 Obradis
1033 3281 1181 3359 vicarius,
1206 3279 1351 3346 dominus
1381 3281 1549 3362 presbyter

308 3385 450 3452 Marinus
472 3383 645 3462 Xilconicb
670 3403 730 3450 ser.
760 3385 905 3466 Raphael
936 3385 975 3450 de
1005 3384 1184 3464 Gabriellis‚
1210 3404 1271 3450 ser.
1301 3384 1457 3450 Antonius
1487 3385 1548 3450 Pa-

308 3492 396 3572 ridis,
421 3509 482 3558 ser.
505 3489 692 3558 Franciscus
718 3489 758 3554 de
780 3489 954 3556 Franciscis
984 3493 1018 3554 et
1048 3489 1099 3572 alij
1130 3489 1221 3554 multi
1249 3489 1366 3555 cncnm
1395 3495 1547 3556 astantes.

482 3705 546 3744 mxl.
569 3703 690 3747 omnimo
713 3703 948 3746 ADUOOATOEUM
971 3703 1131 3748 COMMUNIS
1154 3703 1371 3756 manuninum,

309 3781 380 3851 quod
399 3781 577 3838 Cnrzulenses
594 3788 745 3838 tractentur
763 3797 812 3851 pro
826 3782 938 3839 Venetis
956 3789 984 3838 et
1002 3797 1095 3838 eorum
1109 3783 1219 3852 nauigia
1232 3783 1340 3839 aolnant
1352 3782 1455 3838 datium
1477 3784 1550 3838 sicut

643 3870 753 3925 solunnt
771 3869 869 3926 Veneti
887 3869 921 3925 ad
940 3869 1053 3926 offitium
1072 3871 1211 3926 Leuantis.

351 3992 413 4057 sno
437 3993 487 4057 die
509 4014 557 4058 ro.
583 3991 776 4060 Nouembris.
802 3991 986 4078 Mccocaoiij.

354 4113 549 4197 Spectabiles
581 4123 614 4183 et
644 4118 788 4200 generosi
824 4117 940 4182 domini
976 4117 1102 4182 Marcus
1143 4115 1297 4183 Antonius
1335 4117 1547 4185 Maurocenus

310 4239 407 4301 eques
431 4225 464 4286 et
486 4219 625 4288 ioannes
648 4221 833 4287 Franciscus
855 4222 1045 4303 Pasqnaligo
1070 4221 1181 4287 doctor
1197 4227 1229 4287 ct
1244 4241 1351 4304 aquea,
1375 4223 1549 4290 honorandi

311 4325 523 4391 adnotatores
547 4325 720 4392 communis
744 4325 892 4392 sedentes
916 4325 949 4390 in
972 4324 1072 4390 offitio
1094 4327 1126 4390 in
1141 4325 1235 4408 plena
1250 4326 1419 4404 audientia,
1443 4328 1550 4396 audito

309 4429 493 4511 granamine
515 4430 629 4495 nobilis
653 4429 855 4495 Ourzulensis
878 4449 941 4495 ser.
964 4429 1088 4494 Nicolai
1111 4429 1150 4496 de
1174 4429 1311 4496 Obradis
1341 4431 1468 4497 nomine
1491 4451 1548 4498 suo

310 4539 343 4598 et
365 4533 498 4600 aliorum
520 4534 671 4600 nobilium
695 4541 727 4600 et
749 4535 865 4599 ciuium
890 4535 992 4601 dictae
1024 4535 1161 4600 ciuitatis
1185 4533 1339 4602 Cnrzulae
1370 4555 1405 4602 se
1433 4536 1546 4602 condo-

309 4637 414 4716 lentis,
439 4639 524 4720 quod
546 4657 615 4702 cnm
639 4639 680 4704 ab
703 4638 914 4704 illustrissimo
927 4639 1056 4705 consilio
1073 4639 1359 4720 Rogatornmdicti
1374 4639 1543 4706 fidelissimi

217 4743 219 4752 '
310 4740 437 4826 dominij
468 4743 570 4810 nostri
600 4743 811 4810 obtinuissent
842 4745 887 4809 sic
917 4743 1114 4826 exigentibus
1142 4744 1344 4811 benemeritis
1375 4745 1440 4814 suis
1471 4761 1543 4826 arga

1667 5119 1680 5315 1
