3398 5354
1355 448 1418 512 245

283 671 351 716 ΟΔΡ.
374 673 442 717 xtv.
475 675 517 716 DE
539 675 792 718 rossmesmmce
813 675 960 720 quemme
981 677 1041 720 PER
1062 655 1312 722 commemos¹.

215 787 299 854 item
332 793 487 855 statutum
517 796 551 856 et
581 791 763 856 ordinatum
786 797 844 872 cst,
876 792 961 873 quod
984 793 1011 857 ei
1034 811 1096 874 quq
1119 793 1337 875 possessiones
1360 812 1417 858 eeu

173 891 259 957 bona
282 892 411 958 stabilia
434 895 566 960 alicuius
586 894 725 962 defuncti
741 896 862 961 fuerint
876 895 1007 962 uendite
1022 896 1064 962 ad
1079 897 1240 962 incentum
1257 897 1417 980 publicum

170 1015 231 1079 per
254 998 487 1066 commissarios
509 998 610 1080 ipsius
633 999 790 1078 deiuncti;
821 1001 966 1066 uolumus
987 1006 1020 1068 et
1034 1018 1212 1082 censemus,
1236 1003 1320 1084 quod
1336 1001 1418 1068 tales

172 1102 390 1184 possessiones
421 1108 455 1168 et
485 1105 569 1170 bona
599 1104 727 1170 stabilia
756 1105 802 1170 sic
832 1105 963 1170 uendite
984 1105 1188 1172 nullomodo
1211 1106 1317 1187 aliquo
1340 1111 1419 1171 tem-

175 1223 255 1288 pore
285 1207 409 1288 possint
437 1207 551 1274 redimi
580 1225 637 1290 per
667 1209 803 1289 aliquem
833 1209 1042 1291 propinquum
1065 1210 1164 1291 ipsius
1192 1209 1341 1275 condam⁹
1364 1209 1418 1274 de-

175 1308 286 1392 functi,
310 1328 369 1377 noc
390 1329 448 1394 per
469 1311 607 1393 aliquam
626 1312 720 1378 aliam
743 1331 921 1394 personam,
944 1315 1001 1382 sed
1014 1314 1087 1395 ipsa
1101 1313 1242 1381 uenditio
1265 1315 1306 1380 eit
1328 1311 1419 1380 firma

175 1419 212 1480 et
239 1418 311 1480 rata
332 1412 376 1498 iet
405 1415 445 1482 de
475 1421 581 1482 cetero
612 1423 799 1498 perpetuam
830 1417 973 1484 obtineat
1002 1415 1193 1495 firmitatem,
1222 1423 1343 1484 statuto
1366 1419 1419 1484 nel

175 1518 409 1584 consuetudine
431 1519 538 1600 aliqua
559 1538 622 1586 non
645 1521 803 1586 obstante.

218 1621 333 1688 Actum
358 1629 390 1689 et
412 1621 571 1690 firmatum
593 1623 655 1689 fuit
676 1625 898 1707 supradictum
915 1631 1070 1692 statutum
1092 1627 1125 1691 in
1149 1627 1243 1708 pleno
1266 1633 1300 1693 et
1321 1645 1418 1710 gene·

178 1726 240 1792 rali
263 1727 395 1794 consilio
419 1729 558 1794 ciuitatis
581 1726 702 1812 Spalati
717 1735 860 1812 tempore
875 1731 995 1812 egregij
1018 1737 1051 1797 et
1066 1731 1207 1813 potentis
1225 1731 1284 1796 uiri
1301 1730 1418 1797 domini

178 1829 309 1912 Maphei
340 1829 492 1900 Hammo8
521 1831 716 1900 honorabilis
754 1834 876 1899 comitis
904 1833 1041 1901 ciuitatis
1072 1833 1196 1917 Spalati
1233 1835 1292 1900 sub
1327 1835 1418 1898 annis

182 1934 303 2000 domini
326 1935 436 2000 Mcccl.
458 1936 615 2002 indicione
637 1937 692 2018 iiij.
716 1937 768 2002 die
789 1935 955 2004 undecidro
977 1956 1094 2004 monere
1116 1938 1309 2005 nouembris.

220 2038 293 2121 Ego
315 2037 479 2106 iohannes
502 2041 636 2108 condam
657 2043 803 2124 magistri
825 2041 911 2108 Zone
933 2041 974 2108 dc
988 2041 1140 2108 Anchona
1160 2042 1304 2124 publicus
1319 2043 1417 2124 impc-

174 2141 247 2206 riali
271 2144 462 2209 auctoritate
484 2145 627 2210 notarius
650 2151 683 2210 et
706 2163 789 2210 nunc
819 2149 940 2212 iuratus
971 2147 1128 2212 communi
1152 2143 1274 2228 Spalati
1305 2164 1417 2228 eupra-

179 2247 349 2328 scriptum⁴
372 2251 528 2314 statutum
559 2249 599 2315 de
629 2251 729 2332 ipsius
759 2249 878 2315 domini
907 2251 1030 2318 comitis
1055 2250 1182 2317 licentia
1211 2255 1245 2317 et
1267 2249 1417 2315 mandato

177 2351 292 2432 scripsi
313 2353 346 2416 in
367 2351 428 2418 hoc
449 2353 611 2420 uolumine
634 2359 835 2422 statutorum.

219 2582 289 2626 ona.
312 2584 366 2626 xv.
393 2585 476 2638 quon
498 2584 620 2628 snmus
636 2585 717 2628 murs
740 2586 801 2628 nnn
817 2585 956 2638 monor>
975 2585 1101 2630 senecas
1117 2585 1151 2626 ω
1167 2553 1379 2628 cennssnaa⁶.'

221 2698 303 2766 Item
327 2705 481 2766 statutum
505 2707 539 2766 et
560 2701 741 2767 ordinatum
757 2705 815 2782 eet,
839 2701 879 2766 ad
895 2719 1020 2766 omnem
1036 2701 1236 2782 questionem
1252 2718 1309 2765 seu
1325 2717 1416 2764 scan-

177 2803 286 2868 dalum
309 2805 436 2885 penitus
459 2805 697 2887 amputandum,
721 2806 805 2886 quod
827 2805 941 2870 amodo
964 2805 1111 2886 deinceps
1134 2803 1239 2869 nuilus
1263 2803 1341 2868 cinis
1364 2804 1416 2869 uel

177 2905 317 2973 forensis
347 2926 405 2973 seu
434 2908 596 2974 habitetur
627 2909 748 2994 Spalati
778 2915 935 2974 mercator
965 2927 1022 2974 seu
1056 2908 1162 2989 aliqua
1189 2908 1251 2972 alia
1280 2925 1417 2988 persona

178 3011 403 3093 cuiuscumque
436 3012 626 3079 conditionis
656 3012 779 3093 existat,
815 3012 855 3078 de
886 3017 993 3078 cetero
1024 3011 1143 3076 audeat
1171 3011 1225 3076 ucl
1255 3016 1419 3091 prqeumat

177 3119 338 3196 mutuare,
362 3133 421 3181 nec
443 3117 583 3183 uendere
606 3116 658 3182 uel
681 3116 760 3182 dare
782 3117 877 3182 alicui
901 3115 1017 3181 Seiano
1039 3116 1091 3180 uel
1106 3114 1273 3180 Bosnienei
1296 3113 1417 3195 aliquas

177 3217 390 3286 mercationes
422 3237 481 3286 nec
511 3220 632 3300 adquae
662 3220 742 3286 alias
772 3239 824 3286 res
846 3222 877 3284 in
900 3219 1062 3286 credentia
1088 3237 1158 3284 cum
1190 3219 1330 3300 pignore,
1359 3237 1419 3284 nec

176 3322 247 3388 sine
269 3323 404 3405 pignore
425 3322 531 3404 aliquo
554 3324 648 3390 modo
672 3325 722 3388 uel
746 3324 881 3407 ingenio.
906 3323 967 3401 Qui
991 3343 1067 3388 uero
1091 3321 1314 3389 contrafecerit
1330 3327 1363 3388 et
1377 3322 1417 3387 ob

178 3426 243 3492 hoc
265 3426 374 3507 aliqua
397 3427 525 3507 questio
549 3425 694 3505 oriretur,
719 3427 803 3510 qnod
827 3429 972 3492 dominus
994 3444 1100 3492 comes
1123 3445 1179 3492 seu
1196 3427 1283 3491 curia
1298 3423 1419 3506 Spalati

176 3530 257 3595 talia
279 3531 448 3608 mutuanti,
478 3531 630 3598 uendenti
660 3531 713 3597 uel
744 3532 832 3597 danti
862 3549 919 3597 eeu
950 3528 1189 3595 contrafacienti
1219 3528 1339 3594 nullum
1370 3529 1418 3593 ius

177 3653 237 3700 eeu
259 3635 417 3699 iusticiam
440 3635 577 3702 reddere
600 3635 771 3714 teneatur⁶‚
794 3651 852 3701 nec
874 3634 915 3700 ad
938 3635 1088 3716 placitum
1112 3633 1285 3716 audiatur⁷,
1317 3631 1417 3712 saluo,

177 3739 266 3820 quod
287 3737 410 3804 Latinis
433 3739 485 3804 nel
507 3739 709 3815 Dalmaticis,
746 3757 803 3804 seu
826 3739 897 3820 aiijs
919 3737 1063 3818 personis
1083 3737 1196 3819 positis
1219 3735 1278 3802 sub
1301 3736 1419 3818 regali8

177 3843 318 3908 dominio
332 3843 457 3924 possint
471 3848 626 3924 mutuare,
642 3843 782 3909 uendere
798 3848 831 3909 et
847 3843 924 3908 dare
940 3844 972 3907 in
988 3842 1180 3908 credentiam
1198 3859 1268 3906 cum
1285 3841 1418 3923 pignore

176 3948 232 4014 uel
255 3949 323 4013 eine
345 3949 489 4032 pignore,
513 3951 549 4012 ut
571 3947 618 4013 eie
641 3948 802 4012 uidebitur
824 3952 857 4012 et
880 3946 1028 4027 placebit,
1050 3950 1161 4010 contra
1183 3963 1262 4026 quos
1285 3943 1349 4010 eis⁹
1369 3945 1418 4010 ius

177 4057 211 4120 et
233 4051 362 4118 iusticia
384 4049 552 4130 inferatur,
574 4055 612 4117 ut
633 4051 712 4117 ordo
734 4051 812 4116 iuris
834 4049 977 4132 postulat
998 4054 1031 4114 et
1053 4049 1197 4130 requirit.

223 4154 338 4222 Actum
361 4160 395 4222 et
416 4153 576 4221 firmatum
599 4154 661 4220 init
683 4154 900 4236 supradictum
924 4157 1078 4218 statutum
1102 4153 1134 4217 in
1158 4152 1251 4236 pleno
1275 4157 1309 4217 et
1325 4169 1419 4247 gene

178 4259 240 4326 rali
263 4259 397 4326 coasilio
420 4259 558 4325 ciuitatis
582 4259 704 4341 Spoleti
734 4265 878 4339 tempore
908 4256 1027 4339 egregij
1057 4262 1089 4321 et
1119 4255 1258 4337 potentie
1280 4255 1342 4320 uiri
1365 4255 1420 4320 do-

176 4393 385 4404 -.—-—---

226 4452 312 4531 ¹Ap.
336 4456 362 4515 L
367 4455 466 4532 jub.:
493 4453 598 4530 „Quod
620 4455 698 4515 bona
721 4453 849 4514 defuncti
871 4453 992 4514 uendite
1015 4452 1054 4512 ad
1076 4451 1223 4511 incautum
1246 4467 1304 4508 non
1326 4448 1421 4508 reddi-

179 4541 329 4602 mantnr“.
400 4537 523 4602 'Deest
544 4541 574 4600 in
597 4540 676 4600 cod.
700 4541 806 4601 acad.
829 4541 855 4600 B
877 4543 908 4600 et
929 4558 978 4616 ap.
1001 4537 1113 4614 Ljub.
1185 4533 1269 4612 8ΑΙ).
1293 4534 1420 4610 Ljub.:

181 4628 307 4712 „Emo“.
356 4625 501 4690 ⁴ibid:
527 4621 777 4708 „supradictrrm“.
831 4624 974 4688 ⁶ibid:
1001 4617 1228 4704 „credentiam“.
1278 4619 1419 4682 ⁶ibid.:

179 4709 386 4802 „wneantur“.
435 4713 581 4776 'ibidz
607 4709 776 4788 „audiant“.
837 4709 980 4776 ⁸ibid.:
1007 4709 1129 4790 „reali⁸.
1178 4707 1417 4770 ⁹Decetibid.
