3376 5392
1315 471 1375 532 211

131 673 167 737 in
190 671 335 757 Jndsica,
359 673 412 740 ubi
435 672 538 739 lauari
560 692 616 740 aas
640 692 767 756 semper
799 673 925 740 solitum
954 673 1014 740 init
1043 675 1103 740 sub
1132 674 1242 742 eadem
1266 692 1376 758 supro·

133 777 223 844 dicta
245 797 356 860 poena.
1290 777 1295 796 ’

177 883 269 961 Lata,
295 883 370 948 data
394 889 427 948 et
449 883 650 966 promulgata
672 901 728 964 per
745 883 921 965 praefatum
937 882 1136 966 magnificum
1152 883 1311 952 dominum
1327 903 1377 950 oo-

136 985 249 1052 mitem
271 991 304 1052 ot
325 986 409 1052 lecta
431 991 465 1053 ct
487 987 647 1068 publicata
670 1005 726 1069 per
748 987 966 1068 Drngonetum
988 985 1127 1053 Marcum
1152 987 1374 1054 cancellarium

131 1095 282 1156 currente
305 1109 387 1156 anno
410 1090 528 1156 domini
553 1089 729 1172 MccccnciJ.
754 1091 805 1157 dic
827 1091 919 1173 xxvij.
942 1091 1038 1174 iunii,
1061 1092 1233 1158 indictione
1262 1111 1290 1156 x.
1314 1092 1377 1158 sub

130 1194 219 1275 logia
241 1195 390 1278 marinae,
422 1195 642 1275 praesentibus
674 1213 735 1260 ser.
768 1195 922 1277 Gregorio
957 1193 1134 1276 (inebriatis,
1159 1215 1220 1262 ser.
1254 1195 1374 1262 Jacobo

127 1296 309 1380 Xiioouich,
333 1317 395 1364 sor.
418 1297 554 1365 Antonio
579 1299 756 1380 Pannonici,
780 1318 840 1365 ser.
864 1299 1000 1366 Antonio
1024 1299 1170 1386 Marsici,
1194 1319 1255 1366 ser.
1277 1299 1375 1366 Fran-

130 1402 216 1467 cisco
240 1402 281 1468 de
303 1403 480 1468 Franciscis
502 1407 535 1468 et
556 1401 665 1468 multis
686 1403 757 1486 elijs
781 1403 1065 1471 circumstantibus.

562 1618 648 1660 LVIII.
672 1616 794 1661 nmoxslo
817 1618 941 1662 commo

133 1694 169 1750 dc
190 1695 349 1764 beccheniis,
369 1697 440 1766 quod
457 1712 536 1750 nemo
562 1697 628 1764 ipsis
655 1713 704 1766 per
728 1698 782 1750 nim
808 1699 924 1766 accipiet
952 1713 1053 1766 carnes,
1073 1713 1123 1754 nec
1148 1703 1243 1768 tangat
1267 1699 1376 1768 animal,

320 1782 427 1852 quaudo
446 1784 608 1852 excoriatur,
628 1784 676 1838 scd
693 1799 710 1838 a
728 1784 853 1840 manibus
872 1785 992 1854 ipsorum
1011 1785 1192 1841 uendentium.

179 1905 241 1970 Dic
262 1927 338 1970 aaa.
366 1905 513 1975 Octobris.
537 1905 708 1991 Mcoccacij.

182 2027 369 2111 Magnificus
392 2036 426 2095 ct
452 2049 625 2111 generosus
657 2029 801 2095 dominus
824 2030 1004 2096 Dominicus
1028 2030 1203 2113 Theupuio,
1227 2048 1283 2112 pro
1307 2031 1378 2096 illu-

135 2134 297 2198 strissimo
321 2140 354 2198 et
376 2134 626 2202 excelentissimo
650 2134 752 2200 ducali
776 2135 912 2202 dominio
935 2135 1142 2200 Venetiarum
1171 2153 1274 2201 comm
1298 2133 1377 2200 Cur·

134 2237 229 2302 aulae
261 2237 470 2319 dignissimus,
503 2257 573 2303 cum
596 2257 657 2304 sor.
683 2239 778 2305 Petro
803 2237 980 2316 Stauiistio5
1006 2259 1065 2305 ser.
1089 2241 1184 2305 Petro
1207 2239 1378 2306 Petrouich

132 2347 170 2407 et
192 2361 255 2407 ser.
279 2341 414 2409 Antonio
431 2341 552 2425 Angeli,
568 2343 723 2409 indicibus
746 2343 821 2423 suis,
844 2345 953 2410 audita
968 2345 1183 2426 quaerimonia
1205 2345 1374 2411 multorum

133 2429 290 2512 flebilium
319 2453 354 2512 et
380 2447 589 2529 popularium,
623 2449 901 2528 conquaerentium
934 2455 966 2513 ct
996 2449 1177 2529 dolentium,
1201 2450 1285 2532 qnod
1315 2468 1378 2514 non

135 2557 272 2636 possunt
294 2553 435 2636 pecunijs
458 2553 523 2618 suis
546 2553 664 2619 habere
694 2571 822 2632 cernes3
853 2560 886 2618 et
916 2554 975 2620 hoc
1004 2555 1169 2635 quiscum
1198 2555 1378 2620 nenduntur

135 2675 258 2735 carnes,
283 2657 374 2720 multi
396 2657 535 2739 eripiunt
557 2675 667 2722 carnos
692 2676 709 2722 e
733 2659 877 2723 manibus
901 2658 1136 2725 bccchariorum
1159 2667 1192 2726 ot
1213 2660 1245 2724 in
1267 2660 1377 2726 taooho

136 2762 270 2860 positas,
295 2762 374 2826 adeo
406 2762 490 2842 quod
520 2763 580 2842 ipsi
611 2769 773 2828 remanent
801 2763 868 2828 sine
898 2764 1043 2828 carnibus
1075 2771 1107 2830 et
1130 2764 1284 2846 baccherij
1315 2781 1379 2828 non

136 2874 271 2948 possum
301 2865 439 2930 uendere
474 2883 601 2946 carnes,
632 2867 793 2932 nonoris
829 2873 880 2933 est
909 2875 942 2933 ot
970 2869 1204 2935 consuetudinis
1238 2867 1378 2934 locorum

136 2969 277 3037 omnium
300 2975 387 3036 rocta
409 2977 442 3036 ct
463 2977 585 3038 morato
608 2973 798 3050 uiuentium3
827 2978 972 3054 petentes
996 2980 1031 3038 ut
1054 2975 1122 3039 eius
1146 2971 1378 3055 magnificentia

136 3075 212 3140 huic
233 3074 335 3141 errori
356 3079 389 3142 ct
410 3075 512 3143 malae
535 3076 754 3142 consuetudini
769 3077 947 3158 ¹prouidere
970 3078 1097 3144 debeat.

183 3180 290 3258 Quare
313 3179 475 3262 praefatus
498 3179 680 3264 magnificos
704 3182 848 3248 dominns
874 3201 988 3261 comae,
1014 3184 1122 3248 audita
1153 3187 1186 3248 et
1215 3182 1378 3248 intellecta

138 3285 391 3366 supradictorum
416 3287 565 3366 quaerela
590 3293 622 3351 et
645 3305 715 3351 csse
740 3288 853 3351 iustam
877 3293 910 3352 et
924 3287 1099 3366 honestam,
1124 3287 1330 3352 senteutiauit
1346 3291 1379 3352 et

142 3388 368 3456 determinauit
398 3409 455 3470 por
477 3396 675 3471 praesentem
705 3389 904 3456 diffinitiuam
934 3393 1135 3467 sententiam,
1158 3391 1243 3474 qnod
1274 3409 1376 3470 nemo,

77 3509 79 3512 ’
139 3493 364 3574 cuiuscumque
384 3495 574 3560 conditionis
598 3497 723 3575 existat,
748 3497 874 3580 audeat,
899 3514 956 3561 nec
979 3502 1159 3578 praesumat
1181 3497 1292 3562 tollere
1309 3514 1377 3562 oar·

137 3617 198 3664 nos
221 3617 241 3662 a
263 3599 381 3676 mecho,
406 3617 507 3679 neque
530 3619 548 3665 e
570 3601 715 3664 manibus
738 3600 894 3683 baccharij
917 3603 1049 3684 eripere,
1073 3619 1132 3668 nec
1158 3621 1213 3668 eas
1244 3607 1377 3684 tangore

142 3703 251 3784 aliquo
266 3705 367 3770 modo.
391 3704 444 3770 nel
459 3704 594 3786 ingenio,
619 3722 721 3786 neque
739 3712 870 3788 tangere
886 3706 990 3788 aliquo
1006 3713 1099 3788 pacto
1116 3707 1239 3785 animal,
1252 3705 1378 3788 quando

139 3806 336 3887 excoriatum
360 3809 416 3874 sed
439 3809 551 3887 sinant,
583 3809 668 3890 qnod
691 3807 846 3890 baccharij
870 3809 941 3874 illas
964 3817 1096 3894 tangant
1126 3815 1160 3876 et
1182 3810 1321 3876 uendant
1344 3815 1377 3875 st

139 3912 298 3993 accipiant
326 3913 428 3978 dictas
465 3931 575 3979 carnos
606 3933 624 3978 o
653 3914 797 3978 manibus
825 3915 961 3997 propriis
995 3915 1233 3981 bacchariorum
1263 3919 1376 3995 sponte

139 4018 345 4084 uendentium
369 4025 403 4083 et
418 4018 558 4083 dantium
574 4020 659 4099 ipsas
675 4037 786 4082 carnes
802 4018 833 4082 in
849 4019 992 4084 manibus
1008 4019 1169 4100 emptoris,
1193 4037 1251 4084 nec
1270 4018 1376 4100 aliquo

140 4124 245 4203 modo,
269 4129 325 4186 aut
346 4123 471 4206 ingenio
495 4124 558 4187 uim
582 4123 718 4204 aliquam
741 4121 917 4204 beooharijs
940 4122 1055 4188 inferro
1078 4130 1111 4187 et
1125 4123 1185 4188 hoc
1201 4125 1258 4190 sub
1275 4141 1378 4205 poena
1455 4153 1458 4184 ι

139 4227 302 4296 soldorum
327 4228 434 4293 docem
456 4245 624 4308 paruarum
651 4245 707 4308 pro
731 4227 872 4306 quolibet
894 4233 927 4292 et
949 4229 1018 4292 uice
1040 4228 1191 4308 qualibet,
1215 4233 1248 4294 at
1263 4229 1289 4293 si
1305 4229 1375 4310 quis

140 4337 308 4400 accusator
330 4330 435 4408 fuerit,
459 4332 661 4397 medietatem
685 4331 788 4397 dictae
804 4349 925 4412 poenae
940 4331 1064 4410 habeat,
1090 4331 1223 4397 alteram
1243 4351 1376 4398 commu-

140 4439 225 4504 nitas
247 4436 418 4514 (turmulam
451 4443 483 4500 et
506 4437 532 4500 si
563 4442 729 4502 accusator
758 4453 820 4501 non
848 4437 1032 4516 reperietur,
1058 4436 1241 4502 baccharius
1264 4438 1379 4504 debeat

140 4543 231 4608 illum
254 4541 532 4606 contrafacientem
555 4558 721 4620 accusare;
753 4547 785 4605 et
811 4541 838 4605 si
860 4559 923 4605 non
951 4541 1153 4621 accusauerit
1178 4541 1283 4607 soluat
1311 4542 1379 4624 ipss

140 4665 276 4730 poenam
300 4645 510 4729 supradictam
534 4663 592 4726 pro
614 4646 684 4726 ipso
707 4643 961 4711 contrafacientc.

80 4799 81 4804 η
186 4751 313 4818 Testes:
327 4769 387 4816 ser.
401 4749 574 4832 Gregorius
588 4749 768 4830 Gabricllis,
780 4769 841 4816 scr.
855 4748 999 4816 Andreas
1011 4749 1156 4816 Volatich
1168 4755 1201 4816 et
1212 4750 1303 4816 multi
1313 4749 1376 4833 aiij.

1204 4853 1223 4886 Ι·

1451 4859 1480 4908 ψ’
1680 4853 1685 4864 ”

1445 4909 1456 4928 e
