3422 5364
1332 481 1393 554 289

153 715 225 758 011³.
242 715 363 758 LXXXV.
382 716 465 768 Qnon
481 715 640 758 Anuooxur
661 715 823 758 eommunis
840 713 1025 756 niernum
1041 714 1233 765 Quusmouus
1250 715 1403 760 monam

198 831 369 898 Millesimo
394 830 522 914 ccclxvj.
547 831 598 895 die
622 831 793 913 iiijeiunij,
818 831 850 894 in
873 829 1152 895 reformationibus
1175 831 1338 896 Francisoi
1362 833 1403 898 de

155 933 302 1000 Bononia
325 940 452 1016 captum
469 933 538 1013 fuit,
563 935 648 1015 quod
666 934 814 1000 aduocati
838 935 1011 1000 communis
1028 939 1199 1001 teneantur
1214 941 1247 999 et
1263 935 1405 1002 debeant

155 1055 267 1103 omnes
291 1039 475 1119 questiones
498 1057 556 1120 per
578 1056 635 1104 eos
660 1039 805 1120 inceptas
829 1055 932 1118 usque
956 1037 997 1102 ad
1021 1036 1206 1102 diffinitiuas
1231 1039 1406 1104 sententias

162 1141 314 1224 prosequi
337 1145 370 1206 et
393 1141 419 1206 si
443 1147 552 1206 essent
582 1141 783 1223 negligentes
807 1141 839 1206 in
862 1141 1084 1224 prosequendo
1107 1142 1195 1222 ipsas
1218 1141 1405 1223 questiones

156 1253 254 1310 etex
278 1263 389 1311 eorum
412 1245 609 1326 negligentia
639 1245 812 1312 sustineret
835 1263 1000 1311 commune
1034 1245 1182 1311 dmnnum
1214 1245 1342 1327 aliquod
1366 1245 1406 1311 de

156 1347 237 1429 ipsis
261 1349 376 1430 causis,
400 1350 485 1430 quod
501 1351 564 1432 ipsi
580 1350 726 1415 aduocati
749 1347 877 1414 soluant
891 1349 952 1430 ipsi
967 1350 1123 1416 communi
1147 1349 1226 1414 illud
1243 1349 1402 1431 damnum,

157 1453 246 1533 quod
268 1454 373 1536 ipsum
397 1472 563 1520 commune
586 1455 760 1521 sustineret
782 1473 821 1518 ex
844 1471 955 1519 corum
978 1453 1183 1536 negligencia.

196 1701 264 1744 ule.
288 1701 419 1743 DXXXVI.
442 1702 485 1744 DE
508 1701 604 1746 oum
620 1701 852 1746 bononnesium.
867 1702 910 1744 An
933 1703 1122 1746 summosam
1145 1679 1373 1747 SYNDIOOBUMI.

205 1815 376 1883 Millesimo
400 1817 526 1900 ccclxxj.
550 1817 602 1884 die
624 1818 688 1900 viij.
713 1819 895 1884 nouembris
919 1818 951 1884 in
974 1817 1251 1886 reformationibus
1276 1824 1405 1900 captum

162 1919 234 2002 fuit,
266 1921 352 2002 quod
382 1940 452 1987 cum
483 1921 590 2004 aliqua
620 1923 747 2004 questio
778 1923 967 1990 uentiletur²
989 1925 1074 1989 intra
1103 1925 1248 2006 syndicos
1280 1925 1406 1990 nomine

161 2027 340 2092 communis
363 2031 397 2092 et
420 2025 544 2106 aliquas
575 2027 730 2109 speciales
762 2046 915 2110 personas
939 2033 973 2094 et
994 2047 1053 2111 per
1075 2029 1221 2110 syndicus
1251 2027 1406 2109 requisita

159 2129 258 2197 fuerit
273 2131 361 2195 curia
377 2148 397 2194 o
415 2129 582 2210 iudicibus,
600 2132 654 2213 qui
670 2150 705 2197 se
722 2133 907 2216 congregari
924 2131 1063 2198 debeant
1079 2149 1137 2214 pro
1153 2131 1223 2212 ipsa
1238 2131 1406 2212 questione

158 2231 263 2301 audiri
278 2239 312 2299 et
328 2232 516 2318 definienda,
542 2236 628 2316 quod
651 2235 781 2315 iudices,
805 2237 860 2317 qui
882 2255 940 2318 pro
962 2242 1108 2317 tempore
1130 2235 1257 2314 fuerint,
1279 2234 1406 2299 uinculo

158 2339 350 2406 sacramenti
367 2342 401 2404 et
415 2357 501 2420 pena
523 2344 556 2404 et
571 2339 676 2405 banno
700 2339 853 2406 librarum
875 2361 894 2405 x
917 2358 975 2422 pro
999 2339 1142 2422 quolibet
1164 2339 1268 2404 iudice
1285 2343 1317 2405 et
1333 2357 1406 2404 con·

158 2442 281 2508 siliario
312 2441 453 2507 debeant
483 2461 518 2509 se
549 2461 746 2526 congregare
777 2449 810 2510 et
842 2443 954 2510 audire
984 2451 1017 2510 et
1041 2441 1177 2508 diffinire
1207 2443 1294 2524 ipses
1325 2443 1407 2508 tales

158 2547 356 2629 questiones,
381 2545 472 2611 saluo
496 2546 724 2628 impedimento
748 2546 942 2613 infirmitatis
959 2553 993 2614 et
1008 2547 1131 2628 absque
1147 2547 1273 2627 quando
1297 2551 1406 2614 essent

158 2650 202 2716 ad
224 2649 374 2732 uiagium.

456 2863 523 2908 OAP.
541 2864 686 2906 nxxxvn.
711 2865 752 2906 DE
775 2863 949 2908 SOLU'HONE
971 2863 1113 2907 sonmo.

206 2979 374 3046 Millesimo
397 2979 536 3062 ccclxxiJ.
568 2980 619 3045 die
649 2979 756 3062 xxviij.
789 2979 940 3059 octobris,
971 2979 1006 3044 in
1036 2977 1314 3045 reformationibus
1345 2997 1406 3043 ser.

161 3083 282 3149 Montis
299 3088 426 3165 captum
442 3083 511 3164 fuit,
536 3083 620 3165 quod
637 3085 761 3167 notarij,
786 3085 841 3164 qui
858 3087 940 3164 sunt,
965 3083 1122 3165 accipient
1139 3101 1213 3147 suas
1230 3081 1407 3148 solutiones

161 3187 446 3255 instrumentorum
463 3194 497 3254 et
512 3188 644 3253 aliarum
668 3189 897 3270 scripturarum
922 3188 1095 3254 secundum
1121 3191 1262 3267 statufa3
1287 3191 1320 3252 et
1336 3186 1410 3268 quia

162 3292 273 3375 plures
297 3297 372 3357 sunt
394 3292 562 3374 scripture,
587 3309 650 3373 que
666 3311 730 3358 non
753 3297 828 3358 suut
849 3299 972 3375 taxete,
995 3299 1145 3358 texentur
1168 3311 1225 3373 per
1248 3289 1409 3357 dominum

164 3396 311 3462 comitem
337 3401 370 3461 et
395 3397 462 3462 eius
486 3397 603 3461 curnam
628 3395 744 3476 etheo
766 3397 885 3462 taxatio
909 3397 1096 3462 ostendatur
1120 3396 1263 3478 notarijs.
1287 3395 1332 3458 Et
1355 3412 1410 3458 no·

162 3501 277 3580 terius,
303 3501 359 3581 qui
383 3499 508 3580 dixerit,
533 3517 568 3566 sc
582 3501 668 3566 nolle
692 3505 779 3566 stare
801 3501 863 3566 illis
886 3501 1110 3578 taxationibus,
1135 3500 1230 3565 liceat
1253 3499 1312 3566 sibi
1336 3517 1409 3580 pro-

164 3603 277 3670 uidere
301 3603 340 3671 de
363 3603 425 3671 alio
457 3601 561 3670 officio
585 3609 618 3670 et
640 3605 797 3670 communi
828 3605 869 3672 de
891 3605 954 3671 alio
985 3604 1128 3689 notari03
1160 3603 1269 3684 etqui
1294 3602 1409 3668 dixerit

165 3709 252 3774 uelle
275 3713 372 3788 stare,
403 3713 552 3775 teneatur
582 3708 756 3774 obseruare
787 3709 846 3776 sub
877 3727 962 3792 pena
992 3709 1097 3790 quarti
1120 3707 1221 3789 pluris
1244 3706 1349 3788 salarij
1375 3711 1408 3770 et

165 3812 333 3879 solutionis
357 3812 434 3879 dicti
457 3812 583 3894 notarij.

210 3917 255 3983 Et
276 3917 361 3984 idem
385 3917 458 3999 alijs
486 3914 670 3983 offitialibus
695 3922 729 3983 et
751 3923 889 4000 ponatur
911 3918 944 3982 in
967 3920 1098 3983 statuto.

283 4149 351 4194 oln’.
375 4149 531 4192 mxvm.
556 4149 639 4201 QUOD
664 4149 833 4193 bosemont
858 4149 1033 4192 OBEDENTOE
1057 4145 1292 4191 OONGBEGE'PUB.

211 4265 385 4332 Millesimo
408 4265 557 4347 ccclxxiij.
581 4234 632 4330 die
654 4264 739 4351 xxiij.
763 4265 945 4330 nouembris
968 4265 1000 4328 in
1024 4261 1300 4329 reformationibus
1323 4259 1412 4323 Petri

165 4371 208 4437 de
232 4369 352 4434 Sarzan
377 4374 504 4451 captum
527 4368 596 4450 fuit,
632 4369 717 4450 quod
741 4387 812 4434 cum
836 4385 967 4434 necesse
1000 4365 1097 4432 fuerit
1120 4383 1315 4447 congregare
1340 4381 1412 4428 con-

165 4473 274 4540 silium
297 4473 470 4556 credentie,
501 4473 586 4556 quod
609 4474 743 4554 quilibet
766 4473 807 4538 de
830 4472 959 4538 consilio
983 4470 1145 4550 credentie
1169 4473 1318 4534 teneatur
1341 4483 1410 4532 con-

166 4603 378 4616 -n—-n

217 4665 339 4730 ¹Ood.
364 4667 516 4728 uliud:
543 4665 678 4749 „syndici
701 4659 891 4725 communis“.
978 4659 1100 4726 'God
1125 4661 1230 4723 acad.
1254 4659 1297 4720 A:
1324 4675 1412 4736 „uen-

167 4754 333 4816 tilauerit“.

1270 4852 1308 4914 19
