3416 5350
369 679 437 723 ou.
461 679 550 723 evm.
575 679 617 722 D]
641 677 763 741 omno,
791 679 846 730 ool
868 679 924 722 EST
946 679 1108 723 mirus.

147 794 237 860 Item
261 800 417 862 statutum
441 801 474 861 et
496 795 675 862 ordinatum
700 800 759 877 eet,
784 795 868 878 quod
891 796 917 861 si
940 795 1055 878 aliquis
1070 795 1167 863 fuerit
1183 798 1299 864 citatus
1316 798 1357 862 ad

103 897 258 963 iuditium
280 903 315 964 et
336 898 450 964 citatus
479 896 577 964 inerit
599 895 757 978 infirmus,
790 898 836 964 ito
866 899 951 980 quod
982 917 1044 963 non
1069 900 1174 981 possit
1195 901 1360 966 commode

3 1001 4 1006 ’
106 1000 180 1066 nine
197 1001 341 1083 periculo
357 1019 493 1084 persone
510 1002 542 1067 in
564 1001 677 1072 iuditio
697 1019 880 1083 comparere
904 1007 937 1068 et
955 1003 994 1068 de
1010 1001 1071 1069 hoc
1087 1004 1258 1070 summarie
1274 1003 1360 1069 iacta

105 1103 209 1170 inerit
240 1104 320 1172 fides
350 1123 455 1172 eornm
485 1110 610 1173 rectore
641 1105 779 1172 ciuitatis
803 1103 943 1190 Spoleti,
976 1111 1052 1172 tuno
1082 1111 1186 1174 rector
1208 1113 1358 1174 tenentur

107 1209 327 1292 supersedere
350 1228 445 1290 muse
469 1227 570 1292 osque
593 1209 634 1276 od
656 1229 676 1274 x
699 1209 767 1276 dies
790 1209 832 1276 ed
862 1211 944 1292 plns.
985 1209 1055 1289 Quo
1085 1211 1222 1278 termino
1246 1211 1356 1280 decem

109 1309 239 1378 dierum
270 1313 396 1398 elapso,
432 1319 537 1380 rector
566 1313 599 1378 in
628 1315 699 1395 ipsa
728 1331 825 1380 oense
854 1315 1008 1396 procedat
1037 1315 1209 1381 seeundum
1233 1315 1303 1382 iuro
1325 1322 1358 1382 et

106 1414 248 1482 formam
270 1417 399 1482 statuti¹
422 1417 559 1483 ciuitatis
583 1415 720 1498 Spoleti3
756 1417 841 1500 qnod
873 1418 900 1483 si
924 1419 1040 1484 citatus
1072 1425 1203 1502 propter
1225 1419 1356 1485 infirmi·

105 1524 229 1598 tatem,
261 1539 323 1602 que
347 1522 457 1600 duret,
487 1539 551 1587 non
582 1525 689 1604 potest
715 1521 748 1586 in
777 1521 890 1590 iuditio
920 1523 1131 1603 personaliter
1162 1542 1355 1606 comparere,

106 1631 221 1692 tamen
243 1629 350 1706 potest
372 1626 567 1691 constituere
590 1631 830 1708 procuratorem
846 1631 881 1692 et
894 1632 1002 1708 potest
1017 1627 1136 1694 habere
1150 1629 1356 1704 aduocatum,

108 1730 166 1810 qui
190 1745 320 1795 oensem
344 1747 436 1796 suom
459 1728 618 1797 detondet.

159 1943 230 1986 ou.
254 1943 340 1987 cxlx.
364 1942 522 1996 primm
544 1942 718 2004 neonem,
743 1945 813 1997 Qme
836 1945 892 1989 EST
914 1945 1028 2001 mmo,
1052 1943 1162 2001 Penne,
1186 1945 1303 2007 MATER,

644 2030 707 2074 1531·
730 2027 826 2074 UXOR.

151 2147 236 2211 Item
259 2149 415 2212 statutum
438 2149 471 2211 et
492 2145 674 2212 ordinatum
696 2151 754 2232 est,
778 2145 863 2229 quod
887 2145 914 2212 si
937 2145 974 2212 fit
989 2147 1114 2229 questio
1131 2147 1171 2214 de
1188 2145 1354 2229 filiatione,

107 2249 164 2315 uel
188 2249 247 2316 (le²
268 2249 472 2333 paternitate,
496 2249 550 2315 uel
573 2269 613 2314 ao
636 2249 745 2332 alique
759 2269 838 2317 uxor
852 2250 950 2316 fuerit
965 2251 1108 2328 alicuius,
1132 2270 1173 2318 an
1189 2252 1255 2334 oe³,
1279 2258 1356 2318 tuno

108 2351 252 2420 suffioiat
282 2353 427 2434 probatio
459 2352 492 2418 in
514 2353 667 2434 predictis
691 2373 749 2436 per
771 2355 871 2420 solem
893 2354 1027 2438 samem,
1064 2355 1114 2422 nei
1137 2357 1212 2437 per⁴
1235 2355 1353 2420 indicia

108 2464 145 2524 et
166 2457 229 2524 hoe
250 2457 283 2521 in
306 2475 404 2522 causo
438 2456 533 2536 eiuili,
568 2475 631 2538 que
654 2457 840 2524 uentillotur
863 2475 969 2524 torem
994 2459 1098 2524 iudice
1121 2458 1257 2538 seculari
1280 2459 1358 2524 oioi-

109 2563 189 2628 tntie
207 2560 341 2643 Spoleti,
361 2560 436 2642 quia
449 2561 483 2625 in
496 2558 568 2628 toro
584 2561 799 2627 eeclesiastico
815 2562 846 2626 in
863 2581 959 2628 eausa
974 2562 1196 2629 matrimoniali
1212 2563 1358 2645 predicta

109 2683 176 2734 non
199 2664 371 2732 nendicant
393 2663 454 2730 sibi
476 2664 590 2731 locum.

163 2877 233 2923 GAP.
258 2877 330 2922 m·
354 2875 438 2930 QUOD
460 2877 557 2920 mm
579 2877 621 2919 DE
643 2875 743 2920 DOBSO
765 2878 829 2922 11οΝ
851 2879 1062 2922 nocumentis
1085 2879 1144 2922 no
1168 2879 1302 2922 nonunt.

153 2995 236 3062 Item
259 2997 413 3061 statutum
436 2998 471 3058 et
493 2992 673 3059 ordinatum
690 2999 750 3074 est,
775 2994 862 3074 quod
878 2994 905 3060 ei
921 2994 1035 3076 aliquis
1051 2993 1185 3062 heberet
1201 2994 1355 3072 domum⁶‚

109 3105 241 3176 terram,
273 3098 409 3177 uineam,
442 3097 495 3163 uel
518 3097 642 3178 aliquos
664 3098 744 3164 alies
767 3099 986 3180 possessiones
1008 3098 1211 3174 immobiles⁶¹
1238 3096 1355 3164 sufiici-

108 3208 203 3270 entes
226 3201 267 3268 ad
290 3200 443 3284 debitum,
466 3219 524 3284 pro
547 3219 610 3282 quo
634 3201 741 3284 egitur
763 3208 874 3269 eontra
897 3221 980 3282 eum,
1003 3221 1065 3268 non
1082 3203 1279 3284 accipiantur
1295 3201 1356 3267 sibi

108 3307 142 3373 in
167 3311 314 3372 tenutam
337 3325 357 3370 a
379 3305 535 3372 creditore
559 3323 618 3372 suo
643 3306 738 3387 panni
761 3306 801 3372 de
824 3306 919 3372 dorso
935 3307 1014 3384 eius,
1037 3311 1147 3372 oontro
1168 3323 1261 3387 quern
1278 3305 1356 3371 aoei-

107 3411 218 3492 pintor
242 3413 362 3490 tenuta,
386 3426 446 3474 neo
468 3426 526 3490 soe
550 3407 680 3490 familie,
704 3427 763 3475 neo
786 3409 885 3491 panni
908 3409 948 3474 de
971 3409 1064 3474 lecto.
1088 3407 1159 3476 Alia
1180 3427 1257 3475 uero
1272 3409 1356 3474 bona

109 3513 252 3599 mobilia,
276 3513 328 3579 uel
350 3531 386 3580 ee
408 3513 572 3579 monentia
593 3511 682 3578 licite
701 3531 759 3595 pro
775 3511 883 3578 debito
898 3513 1022 3596 possint
1037 3512 1136 3595 eoripi
1152 3512 1185 3578 iu
1201 3515 1354 3578 tenutam.

327 3725 394 3770 orn.
418 3724 504 3771 oxxr.
528 3725 571 3768 on
592 3703 915 3770 ommonem&
937 3725 1139 3770 murnum.

151 3843 236 3908 Item
260 3845 414 3908 statutum
437 3845 471 3906 et
492 3841 673 3908 ordinatum
696 3847 756 3925 est,
780 3842 867 3924 quod
889 3841 916 3908 ei
938 3840 1046 3925 aliquo
1068 3859 1121 3909 res
1142 3840 1279 3924 mobilis,
1303 3841 1355 3906 uel

106 3945 282 4014 immobilis
311 3943 408 4012 inerit
437 3950 571 4030 aooepte
600 3944 633 4011 io
655 3950 800 4013 moutam
823 3951 857 4014 et
879 3945 975 4012 fuerit
997 3946 1148 4026 bondito,
1180 3946 1233 4012 uel
1258 3945 1356 4010 etiem

106 4050 289 4132 incantata,
321 4049 407 4133 quod
438 4069 501 4118 non
523 4051 624 4134 possit
646 4051 833 4132 deliberari,
864 4049 916 4118 uel
940 4049 1053 4135 uendi,
1088 4055 1144 4116 eut
1165 4049 1347 4132 permutari,

109 4154 180 4221 out⁸
211 4153 345 4220 alienari
367 4174 426 4236 per
452 4155 662 4234 creditorem,
692 4153 753 4221 nisi
776 4155 865 4238 prius
888 4154 928 4221 de
951 4172 1023 4221 sero
1045 4171 1103 4236 pro
1127 4153 1178 4220 die
1200 4153 1345 4234 sequenti

108 4258 225 4324 citatus
257 4256 354 4324 fuerit
384 4259 455 4340 ille,
479 4264 591 4326 contra
614 4277 706 4343 quem
730 4263 861 4340 accepto
883 4257 980 4324 fuerit
1002 4262 1129 4336 tenuta,
1162 4255 1213 4322 nel
1236 4254 1349 4322 etirm⁸

154 4423 247 4530 ¹stip.
272 4452 400 4530 ojus:
426 4449 653 4530 „statutorum“.
747 4446 987 4511 ’Deestibit
1074 4445 1220 4509 ⁸ibid.:
1248 4441 1352 4524 „noo‘.

112 4539 239 4602 ‘Deest
262 4539 356 4600 ibid.
434 4537 576 4600 ⁶inid.:
601 4537 736 4616 ‚‚ounm“.
816 4535 960 4597 ⁶ibid.=
987 4535 1158 4618 „mobilos“.
1229 4532 1240 4568 ⁷
1263 4533 1349 4595 cod.

109 4627 229 4774 ῗοίἷιίἰᾶ
246 4621 620 4795 ἵεθίιῖεέῗΙίὸταοίοηίὴιιθε
734 4621 746 4657 ⁸
775 4623 833 4699 Ap.
864 4623 991 4700 Ljub.:
1029 4623 1094 4700 „uel
1124 4621 1239 4700 mutari,
1271 4614 1350 4681 uel“.
