3398 5354
1282 441 1341 504 Ι171

87 643 132 707 ad
159 642 260 708 alium
286 643 395 708 ludum
419 645 596 722 tardorum,
629 645 690 709 nisi
720 661 791 709 cum
823 643 905 708 ludit
935 643 977 709 ad
999 643 1126 709 tabulas
1150 649 1183 708 et
1206 644 1247 710 ad
1270 661 1344 709 con·

92 753 212 813 suetos
233 746 326 814 ludos
349 749 550 826 tabularum
574 755 607 814 et
629 747 683 828 qui
707 747 942 828 contrafecerit,
965 746 992 813 ei
1014 747 1054 812 de
1077 747 1139 826 die,
1163 747 1268 812 soluat
1284 765 1343 828 pro

89 849 206 916 banno
230 851 373 932 qualibet
404 852 473 919 uice
504 852 567 916 xl·
591 852 719 930 soldos3
750 851 776 918 si
807 851 847 917 de
876 855 980 930 nocte,
1013 851 1118 916 soluat
1149 869 1206 932 pro
1237 851 1343 917 banuo

90 959 227 1018 centum
250 954 367 1021 soldos.

138 1057 188 1122 Et
211 1057 324 1124 eadem
347 1076 431 1140 pena
453 1059 604 1140 puniatur
626 1058 772 1125 dominus
796 1059 849 1124 uel
873 1057 1033 1125 habitator
1056 1057 1177 1138 domus,
1200 1057 1253 1124 uel
1269 1075 1343 1122 con-

92 1161 223 1240 ductor,
249 1161 282 1226 in
304 1180 367 1243 qua
388 1161 481 1228 fieret
503 1163 606 1228 dictus
628 1162 731 1228 ludus.

142 1265 191 1330 Et
212 1265 334 1332 licitum
356 1266 398 1332 sit
420 1266 552 1333 cuilibet
573 1267 613 1332 de
637 1265 712 1332 hcc¹
735 1283 886 1332 accusare
909 1265 962 1330 uel
986 1265 1175 1332 denuntiare
1197 1273 1231 1332 et
1251 1283 1344 1332 accu-

93 1373 190 1435 sator
211 1370 263 1434 nel
287 1369 489 1436 denuntiator
512 1369 628 1437 habeat
650 1369 853 1437 medietatem
871 1369 947 1435 dicti
962 1370 1077 1449 banni,
1101 1369 1241 1452 exceptis
1256 1369 1346 1436 lesti-

94 1471 257 1538 uitatibne
281 1473 457 1540 natiuitatis
481 1473 615 1539 domini²
638 1481 671 1540 et
694 1473 905 1556 carnispriuij.

144 1576 191 1641 Et
203 1577 352 1658 quicquid
371 1577 486 1659 aliquis
504 1578 683 1644 lucraretur
698 1579 729 1642 in
746 1577 831 1643 dicto
847 1577 933 1660 ludo,
950 1577 1160 1658 compellatur
1176 1575 1348 1644 efficaciter

99 1679 275 1746 restituere
298 1679 461 1762 perditori.

97 1910 170 1956 ear.
205 1911 314 1953 mvn
345 1910 388 1953 mr
417 1909 538 1954 umarrs
569 1909 676 1954 oonnnr
705 1887 845 1954 υοιιιιπο8
874 1911 1051 1956 nonnarum
1081 1913 1120 1955 ur
1142 1911 1207 1955 uon
1229 1911 1349 1956 comra-

642 1998 807 2041 nuurmue.

145 2095 229 2161 Item
252 2101 408 2162 statutum
431 2101 465 2162 ct
486 2096 669 2162 ordinatum
691 2100 750 2174 eat,
775 2097 861 2178 quod
876 2096 1140 2178 quandocumque
1155 2101 1299 2178 potestas
1315 2101 1348 2166 et

98 2203 209 2267 rector
231 2200 316 2280 dicte
345 2199 485 2266 ciuitatis
514 2201 637 2266 miserit
667 2219 725 2282 pro
748 2201 855 2284 eliquo
886 2206 920 2266 et
949 2199 1063 2267 iecerit
1096 2217 1167 2266 eum
1200 2201 1290 2267 citari
1313 2207 1347 2268 et

99 2303 211 2371 uocari
242 2304 327 2384 quod
350 2311 532 2387 compereat
563 2323 670 2371 coram
693 2306 762 2386 ipso
786 2311 820 2370 et
842 2323 947 2370 curam
972 2322 1030 2370 sua
1053 2304 1141 2370 curia
1160 2305 1202 2370 ad
1224 2311 1346 2370 certum

102 2411 277 2474 terminum
304 2409 337 2473 in
368 2409 517 2476 citatione
547 2415 733 2476 contentum
757 2415 791 2474 et
821 2427 883 2475 non
916 2409 1048 2487 uenerit,
1079 2409 1164 2490 quod
1186 2427 1244 2490 pro
1268 2427 1345 2490 qua·

102 2512 184 2579 libet
206 2513 277 2578 uice
300 2513 421 2579 soluat⁴
443 2513 598 2578 communi
621 2512 686 2577 uull
718 2513 837 2592 soldos,
862 2513 923 2578 nisi
946 2511 1062 2578 iustam
1086 2530 1213 2578 causam
1235 2519 1270 2579 et
1293 2531 1348 2580 cx·

100 2616 301 2684 cusationem
325 2635 390 2682 non
413 2617 562 2683 ueniendi
585 2615 727 2696 haberet,
763 2635 858 2698 quam
890 2635 1016 2682 causam
1039 2617 1178 2698 probare
1201 2622 1349 2684 teneatur

101 2721 188 2786 inira
211 2727 441 2803 competentem
464 2721 644 2802 terminum,
667 2741 725 2804 per
748 2722 851 2804 ipsum
873 2727 1076 2802 potestatem,
1108 2721 1158 2786 et⁵
1181 2729 1346 2802 rectorem,

100 2825 155 2890 uel
178 2843 268 2892 suam
293 2827 412 2891 curiam
435 2826 649 2892 statuendum.

102 3056 171 3100 oar.
206 3057 328 3099 mvn.
358 3057 401 3098 nn
422 3056 662 3101 mmmcmrmun
685 3060 724 3100 nr
756 3055 1014 3100 orrnunnurmue
1044 3035 1211 3099 nommum‘*
1239 3057 1347 3100 ronna·

666 3145 782 3188 mnu.

144 3242 229 3306 Item
253 3245 408 3307 statutum
432 3247 466 3307 ct
488 3241 670 3307 ordinatum
685 3247 745 3318 eat,
770 3241 856 3323 quod
870 3240 977 3306 nullus
992 3241 1110 3306 audeat
1125 3240 1233 3322 eliqua
1247 3241 1348 3307 uerba

101 3340 313 3428 ignominiosa
344 3345 450 3412 dicere
480 3345 533 3411 uel
563 3345 708 3428 proferre
730 3351 841 3412 contra
864 3350 1066 3427 potestatem,
1091 3349 1258 3422 rectorem,
1298 3345 1351 3412 uel

101 3449 241 3530 aliquem
266 3446 429 3516 cilitialem
453 3449 558 3530 curiq;
591 3455 624 3515 ct
654 3449 707 3530 qui
743 3447 965 3516 contrafecerit
1005 3448 1155 3530 puniatur
1185 3448 1349 3514 indecem

102 3551 208 3633 mue,
241 3553 335 3619 Etsi
357 3571 469 3620 manus
492 3553 650 3620 uiolentas
672 3553 818 3620 iniecerit
840 3553 872 3617 in
895 3571 978 3631 eum,
1010 3551 1063 3618 nel
1095 3552 1234 3634 aliquem
1257 3569 1349 3617 auum

103 3654 278 3734 offitialem
303 3657 484 3739 duplicetur
506 3676 590 3740 pena
613 3663 725 3723 contra
747 3676 820 3724 eum
844 3657 884 3722 de
907 3657 998 3737 penis
1021 3655 1179 3720 contentis
1212 3655 1245 3720 in
1276 3673 1351 3738 prq-

105 3760 192 3825 senti
208 3759 371 3826 uolnmine
386 3762 514 3828 statuti⁷
529 3767 640 3828 contra
655 3762 735 3840 illoa,
759 3761 812 3843 qui
830 3758 1021 3826 offenderint
1036 3759 1173 3841 aliquam
1189 3759 1348 3841 priuatam

104 3881 285 3944 personam.

147 3967 191 4032 Et
208 3967 363 4046 similiter,
388 3969 415 4034 si
431 3969 502 4050 quie
518 3967 633 4035 dixerit
648 3973 759 4034 contra
774 3973 941 4047 rectorem,
964 3965 1109 4044 iudicem,
1134 3963 1348 4031 consiliarium

105 4071 144 4136 de
168 4071 347 4154 sententiis,
371 4073 616 4138 examinatorem
648 4091 705 4138 seu
737 4077 850 4136 contra
872 4069 1029 4135 notarium
1052 4074 1197 4135 actorum
1220 4068 1351 4151 aliquod

103 4175 239 4239 uerbum
262 4175 302 4241 de
326 4175 432 4256 aliqua
453 4173 596 4241 falsitate
621 4181 655 4241 et
675 4175 791 4241 dictam
807 4173 980 4239 falsitatem
996 4191 1057 4239 non
1075 4171 1261 4254 probauerit
1277 4190 1349 4238 cum

103 4276 230 4362 effectu,
255 4279 405 4361 puniatur
427 4281 459 4344 in
484 4280 594 4346 decem
617 4281 715 4346 libris.

149 4435 279 4498 ¹Deeat
301 4456 349 4514 ap.
373 4439 485 4514 Linb.
570 4435 696 4498 'Deest
718 4439 747 4496 in
770 4437 851 4498 cod.
874 4437 981 4496 acad.
1006 4434 1033 4495 A
1056 4439 1086 4494 et
1107 4435 1142 4495 B.
1227 4431 1353 4494 ³Deeat

103 4525 132 4583 in
155 4525 235 4584 cod.
260 4525 515 4600 acad.Betap.
533 4525 642 4601 Ljub.
714 4522 726 4557 ⁴
748 4525 840 4582 Decet
855 4521 980 4582 incod.
1007 4521 1113 4582 acad.
1130 4519 1167 4583 A.
1231 4517 1351 4580 ⁶Decet

104 4610 197 4671 ibid.
293 4609 418 4670 ⁶Decet
439 4612 470 4670 in
492 4611 572 4672 cod.
596 4610 701 4671 acad.
725 4610 751 4669 B
774 4613 803 4670 et
825 4627 874 4686 ap.
898 4609 1008 4686 Ljub.
1107 4606 1199 4683 'Ap
1222 4607 1351 4684 Ljub.:

105 4694 336 4776 „statutorum“.
