3398 5354
320 425 382 486 242

386 647 454 692 cnr.
477 650 509 691 x.
532 648 575 688 un
597 645 738 690 srrrnrcrs
761 647 923 690 comum
945 648 986 689 rr
1007 646 1117 690 nonum
1138 646 1260 690 orrrcrs
1285 623 1495 689 racnnrnrnb

362 763 445 830 Item
473 769 629 828 statutrun
658 767 692 827 et
714 761 895 828 ordinatum
925 768 984 842 est,
1015 763 1100 843 qnod
1129 761 1251 844 syndici
1273 761 1447 827 communis
1471 765 1563 826 tene·

320 872 415 932 antur
437 867 541 932 omnia
563 866 648 932 bone
663 866 790 931 mobilia
810 871 844 932 et
865 866 1046 950 immobilia,
1070 867 1140 932 iura
1163 877 1197 931 et
1219 865 1362 933 actiones
1385 867 1558 932 communis

320 969 444 1052 Spoleti
467 977 533 1035 tom
557 972 588 1034 in
612 970 750 1050 cirdtate
774 988 870 1052 quem
893 977 985 1036 extra
1008 969 1181 1036 defendere
1204 989 1263 1052 pro
1286 987 1389 1052 posse,
1425 987 1562 1051 querere

320 1094 358 1141 ac
379 1094 544 1158 recupare.
575 1074 620 1140 Et
650 1076 677 1140 si
699 1075 836 1154 aliquem
858 1075 1039 1141 inuenerint
1060 1081 1284 1157 occupatorem
1314 1093 1372 1140 seu
1394 1073 1564 1140 donanda·

321 1187 423 1245 torem
445 1177 619 1244 bonorum¹
642 1179 827 1256 communis,
851 1179 937 1258 quod
961 1183 1073 1245 contre
1091 1177 1172 1244 tales
1188 1184 1359 1244 teneantur
1373 1183 1408 1245 et
1423 1179 1565 1244 debeant

319 1283 447 1348 uinculo
478 1284 668 1350 sacrementi
699 1300 796 1365 agere
824 1300 931 1348 coram
963 1283 1051 1348 curie
1073 1279 1270 1364 Spalatensi³
1299 1287 1332 1350 et
1362 1281 1565 1348 nihilominus

321 1387 400 1469 ipsi*
430 1387 551 1468 syndici
586 1393 756 1452 teneantur
789 1386 920 1452 cuilibet
954 1387 1076 1468 petenti
1106 1392 1218 1452 contra
1249 1387 1368 1452 dictum
1399 1377 1565 1454 commune

320 1495 444 1556 tantum
474 1495 505 1555 in
529 1489 710 1573 Spelatensi
741 1490 829 1555 curie
859 1491 1053 1572 respondere
1083 1497 1116 1556 et
1145 1491 1187 1556 de
1209 1491 1294 1556 omni
1316 1511 1366 1569 eo,
1398 1491 1484 1573 qnod
1507 1509 1567 1573 per

320 1595 422 1661 dictos
453 1595 600 1677 syndicos
631 1593 728 1662 luerit
750 1600 981 1678 recuperatum,
1013 1595 1132 1660 habere
1163 1600 1198 1660 et
1227 1595 1392 1678 percipere
1423 1595 1568 1662 debeant

321 1699 428 1766 soldos
453 1699 532 1765 duos
555 1717 727 1781 parcorum
751 1717 808 1780 pro
831 1698 913 1765 libro
928 1699 1071 1780 qualibet
1094 1699 1135 1765 de
1150 1698 1215 1777 illo,
1239 1699 1391 1766 uidelicet
1412 1700 1458 1766 sic
1473 1716 1568 1766 recu·

319 1809 432 1884 pereto
456 1809 552 1885 prout
571 1803 682 1869 ualere
704 1801 802 1868 luerit
824 1803 1017 1882 oromatum,
1041 1803 1163 1869 scilicet
1184 1804 1224 1869 de
1240 1821 1275 1868 ro
1291 1803 1468 1881 immobili;
1490 1821 1569 1868 nam

320 1905 361 1972 de
383 1906 491 1972 mobili
514 1909 610 1972 etiam
641 1905 760 1972 babere
791 1907 932 1972 debeant
955 1905 1063 1973 soldos
1087 1907 1166 1972 duos
1189 1925 1248 1988 pro
1271 1906 1363 1992 libra,
1394 1907 1519 1974 sufficet
1548 1927 1569 1974 a

321 2011 467 2078 conuicto
499 2015 532 2076 et
554 2011 738 2092 possidente
760 2011 839 2076 illud
868 2009 985 2076 mobile
1014 2011 1070 2088 itu,
1106 2011 1191 2094 quod
1221 2029 1388 2078 commune
1409 2013 1569 2094 percipiat

320 2114 532 2198 integraliter,
556 2115 641 2195 quod
664 2119 716 2180 est
738 2132 839 2179 suum.

364 2218 409 2283 Et
429 2220 574 2301 predicte
595 2219 679 2285 bona
700 2219 930 2300 intelligantur,
954 2235 1016 2300 que
1040 2223 1193 2300 occupata
1215 2223 1367 2284 tenentur
1388 2221 1456 2286 sine
1482 2220 1570 2286 scitu

321 2321 439 2388 domini
462 2322 585 2388 comitis
609 2328 642 2388 et
665 2321 733 2388 eius
757 2321 855 2402 curie.
878 2322 928 2388 De
952 2321 1037 2388 omni
1060 2339 1137 2388 uero
1160 2322 1257 2400 datio,
1281 2323 1410 2406 gabello
1432 2323 1485 2389 uel
1510 2325 1570 2390 do-

319 2443 404 2491 uana
426 2426 563 2507 predicti
586 2428 762 2492 communis
784 2431 851 2492 tam
872 2426 906 2491 in
928 2425 1105 2506 pendendo,
1130 2445 1225 2508 quom
1248 2426 1282 2491 in
1304 2427 1486 2509 recipiendo
1511 2436 1570 2495 aut

321 2531 547 2611 quietationem
578 2529 724 2596 faciendo
754 2529 824 2596 fieri
854 2530 970 2597 debeat
990 2529 1024 2594 in
1052 2530 1194 2612 generali
1216 2530 1347 2596 consilio
1370 2549 1429 2613 per
1452 2550 1570 2598 manus

320 2635 520 2718 syndicorum
544 2635 763 2716 predictorum
785 2640 881 2716 prout
902 2633 964 2700 luit
981 2633 1135 2701 hactenus
1151 2635 1364 2701 obseruatum.
1388 2635 1432 2701 Et
1447 2637 1568 2722 omnic,

318 2757 382 2822 que
412 2741 445 2805 in
474 2739 628 2822 predictis
656 2758 714 2821 per
744 2741 846 2806 dictos
870 2740 1016 2822 syndicus
1046 2743 1140 2804 eruut
1171 2745 1244 2804 acta
1266 2740 1319 2804 uel
1341 2746 1435 2823 gesta
1456 2741 1565 2819 modo,

319 2843 422 2911 torma
445 2849 480 2910 et
501 2844 613 2911 ordine
635 2843 835 2928 supradictis,
858 2844 984 2927 plenam
1008 2844 1173 2910 obtineant
1195 2842 1388 2911 firmitatem.
1453 2869 1459 2876 ·

319 3093 387 3137 cnr.
410 3093 454 3135 xr.
478 3094 520 3137 nn
541 3091 746 3136 rosmomnrrs
770 3092 931 3136 ceunomo
953 3093 993 3134 nr
1017 3069 1111 3193 211112‘
1132 3091 1242 3135 norun
1265 3091 1390 3136 omero
1405 3094 1567 3138 mrum·

831 3179 1018 3222 morano
1038 3205 1044 3220 .

363 3294 445 3360 Item
469 3299 623 3360 stetmum
648 3298 681 3358 et
704 3293 885 3360 ordinatum
907 3299 969 3376 est,
993 3294 1080 3375 quod
1101 3293 1264 3376 iusticiarij
1286 3295 1459 3361 communis
1474 3300 1566 3362 teue-

320 3403 415 3465 antur
437 3399 542 3464 omnia
563 3398 706 3480 pondera
728 3416 767 3464 ac
788 3416 954 3464 mensuras
976 3396 1137 3472 frumenti,
1169 3397 1236 3464 uini
1258 3403 1293 3463 et
1315 3397 1378 3464 olei
1402 3403 1436 3464 et
1458 3399 1568 3464 cuius-

320 3503 400 3569 libet
430 3502 562 3568 alterius
586 3503 722 3584 genecio,
758 3501 873 3584 quibus
895 3507 1029 3566 utuntur
1051 3501 1196 3568 homines
1219 3501 1252 3566 in
1275 3501 1406 3568 ciuitate
1429 3500 1567 3588 Spoleti,

320 3625 456 3690 querere
479 3607 647 3689 diligenter
668 3615 701 3673 et
723 3611 894 3673 tencantur
916 3605 1063 3672 adminus
1085 3605 1185 3672 semel
1207 3605 1240 3670 in
1262 3623 1372 3672 mense
1394 3607 1466 3689 ipsa
1484 3624 1568 3688 pon·

322 3713 411 3788 dero,
431 3717 579 3790 stateras,
602 3711 808 3777 braciolarios
824 3715 858 3776 et
871 3728 1045 3791 mensuras,
1070 3727 1340 3792 quorumcumque
1355 3711 1566 3777 uendentinm

319 3817 353 3882 in
382 3816 514 3882 ciuitate
544 3815 689 3896 predicto
718 3816 829 3882 uidere
851 3821 885 3880 et
907 3815 1088 3880 examinare
1118 3831 1156 3880 cc
1185 3833 1317 3897 ponere,
1346 3815 1501 3883 reducere
1531 3821 1570 3881 et

318 3919 467 4002 legaliter
487 3919 649 3986 iusticiare
671 3919 713 3985 ad
735 3936 899 3986 mensuras
922 3923 955 3984 et
977 3918 1120 4000 pondere
1149 3919 1334 4003 communis,
1370 3919 1456 3985 omni
1478 3919 1564 4000 dolo,

318 4023 432 4089 lrcude
453 4023 641 4104 maliciaque
656 4024 795 4090 remotis.
819 4023 864 4087 Et
877 4023 905 4089 si
920 4023 1057 4104 eliquem
1071 4023 1252 4090 inuenerint
1266 4022 1565 4109 contrafacientem‚

319 4132 491 4194 teneantur
513 4128 617 4208 ipsum
640 4129 830 4195 denuntiare
853 4127 940 4208 curie
964 4126 1163 4209 Spaletensil
1187 4133 1220 4194 et
1242 4128 1283 4196 de
1298 4128 1384 4195 omni
1400 4147 1451 4211 eo,
1475 4127 1567 4209 quod

320 4229 418 4298 fuerit
441 4231 665 4298 contrclecisse
687 4238 834 4315 repertur
855 4251 913 4314 per
936 4232 1037 4298 dictos
1060 4229 1230 4300 officiales⁸
1244 4232 1297 4298 uel
1312 4251 1373 4314 per
1387 4231 1568 4299 familiares

366 4421 456 4502 ¹Ap.
480 4425 506 4484 L
510 4425 609 4502 jub:
642 4423 748 4509 „Quod
778 4424 892 4500 syndici
922 4423 1082 4485 defendant
1110 4426 1175 4486 iura
1204 4424 1349 4500 Spolefi‘.
1437 4420 1570 4484 ¹Deest

317 4511 412 4572 ibid.
463 4509 799 4595 ⁸ibid.:„Spelati“.
859 4506 1151 4589 ⁴ibio.:„dioti“.
1207 4505 1570 4588 ⁶Ap.nj11b.:„de“.

322 4597 334 4633 ⁶
360 4599 505 4675 „pertinet
534 4593 717 4658 exercendo“
750 4598 833 4658 deest
862 4597 956 4659 ibid.
1048 4597 1192 4660 libid:
1222 4598 1390 4676 „communi
1418 4597 1571 4673 Spdati‘.

321 4680 466 4744 ⁸ibid.:
490 4683 689 4767 „predictos“.
