3434 5368
341 422 361 482 2

382 624 484 684 Diniae
506 621 688 697 prouidencie
704 621 818 680 iusticia
833 621 867 679 de
883 620 941 680 celo
956 619 1103 694 prospexit
1118 635 1173 693 qne
1189 635 1239 693 per
1253 617 1352 678 mnndi
1375 617 1581 692 gubernatores

232 797 234 800 ¹
337 732 367 787 et
381 727 524 802 principes
540 725 601 785 sine
615 741 798 798 personarum
815 725 978 816 accepcione
994 725 1102 783 confert
1118 724 1269 796 unicuique
1285 725 1347 780 iura
1361 739 1422 792 sua,
1446 723 1480 780 de
1501 723 1582 780 cuius
1701 741 1702 788 l

341 835 423 892 trono
439 831 566 906 procedit
582 829 695 904 gladius
714 829 759 888 bis
780 829 889 903 acutus,
912 829 1024 887 scindes
1036 830 1073 888 ab
1085 829 1205 902 utraque
1221 830 1311 902 perte,
1328 828 1435 885 iustum
1449 826 1580 885 diuidens

339 936 375 995 ab
391 934 507 1004 iniusto,
523 934 659 990 stateram
674 934 773 990 tenens
788 948 837 1005 pre
853 931 993 1003 manibus,
1010 933 1140 991 omnibus
1155 948 1230 1004 equa
1245 931 1363 990 librans.

381 1038 415 1097 ld
430 1037 504 1096 circo
519 1051 572 1094 nus
587 1035 732 1094 Mamilius
745 1033 859 1110 Georgij
876 1050 970 1092 comes
986 1035 1142 1093 insularum
1156 1035 1270 1094 Gnraole
1282 1035 1311 1092 et
1322 1033 1436 1092 Mallote
1448 1047 1503 1090 cna
1515 1047 1580 1089 cum
1701 1087 1702 1098 ,

338 1139 522 1200 uniuersitate
534 1139 616 1198 ¹vrbis
632 1138 758 1196 eiusdem
775 1138 888 1197 Oumole
904 1153 955 1212 per
970 1138 1099 1199 semitam
1118 1137 1229 1196 iusticie
1242 1137 1427 1212 proponentes
1440 1135 1579 1202 incedere,

336 1261 371 1304 ne
387 1243 493 1317 aliquis
508 1243 614 1302 ciuium
637 1241 788 1300 forensium
812 1243 915 1301 ductus
931 1257 1035 1321 errore,
1059 1241 1184 1301 ferratur
1205 1241 1357 1300 arbitraris
1379 1257 1430 1314 per
1452 1236 1578 1300 auamcie
1700 1265 1702 1318 l

337 1349 452 1425 fluctus,
475 1349 507 1406 rt
521 1346 604 1406 nauis
620 1346 682 1405 sine
703 1345 849 1420 regimine,
874 1345 1038 1404 larismutis
1052 1345 1178 1418 graciam
1201 1345 1374 1414 inuocantes,
1398 1341 1577 1403 decernimus
1700 1361 1702 1418 ς

336 1453 454 1530 statuta,
473 1439 508 1510 de
523 1467 595 1510 nouo
609 1450 778 1508 iursnouala
793 1449 871 1521 urbe,
888 1449 1000 1508 nouiter
1015 1449 1143 1531 condere,
1160 1450 1266 1522 quibus
1282 1449 1474 1521 uuusquisque
1486 1445 1579 1521 possit
1700 1445 1702 1518 l

333 1557 396 1634 regi
411 1557 440 1616 et
455 1555 557 1616 debeat
571 1553 720 1627 utriusque
735 1569 820 1612 sexus
835 1555 951 1626 alaeque
969 1553 1141 1612 unanimiter
1155 1553 1282 1626 gaudeat
1296 1553 1357 1611 inre
1374 1567 1434 1612 suo.
1701 1609 1702 1618 ,

376 1660 437 1720 Nos
451 1675 518 1719 uero
533 1657 693 1717 comanitas
708 1653 825 1716 (lun-mle
840 1673 936 1716 omnes
951 1657 980 1714 et
994 1657 1101 1732 singuli
1116 1656 1269 1733 bonafide,
1292 1655 1394 1716 stende
1409 1653 1580 1730 postposita,
1700 1665 1702 1684 ⁴

336 1765 447 1840 sponte,
464 1762 494 1822 ui
509 1762 606 1835 aliqua
621 1760 788 1832 nauseanti,
806 1760 932 1819 iuramus
944 1775 995 1834 per
1006 1762 1106 1819 sancta
1117 1761 1163 1820 dei
1174 1761 1332 1841 euangelia,
1349 1760 1425 1833 quod
1438 1759 1473 1818 ‹le
1485 1759 1580 1818 cetero

336 1867 449 1928 domino
464 1865 594 1926 Mamilio
616 1864 772 1938 prelibato,
797 1865 943 1938 umquam
967 1865 1062 1924 nostro
1077 1863 1173 1923 comiti
1191 1866 1220 1923 et
1235 1864 1348 1923 domino
1364 1863 1578 1936 inperpetuum
1700 1859 1702 1916 ἑ

334 1970 432 2031 fideles
454 1969 560 2032 erimus
576 1969 605 2028 et
623 1968 718 2042 ipsum
734 1968 901 2027 habebimus
924 1968 1023 2027 amodo
1038 1968 1068 2026 in
1083 1968 1168 2026 antea
1183 1984 1233 2041 pro
1251 1969 1345 2027 nostro
1368 1967 1468 2026 comite
1484 1967 1514 2025 et
1529 1965 1578 2023 ‹lo-
1701 2035 1702 2066 ἦ

333 2074 409 2134 mino
424 2074 454 2132 in
469 2074 646 2152 perpetuum,
661 2072 735 2131 sicut
750 2071 908 2133 iurauimus
923 2074 952 2130 et
967 2071 1119 2131 habuimus
1135 2074 1164 2130 et
1178 2073 1282 2130 habere
1304 2071 1452 2130 debuimus
1467 2087 1485 2129 a
1500 2069 1582 2142 prin·

334 2178 417 2254 cipio,
441 2179 552 2252 quando
575 2177 775 2250 supposuimus
797 2176 853 2234 eibi
868 2193 918 2235 nos
933 2176 962 2234 et
978 2177 1091 2250 terram
1116 2177 1145 2234 et
1159 2177 1271 2249 quanio
1287 2175 1347 2250 ipse
1364 2175 1443 2234 uenit
1457 2177 1487 2232 et
1503 2173 1581 2246 cepit
1700 2225 1702 2250 4

335 2299 397 2344 eam
416 2279 601 2342 rehedillcare
616 2279 772 2339 nobiscum.

376 2385 415 2445 lut
437 2384 524 2444 liceat
545 2383 571 2443 ei
593 2383 736 2444 dimittere
758 2382 819 2442 loco
842 2399 892 2442 eno
915 2383 1039 2457 aliquem
1062 2383 1124 2443 uice
1147 2383 1277 2443 comitem
1293 2399 1356 2442 eum
1375 2383 1435 2457 ipse
1451 2382 1578 2442 residen-
1700 2373 1702 2454 ξ

335 2490 407 2550 ciam
423 2505 479 2548 non
495 2487 596 2547 lecerit
610 2503 661 2562 pro
676 2504 725 2548 sue
741 2488 859 2546 arbitrio
874 2488 1041 2558 uoluntatis,
1058 2489 1088 2546 et
1099 2487 1220 2560 quilibet
1231 2504 1323 2547 comes
1335 2503 1385 2561 pro
1397 2504 1447 2546 suo
1460 2486 1581 2548 habebit

335 2593 439 2654 salario
454 2592 626 2668 quingentas
649 2592 738 2652 libras
761 2591 938 2650 denariorum
953 2590 1122 2651 Venetorum
1143 2608 1297 2665 pannorum
1317 2607 1367 2664 pro
1383 2591 1579 2651 comistacione
1701 2581 1702 2664 3

335 2697 509 2757 deeimarum
524 2698 554 2755 et
567 2697 737 2778 bannorum,
761 2711 815 2768 que
831 2695 938 2754 decime
953 2697 987 2754 de
1003 2702 1095 2757 cetero
1118 2696 1214 2755 comiti
1229 2713 1281 2754 nec
1296 2696 1383 2754 alicui
1406 2695 1579 2769 pertinentes
1700 2685 1702 2756 l

334 2803 372 2861 ud
383 2801 548 2860 comitatum
564 2802 593 2858 et
608 2800 681 2859 bona
697 2799 849 2859 deneniant
863 2799 893 2858 in
908 2815 1034 2872 comune,
1059 2815 1177 2872 quorum
1193 2799 1373 2864 medietatem
1396 2799 1452 2858 sibi
1467 2801 1580 2859 soluere
1700 2843 1702 2864 .

335 2908 482 2965 teneamur
497 2904 527 2963 in
542 2904 614 2964 leste
628 2905 789 2964 sanctorum
801 2903 989 2977 apostolorum
1002 2902 1118 2979 Phylipi
1131 2905 1160 2962 et
1170 2903 1191 2961 J
1192 2904 1281 2964 accbi.
1299 2903 1440 2962 Heredum
1455 2921 1579 2978 namque
1700 2949 1702 2990 3

337 3009 402 3085 poet
423 3009 541 3068 mortem
557 3007 660 3084 prefati
676 3007 786 3068 comitis
802 3005 934 3088 Marsilij,
950 3005 999 3080 qui
1015 3008 1049 3066 de
1064 3007 1188 3067 eiusdem
1204 3009 1304 3067 exierit
1319 3009 1466 3081 sanquine,
1490 3009 1580 3067 habe·
1700 2993 1702 3078 ξ

333 3113 428 3173 bimus
451 3129 536 3172 unum
561 3111 695 3173 maiorem
718 3112 795 3172 etate
810 3127 860 3185 pro
876 3111 976 3170 comite
992 3113 1021 3170 et
1036 3112 1146 3171 domino
1157 3112 1187 3170 in
1202 3115 1377 3186 perpetuum,
1394 3112 1419 3170 si
1431 3111 1487 3172 erit
1502 3129 1577 3171 mas·
1700 3119 1702 3196 3

335 3217 417 3276 culus
432 3215 459 3276 ei
473 3213 633 3275 tenebimus
648 3215 725 3275 sicut
746 3215 859 3274 dominc
874 3215 1003 3274 lllarsilio
1018 3215 1047 3273 in
1063 3216 1192 3274 omnibns
1208 3219 1237 3273 et
1251 3216 1345 3275 omnia
1364 3217 1510 3289 tamquam
1526 3233 1578 3290 pro
1701 3197 1702 3214 ³

334 3320 429 3378 nostro
445 3318 545 3378 comite
560 3317 673 3378 obedire
688 3320 718 3377 et
732 3319 761 3377 in
777 3319 863 3378 rebus
879 3319 983 3378 debitis
1006 3321 1174 3392 respondere
1196 3320 1256 3378 sine
1278 3321 1422 3378 masculus
1446 3320 1500 3378 erit
1513 3321 1577 3379 siue
1700 3375 1702 3400 4

335 3421 440 3481 lemine
458 3421 554 3482 heres:
585 3423 614 3480 et
628 3421 653 3481 si
668 3422 749 3482 heres
771 3422 933 3481 huiusmodi
957 3424 1023 3482 ante
1045 3423 1330 3508 quintumdecimum
1346 3439 1450 3481 annum
1474 3425 1579 3482 obierit
1700 3401 1702 3424 ⁴

333 3525 441 3600 pecatis
463 3525 642 3601 exigentibus
664 3526 725 3584 sine
749 3525 909 3596 herodibus,
934 3527 1018 3585 liceat
1040 3526 1178 3599 prelibato
1198 3527 1308 3586 domino
1331 3527 1459 3586 Marsilio
1474 3527 1509 3585 de
1525 3545 1578 3586 suu
1701 3539 1702 3542 ’

333 3629 556 3703 propinquorum
580 3629 711 3704 progenie
734 3644 784 3687 seu
806 3630 973 3705 cognacione
995 3631 1126 3690 heredem
1148 3633 1177 3691 et
1200 3647 1388 3692 successorem
1416 3631 1576 3704 relinquere

334 3735 364 3792 et
377 3733 527 3792 instituere
541 3733 577 3792 ud
593 3732 760 3791 comitatum
778 3732 892 3793 Oumole
907 3736 937 3793 et
951 3735 1064 3794 llellete
1087 3736 1240 3795 secundnm
1256 3735 1332 3808 quod
1348 3735 1408 3808 ipse
1431 3735 1576 3793 ordinauit
1701 3733 1702 3748 ³

333 3837 380 3896 nel
395 3837 569 3896 ordinauorit
583 3837 620 3896 ad
633 3853 714 3895 suum
728 3838 810 3912 uelle,
835 3838 884 3911 qui
899 3839 980 3897 heres
996 3839 1042 3897 uel
1057 3855 1201 3898 antecessor
1222 3840 1251 3898 in
1275 3839 1399 3913 intrcytu
1423 3839 1576 3898 comitatus
1699 3829 1702 3914 f

333 3939 440 4000 iurabit
461 3941 498 4000 ad
520 3941 620 4000 sancta
641 3940 686 4000 dei
709 3941 857 4016 euangelia
880 3943 1013 4001 uexillum
1037 3942 1130 4001 sancti
1148 3943 1237 4002 Marci
1254 3943 1283 4000 in
1299 3942 1430 4000 manibus
1445 3944 1574 4014 tenendo,

332 4059 429 4118 regere
444 4060 495 4102 nos
510 4043 632 4103 fideliter
647 4045 799 4104 secundum
817 4045 928 4104 statuta
939 4048 1035 4105 nostru
1050 4046 1163 4106 condita
1174 4047 1203 4105 et
1214 4048 1366 4118 eoudemla,
1382 4049 1411 4104 et
1422 4047 1575 4126 custudire,

333 4147 514 4206 manutenere
529 4147 559 4205 et
573 4165 628 4206 non
644 4149 853 4224 contranenire3
877 4151 906 4207 et
920 4165 971 4208 nos
994 4149 1150 4209 iurabimue
1168 4149 1259 4209 eidem
1274 4165 1336 4208 esse
1352 4150 1449 4209 fideles
1465 4152 1494 4209 et
1508 4152 1576 4210 obe·

331 4250 391 4310 dire
405 4250 546 4324 preceptis
562 4250 622 4310 eius
636 4253 783 4324 tamquam
799 4252 887 4311 nostri
900 4253 1010 4312 comitis
1022 4253 1103 4312 iuxta
1118 4254 1228 4312 statuta
1248 4253 1356 4327 scripta
1371 4255 1400 4312 et
1414 4255 1573 4325 scribenda,

332 4353 362 4411 ut
377 4353 482 4413 dictum
506 4355 558 4414 eet.
583 4354 621 4412 llt
642 4356 666 4413 si
689 4357 770 4415 heres
794 4356 848 4414 crit
869 4355 984 4428 femina,
1008 4357 1063 4415 erit
1085 4358 1182 4416 nostra
1204 4357 1360 4429 comitissa,
1384 4360 1413 4416 et
1434 4375 1504 4417 suns
1527 4359 1574 4417 uir

326 4458 425 4516 noster
446 4473 537 4516 comes
560 4459 589 4515 et
612 4461 721 4529 rector3
744 4461 773 4517 et
796 4461 821 4518 si
843 4460 906 4533 ipsa
928 4459 1067 4519 obedierit
1089 4462 1135 4520 uel
1157 4461 1308 4520 decesserit
1330 4463 1436 4534 absque
1459 4463 1570 4538 herede,

330 4559 463 4618 ueucnint
484 4561 635 4620 comitatus
651 4565 687 4621 ad
703 4580 787 4620 vnum
806 4564 1034 4637 propinquiorem
1058 4565 1092 4622 de
1107 4581 1159 4623 sua
1173 4565 1369 4642 progenic,.vt
1391 4567 1499 4626 dictum
1515 4573 1568 4636 est,

328 4661 482 4722 monadum
498 4664 571 4743 quod
589 4664 649 4738 ipse
665 4665 811 4724 Mursilius
833 4666 976 4725 ordinauit
991 4667 1036 4724 uel
1060 4667 1250 4747 crdiueuerit3
1274 4671 1303 4726 et
1317 4669 1358 4728 sic
1374 4670 1408 4728 de
1423 4669 1525 4730 herede
1541 4669 1570 4727 in
