3434 5368
34 379 104 420 7⁶2³*st
136 393 141 412 r

52 473 96 512 Γ
306 491 310 498 ·

49 513 67 524 ι’,
92 511 104 530 ’,μ
179 529 180 532 ¹
333 511 335 518 ¹

34 533 70 576 ³
143 553 146 562 .
206 547 217 558 ,
288 487 331 562 24

34 593 91 654 ids'u

55 657 66 672 θ

56 669 75 684 ”
193 711 194 718 ·
287 715 359 764 cum
382 697 467 763 dicto
491 696 615 765 latrone
637 701 748 764 contra
780 695 899 761 dictum
922 699 1076 761 statutum
1099 699 1134 762 ct
1155 693 1324 776 probatum
1354 689 1451 760 fuerit
1472 709 1532 774 per

285 797 427 884 ydoneos
460 803 561 866 testes
589 799 642 864 uel
677 817 736 881 per
758 797 915 880 publicam
949 796 1066 864 famam
1101 796 1196 863 fuerit
1231 795 1450 880 manifestum,
1484 791 1532 861 sic

285 905 400 988 perdat
424 921 598 986 yperperos
621 903 676 985 iiij,
699 921 761 982 que
784 915 867 984 pena
890 899 1041 967 deuenlot
1059 901 1090 966 in
1113 917 1288 967 commune.

723 1075 791 1124 our.
814 1081 871 1122 xrr.
895 1079 937 1121 ou
958 1058 1093 1122 transm.¹

331 1182 411 1248 Item
434 1181 613 1259 statuimus,
637 1178 721 1260 qnod
745 1179 771 1243 si
796 1178 908 1260 aliquis
923 1185 1035 1261 pastor
1051 1179 1166 1245 dixerit
1181 1198 1216 1244 se
1232 1179 1376 1245 amisisse
1391 1178 1531 1260 aliquam

287 1285 421 1352 bestiam
444 1301 591 1368 magnam
613 1285 666 1348 uel
690 1301 820 1364 paruam
844 1288 878 1356 et
900 1284 1065 1362 nescierit,
1101 1283 1172 1364 quis
1196 1283 1364 1348 abstulerit
1385 1301 1465 1362 eam,
1488 1281 1533 1348 sit

288 1390 435 1456 damnum
459 1407 559 1470 super
580 1393 740 1469 pastorem
764 1392 799 1452 et
821 1386 971 1452 credatur
992 1391 1226 1466 sacramentum
1257 1387 1383 1452 domino
1407 1385 1528 1452 anima-

287 1493 364 1558 lium
387 1491 535 1558 dedicta
558 1491 681 1556 damno.

715 1634 782 1678 oar.
806 1633 875 1675 xm.
899 1609 1101 1677 orevson1s.²

331 1733 412 1800 Item
436 1734 614 1812 statuimus,
639 1733 724 1814 quod
747 1733 851 1798 nullus
875 1733 931 1798 det
952 1733 993 1798 ad
1015 1749 1152 1817 rsuram,
1177 1735 1210 1798 et
1232 1730 1286 1813 qui
1302 1730 1436 1815 dederit,
1461 1747 1534 1814 per-

289 1837 345 1904 dat
366 1843 466 1904 totam
503 1855 629 1902 rsuram
664 1855 759 1918 quam
783 1835 873 1902 dabit
896 1843 929 1902 et
950 1836 1021 1916 ille,
1056 1835 1109 1917 qui
1131 1835 1289 1917 receperit
1320 1834 1466 1902 denarios
1490 1833 1533 1899 ad
1625 1897 1631 1908 ,
1681 1901 1682 1912 ,

290 1961 434 2020 rsuram,
457 1941 572 2023 perdat
593 1957 785 2022 yperperum
808 1939 902 2006 vnum
925 1945 959 2006 et
981 1941 1035 2020 qni
1058 1939 1280 2020 concordabit,
1312 1938 1534 2004 nichilominus

289 2045 405 2128 perdet
426 2047 527 2111 totum
549 2044 646 2123 illud,
673 2044 757 2125 qnod
788 2045 968 2110 continetur
990 2044 1023 2108 in
1047 2043 1131 2110 dicto
1155 2048 1274 2110 statuto
1308 2040 1533 2124 aliquomodo

289 2150 342 2215 uel
364 2149 500 2232 iugenio,
532 2147 560 2213 si
583 2147 751 2229 probatum
773 2147 870 2214 merit
891 2165 950 2229 per
971 2147 1112 2230 ydoneos
1134 2151 1236 2214 testes
1257 2145 1326 2214 uel⁸
1348 2163 1406 2230 per
1428 2143 1533 2228 publi·

290 2269 358 2318 cem
381 2251 498 2318 lamam
521 2251 584 2318 erit
605 2249 817 2318 manifestum.

559 2427 628 2472 cas.
652 2429 716 2470 xrv.
740 2428 782 2470 on
805 2427 1029 2473 ooomrrnrmos
1051 2402 1260 2472 susurnam!

332 2527 413 2594 Item
436 2525 621 2606 statuimus,
656 2526 741 2608 quod
766 2525 793 2592 si
816 2525 929 2608 aliquis
963 2531 1073 2593 noster
1096 2525 1176 2593 ciuis
1199 2523 1399 2594 defendendo
1422 2543 1458 2590 se
1479 2523 1534 2590 uel

291 2649 366 2696 snas
400 2629 520 2695 bestias
543 2636 599 2695 aut
620 2631 723 2695 socios
746 2646 820 2696 suos
843 2634 954 2696 contus
987 2628 1123 2710 aliquem
1160 2628 1319 2696 forensem
1353 2627 1533 2694 uenientem

288 2733 320 2798 in
343 2733 476 2798 insulam
499 2733 540 2798 ad
561 2733 777 2816 accipiendum
800 2753 857 2816 per
878 2732 1012 2800 forciam
1036 2733 1088 2799 uel
1111 2733 1190 2799 alios
1212 2751 1265 2798 res
1287 2731 1427 2800 noluerit
1448 2730 1532 2798 acci·

289 2854 370 2918 pere
392 2854 450 2918 per
479 2836 544 2900 uim
567 2841 601 2901 et
623 2835 727 2900 dictus
760 2835 838 2903 ciuis
871 2842 981 2902 noster
1015 2834 1214 2902 defendendo
1238 2855 1273 2902 se
1295 2835 1346 2900 uel
1370 2853 1445 2901 suas
1479 2851 1534 2900 res

290 2935 592 3016 intemecerit'eum,
616 2938 703 3004 nullo
725 2939 821 3005 modo
844 2945 992 3006 teneatur
1013 2939 1120 3022 puniri
1142 2931 1244 3004 dictus
1267 2939 1375 3003 noster
1397 2933 1475 3002 ciuis
1491 2936 1534 3000 de

290 3041 397 3120 aliqua
419 3059 503 3122 pena
525 3045 559 3106 et
580 3041 641 3107 hoc
662 3041 900 3125 intelligendum
925 3049 989 3124 est,
1025 3040 1193 3109 sidietum
1227 3041 1377 3106 damnum
1411 3037 1535 3104 ualebit

289 3143 373 3210 vltra
394 3144 533 3210 medium
556 3160 755 3227 yperperum.
780 3142 908 3212 Scilicet
929 3147 970 3213 de
991 3147 1109 3213 nostris
1132 3143 1314 3224 conuieinis,
1338 3142 1392 3225 qui
1408 3147 1481 3209 suut
1496 3145 1532 3208 et

264 3249 444 3314 .lrabitant
466 3267 486 3314 a
509 3245 656 3331 Sybinico
690 3267 789 3330 vsque
818 3251 858 3316 ad
889 3247 1056 3316 Curzolam
1088 3257 1122 3315 et
1150 3247 1328 3314 aCurzola
1360 3265 1459 3329 vsque
1491 3243 1535 3310 ad

289 3349 464 3434 Ragonium
488 3356 521 3416 et
542 3351 583 3416 ab
612 3353 717 3418 insula
748 3351 839 3432 Fare,
863 3353 964 3418 Brace
987 3360 1018 3419 el
1042 3353 1106 3418 Isle
1136 3357 1170 3418 et
1191 3370 1250 3434 per
1279 3355 1379 3417 totam
1413 3355 1533 3415 terram

290 3453 411 3520 finnam
434 3474 459 3546 a¹
477 3453 631 3536 Tragurio
655 3455 818 3536 usquead
843 3453 1032 3537 Sybinicum.
1157 3541 1160 3548 Ι

638 3650 706 3694 ῦΑΡ.
729 3651 782 3694 XV·
806 3651 848 3693 DE
872 3650 1004 3694 ΒΔΜΒῙΟ
1026 3651 1178 3694 mamm.

335 3747 416 3813 Item
440 3747 608 3813 statuimus
631 3749 716 3830 quod
739 3749 895 3831 pistaldus
918 3749 1031 3816 missus
1042 3767 1100 3831 per
1115 3748 1292 3814 commitem
1308 3745 1360 3813 uel
1376 3763 1434 3828 per
1448 3744 1533 3812 uicc

289 3849 436 3917 comitem
459 3849 510 3918 uel
533 3870 591 3933 per
614 3852 743 3931 curiam,
779 3850 898 3919 debeat
919 3851 1038 3918 habere
1060 3869 1117 3934 pro
1140 3869 1197 3918 suo
1221 3852 1337 3934 precio,
1373 3847 1399 3914 si
1425 3847 1534 3912 ablata

289 3950 386 4020 fuerit
408 3953 567 4031 debonis,
592 3952 706 4034 naccis,
737 3955 828 4037 equis
851 3961 885 4022 et
907 3955 1054 4023 iumentis
1077 3973 1135 4038 pro
1158 3975 1220 4021 vna
1248 3971 1372 4037 quaque
1402 3970 1532 4036 grossos

289 4057 322 4138 iij
348 4057 388 4123 ds
410 4055 482 4136 illis,
507 4059 560 4139 qni
584 4057 742 4124 inuenerit
763 4063 797 4122 et
819 4059 859 4124 dc
882 4059 985 4140 porcis
1000 4064 1033 4125 et
1048 4057 1144 4124 asinis
1161 4077 1218 4140 pro
1235 4074 1421 4140 unoquoque
1441 4073 1532 4138 gros·

289 4177 341 4225 sos
364 4159 395 4242 ij,
421 4163 454 4225 et
475 4160 515 4224 do
538 4161 646 4242 paruis
669 4161 780 4227 bestiis
804 4179 862 4243 pro
886 4181 948 4228 vna
970 4181 1095 4244 quaque
1117 4179 1261 4244 grossum
1284 4179 1379 4226 vnum
1402 4174 1459 4242 pro
1474 4177 1533 4224 suo

289 4261 414 4328 salario.

336 4455 406 4520 1cr.
423 4474 487 4534 cap.
504 4457 603 4518 axvi.
622 4457 738 4518 sulus.

337 4539 349 4664 ζ
363 4543 407 4690 Ξῖ.
424 4545 750 4692 ⁰{P'ulssff-I10'tsmffi'
769 4545 822 4621 Ap.
840 4545 948 4606 Herm
958 4561 1023 4621 ayr
1038 4543 1117 4605 deest
1132 4545 1216 4605 hocce
1232 4543 1398 4620 capitulum.

337 4713 349 4749 ⁴
365 4648 486 4796 eif'oass.
502 4677 639 4780 uarius
651 4717 768 4781 ssent.
