3416 5350
1301 449 1359 507 loo

120 657 153 716 ot
177 650 315 717 haberet
336 651 368 715 in
391 651 481 716 bonis
504 653 587 732 suis,
619 650 660 717 de
683 651 798 733 quibus
820 655 927 732 posset
956 649 1139 716 satisfacere
1165 649 1304 730 petenti,
1336 649 1362 714 si

117 773 182 818 uon
213 753 374 820 inuenerit
407 752 624 820 fideiussorem
658 755 708 820 uel
733 755 933 820 defensorem
957 753 988 818 in
1012 751 1141 820 ciuitate
1162 753 1307 837 predicta
1329 757 1363 818 et

115 865 285 941 oporteret
307 877 378 925 eum
400 859 432 924 in
456 858 652 926 carceribus¹
676 859 821 926 detineri.

524 1091 592 1134 OAI’.
616 1091 751 1132 mnu.
776 1091 818 1132 Du
841 1091 959 1133 EODEM.

157 1207 241 1271 Item
266 1211 422 1272 statutum
445 1215 479 1274 et
501 1207 678 1273 ordinatum
702 1211 761 1286 est,
786 1207 872 1289 quorl
895 1206 979 1272 iilius
997 1207 1161 1286 familiari,
1187 1207 1239 1289 qui
1258 1211 1309 1272 cst
1330 1207 1362 1272 in

114 1316 279 1392 potestate
309 1313 425 1394 patria,
457 1313 489 1376 in
521 1329 618 1377 causa
644 1312 732 1406 'ciuili
768 1311 818 1378 uel
850 1311 1003 1377 criminali
1034 1331 1097 1376 non
1129 1311 1301 1392 recipiatur
1331 1311 1363 1375 in

116 1413 358 1493 fideiussorem
375 1418 511 1482 etruria
528 1414 654 1497 quando
671 1415 702 1479 in
720 1433 816 1480 carisa
832 1414 985 1480 criminali
1002 1415 1133 1496 rccipit³
1147 1413 1362 1492 fideiussores

117 1519 268 1599 exquirat
292 1519 470 1601 diligenter,
494 1520 520 1584 si
544 1517 713 1585 fideiussor
736 1517 834 1584 habet
856 1523 980 1600 patrem
1005 1537 1062 1583 nec
1085 1537 1144 1586 ne:
1167 1523 1200 1584 et
1225 1518 1251 1584 si
1267 1517 1366 1583 habet

116 1629 256 1704 patrem,
282 1641 342 1688 nou
366 1623 500 1704 recipiat
523 1642 595 1688 eum
618 1625 651 1688 in
668 1622 895 1700 fideiussorem,
921 1625 981 1690 nisi
1004 1624 1154 1689 ostendat
1174 1623 1364 1688 instrumen-

116 1732 185 1792 tum
219 1727 499 1808 emancipationis3
532 1732 566 1792 et
583 1727 623 1792 si
654 1729 907 1810 interrogaretur
937 1728 978 1792 ab
1001 1725 1187 1793 offitialibns
1211 1727 1308 1810 curie,
1340 1726 1366 1792 si

115 1832 256 1896 haberet
279 1838 402 1911 patrem
427 1849 485 1898 nec
507 1850 557 1911 ne,
583 1837 616 1896 et
632 1839 775 1914 negaret,
799 1851 834 1898 se
857 1831 975 1898 habere
994 1837 1128 1913 patrem,
1154 1835 1188 1896 et
1201 1831 1234 1895 in
1250 1830 1295 1896 rei
1312 1847 1366 1896 uc·

116 1936 212 2000 ritate
235 1941 358 2016 patrem
382 1934 526 2010 haberet,
561 1936 816 2016 condemnetur⁴,
851 1941 1014 2017 tamquam
1045 1933 1193 2000 falsarius
1223 1934 1255 1998 in
1277 1952 1364 1998 xxv.

122 2039 280 2104 librarum
303 2037 497 2104 Venetorum
522 2057 693 2120 paruarum
718 2040 785 2105 siue
809 2039 917 2121 aliqua
939 2039 1133 2106 remissione.

527 2269 594 2312 ΟΔΡ.
618 2270 749 2311 LXXXIV.
774 2271 817 2311 ΒΕ
839 2269 955 2312 DODDH.

161 2383 243 2476 Item
268 2389 422 2450 statutum
446 2391 479 2452 et
502 2385 681 2451 ordinatum
704 2391 761 2467 est,
786 2385 921 2468 quodsi
945 2385 1058 2465 aliquis
1082 2384 1253 2450 fideiussor
1276 2384 1353 2450 reci·

115 2487 223 2566 piatur
243 2488 276 2552 in
299 2505 396 2552 cansa
418 2488 581 2570 criminali,
606 2489 632 2552 si
656 2488 945 2569 representarrerit⁶
966 2487 1184 2570 principalem,
1216 2507 1274 2570 pro
1299 2505 1362 2568 qno

115 2587 276 2655 fideiussit
297 2591 507 2671 personaliter
530 2609 635 2656 coram
659 2597 819 2674 potestate
842 2599 874 2658 et
897 2611 955 2657 soa
976 2593 1062 2658 curia
1090 2598 1124 2656 et
1150 2611 1223 2658 eum
1240 2591 1364 2658 miserit

120 2695 153 2757 in
177 2694 243 2758 uim
267 2695 319 2760 nel
342 2693 491 2760 farciant
513 2695 629 2760 domini
653 2691 822 2777 potestatis
847 2701 880 2762 et
902 2713 959 2776 soc
984 2696 1080 2774 curie,
1106 2695 1148 2759 sit
1163 2696 1316 2761 liberatus
1334 2701 1367 2760 et

117 2798 287 2863 absolutus
310 2797 350 2863 ab
372 2798 443 2880 ipsa
465 2797 677 2893 fideiussione,
701 2800 728 2866 si
745 2799 1034 2880 representauerit⁷
1056 2805 1131 2880 post
1146 2799 1365 2865 condemnati·

116 2901 229 2967 onem⁸
251 2900 368 2967 factam
392 2903 433 2969 de
455 2901 519 2982 iilo,
543 2921 601 2986 pro
626 2922 688 2986 qno
712 2903 816 2969 extitit
838 2901 1020 2970 fideiussor.

537 3133 604 3176 ΟΔΡ.
628 3133 749 3176 DXXXV.
774 3135 815 3176 DE
833 3133 949 3176 DODDM.

161 3247 245 3312 Item
269 3255 423 3314 statutum
447 3255 479 3314 et
502 3249 683 3314 ordinatum
707 3255 765 3325 est,
791 3245 877 3330 quod
901 3249 1003 3315 minor
1018 3249 1120 3332 xviij
1139 3249 1240 3325 annis,
1266 3267 1304 3313 ac
1320 3247 1367 3328 fc·

117 3351 205 3414 mina
229 3352 262 3414 in
287 3370 382 3416 causa
406 3352 490 3417 ciuili
511 3371 574 3418 non
591 3353 785 3433 recipiantur
805 3354 836 3416 in
852 3351 1040 3420 fideiusorcs
1057 3359 1090 3420 et
1106 3353 1131 3416 si
1148 3353 1368 3434 recipirentor,

117 3473 231 3518 corum
256 3453 420 3522 fideiussio
443 3475 505 3522 uon
531 3457 638 3522 ualeat
659 3457 729 3538 ipso
752 3457 829 3522 inre.

527 3685 593 3729 ΟΑΡ.
618 3686 751 3728 nxxm.
775 3687 817 3728 DD
840 3685 958 3728 monitu.

160 3800 245 3864 Item
269 3805 423 3865 statutum
446 3807 480 3866 et
502 3801 681 3865 ordinatum
706 3806 763 3884 est,
789 3801 874 3881 quod
898 3800 924 3863 si
946 3801 1053 3881 plures
1068 3807 1143 3866 sunt
1158 3800 1361 3866 fideiussores

115 3903 148 3966 in
173 3902 311 3967 solidum
336 3904 468 3986 obligati
500 3904 569 3967 siue
593 3905 624 3968 in
649 3921 744 3968 causa
780 3903 874 3981 ciuili,
910 3905 978 3968 siue
1008 3905 1040 3968 in
1071 3921 1167 3970 causa
1198 3901 1363 3980 criminali,

119 4006 228 4070 nullus
252 4023 359 4071 eorum
376 4008 477 4088 possit
497 4008 667 4086 conueniri,
693 4007 743 4073 uel
761 4005 933 4088 constringi
950 4005 990 4071 ad
1010 4007 1206 4086 soluendum,
1235 4007 1293 4072 nisi
1311 4026 1368 4088 pro

123 4115 196 4172 rata
221 4117 330 4189 parte;
362 4109 469 4186 saluo,
506 4111 640 4192 quodsi
665 4111 779 4192 aliquis
804 4108 974 4174 fideiussor
997 4115 1082 4174 esset
1107 4129 1228 4190 pauper
1251 4117 1284 4175 et
1307 4129 1369 4176 uon

121 4211 257 4278 habilis⁹
286 4213 318 4276 in
349 4215 566 4288 soluendo‚t
552 4221 628 4279 tunc
651 4215 749 4292 alius,
782 4215 833 4279 uel
857 4214 909 4297 alij
935 4215 1058 4295 possint
1081 4214 1113 4278 in
1136 4215 1272 4280 solidum
1296 4233 1369 4281 con-

164 4369 288 4434 ¹Cod.
312 4375 416 4434 acad.
442 4375 519 4434 Bet
506 4379 590 4450 tap.
614 4375 743 4450 Ljub.:
770 4373 939 4455 „.carcere“
1011 4368 1024 4406 ⁹
1054 4373 1146 4432 Deest
1177 4390 1224 4447 ap.
1257 4372 1367 4447 Ljub.

118 4457 263 4521 ³ibid:
290 4461 518 4537 ,recipiuntur“
591 4458 711 4522 ⁴00d.
735 4461 840 4522 acad.
866 4460 910 4519 B:
937 4453 1214 4535 „condempnetur“.
1272 4455 1364 4532 ὅΔρ.

114 4545 139 4604 L
144 4547 244 4622 Jub
271 4548 535 4627 „presentauerit“.
608 4546 619 4581 ⁶
644 4549 709 4630 „nel
734 4547 873 4606 forciam“
900 4546 1013 4606 deest'
1006 4565 1034 4604 ru
1059 4546 1137 4606 cod.
1162 4544 1271 4606 acad.
1289 4545 1364 4602 Bet

9 4651 10 4654 ¹
114 4650 165 4708 ap
189 4633 300 4710 11an
374 4631 446 4693 ⁷cf
470 4635 538 4694 adn.
564 4635 596 4708 5)
666 4631 788 4694 ⁸Ond.
818 4632 923 4693 acad.
948 4633 989 4693 B:
1023 4629 1365 4747 ,condempnationem‘

121 4715 242 4783 ”eoa
267 4720 377 4782 acad.
400 4721 478 4780 Bet
465 4725 547 4798 tap.
572 4720 690 4796 hjuo:
718 4715 847 4804 ‚‚t“.esae
