<?xml version="1.0" encoding="UTF-8"?>
<!DOCTYPE html PUBLIC "-//W3C//DTD XHTML 1.0 Transitional//EN"
    "http://www.w3.org/TR/xhtml1/DTD/xhtml1-transitional.dtd">
<html xmlns="http://www.w3.org/1999/xhtml" xml:lang="en" lang="en">
 <head>
  <title>
</title>
<meta http-equiv="Content-Type" content="text/html;charset=utf-8" />
  <meta name='ocr-system' content='tesseract 3.04.00' />
  <meta name='ocr-capabilities' content='ocr_page ocr_carea ocr_par ocr_line ocrx_word'/>
</head>
<body>
  <div class='ocr_page' id='page_1' title='image "./statutaetlegesc00yuggoog_0097.png"; bbox 0 0 3396 5402; ppageno 0'>
   <div class='ocr_carea' id='block_1_1' title="bbox 1414 439 1451 500">
    <p class='ocr_par' dir='ltr' id='par_1_1' title="bbox 1414 439 1451 500">
     <span class='ocr_line' id='line_1_1' title="bbox 1414 439 1451 500; baseline 0.027 -1"><span class='ocrx_word' id='word_1_1' title='bbox 1414 439 1451 500; x_wconf 79' lang='lat'><strong>71</strong></span> 
     </span>
    </p>
   </div>
   <div class='ocr_carea' id='block_1_2' title="bbox 203 641 1510 2282">
    <p class='ocr_par' dir='ltr' id='par_1_2' title="bbox 203 641 1510 2058">
     <span class='ocr_line' id='line_1_2' title="bbox 207 641 1455 726; baseline 0.003 -20"><span class='ocrx_word' id='word_1_2' title='bbox 207 655 432 721; x_wconf 83' lang='lat' dir='ltr'><strong>personarum,</strong></span> <span class='ocrx_word' id='word_1_3' title='bbox 455 659 517 724; x_wconf 89' lang='lat' dir='ltr'><strong>que</strong></span> <span class='ocrx_word' id='word_1_4' title='bbox 537 658 595 724; x_wconf 91' lang='lat' dir='ltr'><strong>per</strong></span> <span class='ocrx_word' id='word_1_5' title='bbox 610 641 766 708; x_wconf 81' lang='lat' dir='ltr'><strong>racionem</strong></span> <span class='ocrx_word' id='word_1_6' title='bbox 783 641 814 707; x_wconf 93' lang='lat' dir='ltr'><strong>in</strong></span> <span class='ocrx_word' id='word_1_7' title='bbox 830 659 978 726; x_wconf 83' lang='lat' dir='ltr'><strong>magnum</strong></span> <span class='ocrx_word' id='word_1_8' title='bbox 993 641 1155 708; x_wconf 89' lang='lat' dir='ltr'><strong>sinistrum</strong></span> <span class='ocrx_word' id='word_1_9' title='bbox 1181 641 1287 724; x_wconf 82' lang='lat' dir='ltr'><strong>iudicii</strong></span> <span class='ocrx_word' id='word_1_10' title='bbox 1311 649 1344 709; x_wconf 92' lang='lat' dir='ltr'><strong>et</strong></span> <span class='ocrx_word' id='word_1_11' title='bbox 1364 659 1455 710; x_wconf 90' lang='lat' dir='ltr'><strong>nere-</strong></span> 
     </span>
     <span class='ocr_line' id='line_1_3' title="bbox 207 743 1455 831; baseline 0.001 -20"><span class='ocrx_word' id='word_1_12' title='bbox 207 744 344 811; x_wconf 82' lang='lat' dir='ltr'><strong>enndine</strong></span> <span class='ocrx_word' id='word_1_13' title='bbox 370 744 532 828; x_wconf 83' lang='lat' dir='ltr'><strong>regiminis</strong></span> <span class='ocrx_word' id='word_1_14' title='bbox 555 749 588 810; x_wconf 91' lang='grc'><strong>61</strong></span> <span class='ocrx_word' id='word_1_15' title='bbox 610 745 712 811; x_wconf 89' lang='lat' dir='ltr'><strong>tocius</strong></span> <span class='ocrx_word' id='word_1_16' title='bbox 735 743 882 831; x_wconf 76' lang='lat' dir='ltr'><strong>Curcule,</strong></span> <span class='ocrx_word' id='word_1_17' title='bbox 915 751 1033 828; x_wconf 90' lang='lat' dir='ltr'><strong>etque</strong></span> <span class='ocrx_word' id='word_1_18' title='bbox 1057 746 1163 812; x_wconf 84' lang='lat' dir='ltr'><strong>omnia</strong></span> <span class='ocrx_word' id='word_1_19' title='bbox 1185 752 1317 830; x_wconf 78' lang='lat' dir='ltr'>possent</span> <span class='ocrx_word' id='word_1_20' title='bbox 1339 747 1455 814; x_wconf 89' lang='lat' dir='ltr'><strong>leuiter</strong></span> 
     </span>
     <span class='ocr_line' id='line_1_4' title="bbox 208 846 1454 936; baseline 0.006 -24"><span class='ocrx_word' id='word_1_21' title='bbox 208 849 354 930; x_wconf 80' lang='lat' dir='ltr'><strong>reparari</strong></span> <span class='ocrx_word' id='word_1_22' title='bbox 377 865 448 915; x_wconf 90' lang='lat' dir='ltr'><strong>cum</strong></span> <span class='ocrx_word' id='word_1_23' title='bbox 470 846 622 916; x_wconf 84' lang='lat' dir='ltr'><strong>beneficio</strong></span> <span class='ocrx_word' id='word_1_24' title='bbox 646 849 819 916; x_wconf 87' lang='lat' dir='ltr'><strong>communis</strong></span> <span class='ocrx_word' id='word_1_25' title='bbox 842 855 876 915; x_wconf 89' lang='lat' dir='ltr'><strong>et</strong></span> <span class='ocrx_word' id='word_1_26' title='bbox 897 850 1051 915; x_wconf 84' lang='lat' dir='ltr'><strong>dictarum</strong></span> <span class='ocrx_word' id='word_1_27' title='bbox 1074 869 1282 933; x_wconf 83' lang='lat' dir='ltr'><strong>personarum</strong></span> <span class='ocrx_word' id='word_1_28' title='bbox 1305 861 1454 936; x_wconf 82' lang='lat' dir='ltr'><strong>grauata-</strong></span> 
     </span>
     <span class='ocr_line' id='line_1_5' title="bbox 207 951 1454 1036; baseline 0.005 -18"><span class='ocrx_word' id='word_1_29' title='bbox 207 970 299 1032; x_wconf 89' lang='lat' dir='ltr'><strong>rum;</strong></span> <span class='ocrx_word' id='word_1_30' title='bbox 321 971 381 1034; x_wconf 94' lang='lat' dir='ltr'><strong>pro</strong></span> <span class='ocrx_word' id='word_1_31' title='bbox 403 957 494 1020; x_wconf 86' lang='lat' dir='ltr'><strong>tanto</strong></span> <span class='ocrx_word' id='word_1_32' title='bbox 517 952 682 1020; x_wconf 84' lang='lat' dir='ltr'><strong>ordinetur</strong></span> <span class='ocrx_word' id='word_1_33' title='bbox 704 971 761 1035; x_wconf 92' lang='lat' dir='ltr'><strong>per</strong></span> <span class='ocrx_word' id='word_1_34' title='bbox 782 951 844 1020; x_wconf 90' lang='lat' dir='ltr'><strong>hoc</strong></span> <span class='ocrx_word' id='word_1_35' title='bbox 866 953 1038 1032; x_wconf 77' lang='lat' dir='ltr'><strong>consilium,</strong></span> <span class='ocrx_word' id='word_1_36' title='bbox 1060 954 1145 1036; x_wconf 91' lang='lat' dir='ltr'><strong>quod</strong></span> <span class='ocrx_word' id='word_1_37' title='bbox 1168 955 1208 1021; x_wconf 91' lang='lat' dir='ltr'><strong>de</strong></span> <span class='ocrx_word' id='word_1_38' title='bbox 1232 961 1339 1022; x_wconf 91' lang='lat' dir='ltr'><strong>cetero</strong></span> <span class='ocrx_word' id='word_1_39' title='bbox 1355 957 1454 1024; x_wconf 90' lang='lat' dir='ltr'><strong>dorni·</strong></span> 
     </span>
     <span class='ocr_line' id='line_1_6' title="bbox 210 1055 1454 1142; baseline 0.003 -20"><span class='ocrx_word' id='word_1_40' title='bbox 210 1074 272 1122; x_wconf 89' lang='lat' dir='ltr'><strong>nus</strong></span> <span class='ocrx_word' id='word_1_41' title='bbox 296 1073 402 1122; x_wconf 88' lang='lat' dir='ltr'><strong>comes</strong></span> <span class='ocrx_word' id='word_1_42' title='bbox 424 1059 457 1122; x_wconf 94' lang='lat' dir='ltr'><strong>et</strong></span> <span class='ocrx_word' id='word_1_43' title='bbox 478 1055 600 1125; x_wconf 89' lang='lat' dir='ltr'><strong>iudices</strong></span> <span class='ocrx_word' id='word_1_44' title='bbox 623 1055 749 1140; x_wconf 85' lang='lat' dir='ltr'><strong>exigere</strong></span> <span class='ocrx_word' id='word_1_45' title='bbox 765 1056 904 1123; x_wconf 85' lang='lat' dir='ltr'><strong>debeant</strong></span> <span class='ocrx_word' id='word_1_46' title='bbox 919 1077 939 1122; x_wconf 85' lang='lat' dir='ltr'><strong>a</strong></span> <span class='ocrx_word' id='word_1_47' title='bbox 954 1057 1098 1139; x_wconf 86' lang='lat' dir='ltr'><strong>partibus</strong></span> <span class='ocrx_word' id='word_1_48' title='bbox 1113 1058 1321 1138; x_wconf 79' lang='lat' dir='ltr'><strong>perdentibus</strong></span> <span class='ocrx_word' id='word_1_49' title='bbox 1336 1059 1454 1142; x_wconf 82' lang='lat' dir='ltr'><strong>placite</strong></span> 
     </span>
     <span class='ocr_line' id='line_1_7' title="bbox 210 1160 1510 1244; baseline 0.005 -20"><span class='ocrx_word' id='word_1_50' title='bbox 210 1179 271 1225; x_wconf 86' lang='lat' dir='ltr'><strong>sue</strong></span> <span class='ocrx_word' id='word_1_51' title='bbox 293 1161 326 1226; x_wconf 95' lang='lat' dir='ltr'><strong>in</strong></span> <span class='ocrx_word' id='word_1_52' title='bbox 349 1165 450 1243; x_wconf 76' lang='lat' dir='ltr'><strong>parte,</strong></span> <span class='ocrx_word' id='word_1_53' title='bbox 473 1160 527 1225; x_wconf 92' lang='lat' dir='ltr'><strong>uel</strong></span> <span class='ocrx_word' id='word_1_54' title='bbox 549 1161 582 1226; x_wconf 91' lang='lat' dir='ltr'><strong>in</strong></span> <span class='ocrx_word' id='word_1_55' title='bbox 604 1165 717 1244; x_wconf 85' lang='lat' dir='ltr'><strong>toturn,</strong></span> <span class='ocrx_word' id='word_1_56' title='bbox 741 1160 782 1228; x_wconf 89' lang='lat' dir='ltr'><strong>de</strong></span> <span class='ocrx_word' id='word_1_57' title='bbox 804 1160 948 1242; x_wconf 86' lang='lat' dir='ltr'><strong>quolibet</strong></span> <span class='ocrx_word' id='word_1_58' title='bbox 962 1160 1081 1244; x_wconf 84' lang='lat' dir='ltr'><strong>placito</strong></span> <span class='ocrx_word' id='word_1_59' title='bbox 1105 1181 1125 1226; x_wconf 86' lang='lat' dir='ltr'><strong>e</strong></span> <span class='ocrx_word' id='word_1_60' title='bbox 1147 1163 1250 1228; x_wconf 84' lang='lat' dir='ltr'><strong>tribus</strong></span> <span class='ocrx_word' id='word_1_61' title='bbox 1265 1163 1355 1230; x_wconf 89' lang='lat' dir='ltr'><strong>libris</strong></span> <span class='ocrx_word' id='word_1_62' title='bbox 1371 1163 1455 1231; x_wconf 83' lang='lat' dir='ltr'><strong>infre</strong></span> <span class='ocrx_word' id='word_1_63' title='bbox 1505 1175 1510 1182; x_wconf 83' lang='lat'><em>‘</em></span> 
     </span>
     <span class='ocr_line' id='line_1_8' title="bbox 210 1263 1452 1348; baseline 0.004 -19"><span class='ocrx_word' id='word_1_64' title='bbox 210 1263 334 1332; x_wconf 90' lang='lat' dir='ltr'><strong>solidos</strong></span> <span class='ocrx_word' id='word_1_65' title='bbox 358 1270 495 1346; x_wconf 80' lang='lat' dir='ltr'><strong>quatuor</strong></span> <span class='ocrx_word' id='word_1_66' title='bbox 517 1281 575 1346; x_wconf 89' lang='lat' dir='ltr'><strong>pro</strong></span> <span class='ocrx_word' id='word_1_67' title='bbox 597 1263 678 1330; x_wconf 87' lang='lat' dir='ltr'><strong>librs</strong></span> <span class='ocrx_word' id='word_1_68' title='bbox 702 1269 735 1329; x_wconf 91' lang='lat' dir='ltr'><strong>et</strong></span> <span class='ocrx_word' id='word_1_69' title='bbox 750 1281 769 1328; x_wconf 82' lang='lat' dir='ltr'><strong>a</strong></span> <span class='ocrx_word' id='word_1_70' title='bbox 785 1263 873 1329; x_wconf 88' lang='lat' dir='ltr'><strong>libris</strong></span> <span class='ocrx_word' id='word_1_71' title='bbox 889 1265 992 1330; x_wconf 88' lang='lat' dir='ltr'><strong>tribus</strong></span> <span class='ocrx_word' id='word_1_72' title='bbox 1009 1283 1107 1346; x_wconf 86' lang='lat' dir='ltr'><strong>usque</strong></span> <span class='ocrx_word' id='word_1_73' title='bbox 1124 1265 1165 1330; x_wconf 88' lang='lat' dir='ltr'><strong>ed</strong></span> <span class='ocrx_word' id='word_1_74' title='bbox 1181 1267 1318 1348; x_wconf 90' lang='lat' dir='ltr'><strong>quinque</strong></span> <span class='ocrx_word' id='word_1_75' title='bbox 1333 1268 1452 1336; x_wconf 89' lang='lat' dir='ltr'><strong>solidos</strong></span> 
     </span>
     <span class='ocr_line' id='line_1_9' title="bbox 209 1367 1453 1454; baseline 0.001 -20"><span class='ocrx_word' id='word_1_76' title='bbox 209 1373 280 1434; x_wconf 90' lang='lat' dir='ltr'><strong>tres</strong></span> <span class='ocrx_word' id='word_1_77' title='bbox 302 1386 360 1451; x_wconf 92' lang='lat' dir='ltr'><strong>pro</strong></span> <span class='ocrx_word' id='word_1_78' title='bbox 383 1367 519 1434; x_wconf 86' lang='lat' dir='ltr'><strong>libre&#39;et</strong></span> <span class='ocrx_word' id='word_1_79' title='bbox 540 1388 560 1434; x_wconf 85' lang='lat' dir='ltr'>a</span> <span class='ocrx_word' id='word_1_80' title='bbox 581 1367 670 1433; x_wconf 89' lang='lat' dir='ltr'><strong>libris</strong></span> <span class='ocrx_word' id='word_1_81' title='bbox 692 1369 831 1449; x_wconf 89' lang='lat' dir='ltr'><strong>quinque</strong></span> <span class='ocrx_word' id='word_1_82' title='bbox 855 1367 1010 1454; x_wconf 87' lang='lat' dir='ltr'><strong>superius,</strong></span> <span class='ocrx_word' id='word_1_83' title='bbox 1047 1369 1164 1435; x_wconf 90' lang='lat' dir='ltr'><strong>solidos</strong></span> <span class='ocrx_word' id='word_1_84' title='bbox 1187 1369 1267 1436; x_wconf 91' lang='lat' dir='ltr'><strong>duos</strong></span> <span class='ocrx_word' id='word_1_85' title='bbox 1290 1389 1348 1452; x_wconf 91' lang='lat' dir='ltr'><strong>pro</strong></span> <span class='ocrx_word' id='word_1_86' title='bbox 1371 1370 1453 1436; x_wconf 86' lang='lat' dir='ltr'><strong>libre</strong></span> 
     </span>
     <span class='ocr_line' id='line_1_10' title="bbox 207 1471 1453 1557; baseline 0.004 -21"><span class='ocrx_word' id='word_1_87' title='bbox 207 1471 317 1538; x_wconf 82' lang='lat' dir='ltr'><strong>stetim</strong></span> <span class='ocrx_word' id='word_1_88' title='bbox 340 1471 429 1538; x_wconf 89' lang='lat' dir='ltr'><strong>linito</strong></span> <span class='ocrx_word' id='word_1_89' title='bbox 447 1471 569 1555; x_wconf 85' lang='lat' dir='ltr'><strong>placito</strong></span> <span class='ocrx_word' id='word_1_90' title='bbox 593 1477 627 1538; x_wconf 91' lang='lat' dir='ltr'><strong>et</strong></span> <span class='ocrx_word' id='word_1_91' title='bbox 648 1472 725 1536; x_wconf 84' lang='lat' dir='ltr'><strong>dots</strong></span> <span class='ocrx_word' id='word_1_92' title='bbox 747 1473 917 1552; x_wconf 80' lang='lat' dir='ltr'><strong>sentencia,</strong></span> <span class='ocrx_word' id='word_1_93' title='bbox 945 1491 1007 1536; x_wconf 89' lang='lat' dir='ltr'><strong>non</strong></span> <span class='ocrx_word' id='word_1_94' title='bbox 1031 1473 1219 1540; x_wconf 88' lang='lat' dir='ltr'><strong>dimittendo</strong></span> <span class='ocrx_word' id='word_1_95' title='bbox 1243 1474 1329 1557; x_wconf 89' lang='lat' dir='ltr'><strong>ipsos</strong></span> <span class='ocrx_word' id='word_1_96' title='bbox 1352 1475 1453 1541; x_wconf 91' lang='lat' dir='ltr'><strong>disce-</strong></span> 
     </span>
     <span class='ocr_line' id='line_1_11' title="bbox 206 1575 1452 1658; baseline 0.003 -18"><span class='ocrx_word' id='word_1_97' title='bbox 206 1575 285 1642; x_wconf 90' lang='lat' dir='ltr'><strong>dere</strong></span> <span class='ocrx_word' id='word_1_98' title='bbox 308 1596 329 1642; x_wconf 85' lang='lat' dir='ltr'><strong>s</strong></span> <span class='ocrx_word' id='word_1_99' title='bbox 350 1576 475 1656; x_wconf 83' lang='lat' dir='ltr'><strong>indicio,</strong></span> <span class='ocrx_word' id='word_1_100' title='bbox 500 1576 526 1642; x_wconf 89' lang='lat' dir='ltr'><strong>si</strong></span> <span class='ocrx_word' id='word_1_101' title='bbox 549 1594 612 1641; x_wconf 91' lang='lat' dir='ltr'><strong>nou</strong></span> <span class='ocrx_word' id='word_1_102' title='bbox 637 1575 800 1651; x_wconf 76' lang='lat' dir='ltr'><strong>soluerint</strong></span> <span class='ocrx_word' id='word_1_103' title='bbox 833 1583 888 1641; x_wconf 87' lang='lat' dir='ltr'><strong>aut</strong></span> <span class='ocrx_word' id='word_1_104' title='bbox 910 1575 1024 1658; x_wconf 82' lang='lat' dir='ltr'><strong>pignus</strong></span> <span class='ocrx_word' id='word_1_105' title='bbox 1055 1577 1219 1656; x_wconf 81' lang='lat' dir='ltr'><strong>dederint,</strong></span> <span class='ocrx_word' id='word_1_106' title='bbox 1251 1579 1389 1658; x_wconf 86' lang='lat' dir='ltr'><strong>exceptis</strong></span> <span class='ocrx_word' id='word_1_107' title='bbox 1412 1579 1452 1646; x_wconf 90' lang='lat' dir='ltr'><strong>de</strong></span> 
     </span>
     <span class='ocr_line' id='line_1_12' title="bbox 206 1679 1452 1762; baseline 0.001 -17"><span class='ocrx_word' id='word_1_108' title='bbox 206 1681 428 1762; x_wconf 83' lang='lat' dir='ltr'><strong>questionibus</strong></span> <span class='ocrx_word' id='word_1_109' title='bbox 463 1681 617 1761; x_wconf 80' lang='lat' dir='ltr'><strong>antiquis,</strong></span> <span class='ocrx_word' id='word_1_110' title='bbox 652 1684 716 1744; x_wconf 80' lang='lat' dir='ltr'><strong>tam</strong></span> <span class='ocrx_word' id='word_1_111' title='bbox 739 1679 873 1760; x_wconf 86' lang='lat' dir='ltr'><strong>inceptis</strong></span> <span class='ocrx_word' id='word_1_112' title='bbox 898 1687 932 1746; x_wconf 89' lang='lat' dir='ltr'><strong>et</strong></span> <span class='ocrx_word' id='word_1_113' title='bbox 953 1697 1016 1744; x_wconf 91' lang='lat' dir='ltr'><strong>non</strong></span> <span class='ocrx_word' id='word_1_114' title='bbox 1047 1679 1143 1747; x_wconf 87' lang='lat' dir='ltr'><strong>finitis</strong></span> <span class='ocrx_word' id='word_1_115' title='bbox 1175 1686 1208 1748; x_wconf 89' lang='lat' dir='ltr'><strong>et</strong></span> <span class='ocrx_word' id='word_1_116' title='bbox 1236 1681 1381 1748; x_wconf 87' lang='lat' dir='ltr'><strong>similiter</strong></span> <span class='ocrx_word' id='word_1_117' title='bbox 1411 1683 1452 1748; x_wconf 91' lang='lat' dir='ltr'><strong>de</strong></span> 
     </span>
     <span class='ocr_line' id='line_1_13' title="bbox 205 1783 1452 1867; baseline 0.002 -18"><span class='ocrx_word' id='word_1_118' title='bbox 205 1785 378 1867; x_wconf 84' lang='lat' dir='ltr'><strong>sentencijs</strong></span> <span class='ocrx_word' id='word_1_119' title='bbox 401 1785 539 1866; x_wconf 85' lang='lat' dir='ltr'><strong>receptis</strong></span> <span class='ocrx_word' id='word_1_120' title='bbox 562 1784 631 1849; x_wconf 90' lang='lat' dir='ltr'><strong>sine</strong></span> <span class='ocrx_word' id='word_1_121' title='bbox 653 1783 709 1848; x_wconf 89' lang='lat' dir='ltr'><strong>lite</strong></span> <span class='ocrx_word' id='word_1_122' title='bbox 733 1783 773 1848; x_wconf 90' lang='lat' dir='ltr'><strong>de</strong></span> <span class='ocrx_word' id='word_1_123' title='bbox 796 1783 971 1862; x_wconf 88' lang='lat' dir='ltr'><strong>uoluntate,</strong></span> <span class='ocrx_word' id='word_1_124' title='bbox 996 1783 1036 1848; x_wconf 93' lang='lat' dir='ltr'><strong>de</strong></span> <span class='ocrx_word' id='word_1_125' title='bbox 1059 1785 1175 1864; x_wconf 90' lang='lat' dir='ltr'><strong>quibus</strong></span> <span class='ocrx_word' id='word_1_126' title='bbox 1199 1802 1261 1849; x_wconf 93' lang='lat' dir='ltr'><strong>non</strong></span> <span class='ocrx_word' id='word_1_127' title='bbox 1279 1785 1452 1867; x_wconf 87' lang='lat' dir='ltr'><strong>recipietur</strong></span> 
     </span>
     <span class='ocr_line' id='line_1_14' title="bbox 204 1887 1450 1973; baseline 0.001 -20"><span class='ocrx_word' id='word_1_128' title='bbox 204 1888 343 1969; x_wconf 81' lang='lat' dir='ltr'><strong>sliquid3</strong></span> <span class='ocrx_word' id='word_1_129' title='bbox 378 1889 432 1970; x_wconf 88' lang='lat' dir='ltr'><strong>qui</strong></span> <span class='ocrx_word' id='word_1_130' title='bbox 455 1889 577 1970; x_wconf 88' lang='lat' dir='ltr'><strong>denarij</strong></span> <span class='ocrx_word' id='word_1_131' title='bbox 614 1891 661 1954; x_wconf 90' lang='lat' dir='ltr'><strong>ire</strong></span> <span class='ocrx_word' id='word_1_132' title='bbox 683 1887 822 1954; x_wconf 85' lang='lat' dir='ltr'><strong>debeant</strong></span> <span class='ocrx_word' id='word_1_133' title='bbox 843 1887 875 1950; x_wconf 94' lang='lat' dir='ltr'><strong>in</strong></span> <span class='ocrx_word' id='word_1_134' title='bbox 899 1887 1043 1968; x_wconf 88' lang='lat' dir='ltr'><strong>predicto</strong></span> <span class='ocrx_word' id='word_1_135' title='bbox 1067 1889 1182 1954; x_wconf 83' lang='lat' dir='ltr'><strong>salerio</strong></span> <span class='ocrx_word' id='word_1_136' title='bbox 1206 1894 1240 1955; x_wconf 89' lang='lat' dir='ltr'><strong>et</strong></span> <span class='ocrx_word' id='word_1_137' title='bbox 1261 1907 1324 1954; x_wconf 89' lang='lat' dir='ltr'><strong>non</strong></span> <span class='ocrx_word' id='word_1_138' title='bbox 1347 1889 1450 1973; x_wconf 87' lang='lat' dir='ltr'><strong>aliter,</strong></span> 
     </span>
     <span class='ocr_line' id='line_1_15' title="bbox 203 1992 462 2058; baseline -0.008 -2"><span class='ocrx_word' id='word_1_139' title='bbox 203 1997 240 2057; x_wconf 86' lang='lat' dir='ltr'><strong>ut</strong></span> <span class='ocrx_word' id='word_1_140' title='bbox 262 1998 314 2058; x_wconf 92' lang='lat' dir='ltr'><strong>est</strong></span> <span class='ocrx_word' id='word_1_141' title='bbox 335 1992 462 2058; x_wconf 88' lang='lat' dir='ltr'><strong>dictum.</strong></span> 
     </span>
    </p>

    <p class='ocr_par' dir='ltr' id='par_1_3' title="bbox 250 2094 1233 2178">
     <span class='ocr_line' id='line_1_16' title="bbox 250 2094 1233 2178; baseline 0.002 -18"><span class='ocrx_word' id='word_1_142' title='bbox 250 2095 353 2178; x_wconf 83' lang='lat' dir='ltr'><strong>Capta</strong></span> <span class='ocrx_word' id='word_1_143' title='bbox 374 2097 521 2162; x_wconf 87' lang='lat' dir='ltr'><strong>similiter</strong></span> <span class='ocrx_word' id='word_1_144' title='bbox 543 2115 601 2178; x_wconf 90' lang='lat' dir='ltr'><strong>per</strong></span> <span class='ocrx_word' id='word_1_145' title='bbox 624 2115 742 2176; x_wconf 71' lang='lat' dir='ltr'><strong>omnes</strong></span> <span class='ocrx_word' id='word_1_146' title='bbox 767 2095 988 2162; x_wconf 88' lang='lat' dir='ltr'><strong>deficientibus</strong></span> <span class='ocrx_word' id='word_1_147' title='bbox 1012 2094 1075 2160; x_wconf 93' lang='lat' dir='ltr'><strong>illis</strong></span> <span class='ocrx_word' id='word_1_148' title='bbox 1099 2095 1233 2162; x_wconf 87' lang='lat' dir='ltr'><strong>duobus.</strong></span> 
     </span>
    </p>

    <p class='ocr_par' dir='ltr' id='par_1_4' title="bbox 248 2198 1134 2282">
     <span class='ocr_line' id='line_1_17' title="bbox 248 2198 1134 2282; baseline -0.001 -17"><span class='ocrx_word' id='word_1_149' title='bbox 248 2199 292 2265; x_wconf 82' lang='lat' dir='ltr'><strong>Et</strong></span> <span class='ocrx_word' id='word_1_150' title='bbox 314 2198 502 2268; x_wconf 77' lang='grc'><strong>1111111116</strong></span> <span class='ocrx_word' id='word_1_151' title='bbox 524 2200 725 2282; x_wconf 88' lang='lat' dir='ltr'><strong>prouisiones</strong></span> <span class='ocrx_word' id='word_1_152' title='bbox 747 2199 904 2266; x_wconf 88' lang='lat' dir='ltr'><strong>dictorum</strong></span> <span class='ocrx_word' id='word_1_153' title='bbox 929 2200 1134 2282; x_wconf 86' lang='lat' dir='ltr'><strong>sapiencinm.</strong></span> 
     </span>
    </p>
   </div>
   <div class='ocr_carea' id='block_1_3' title="bbox 203 2431 1449 2560">
    <p class='ocr_par' dir='ltr' id='par_1_5' title="bbox 203 2431 1449 2560">
     <span class='ocr_line' id='line_1_18' title="bbox 203 2431 1449 2530; baseline -0.002 -54"><span class='ocrx_word' id='word_1_154' title='bbox 203 2432 273 2476; x_wconf 77' lang='grc' dir='ltr'><strong>ΟΔΡ.</strong></span> <span class='ocrx_word' id='word_1_155' title='bbox 292 2432 359 2476; x_wconf 74' lang='grc' dir='ltr'><strong>(ΠΝ.</strong></span> <span class='ocrx_word' id='word_1_156' title='bbox 381 2431 770 2476; x_wconf 71' lang='lat' dir='ltr'><strong>nunnonmonusus</strong></span> <span class='ocrx_word' id='word_1_157' title='bbox 792 2433 920 2474; x_wconf 72' lang='lat' dir='ltr'><strong>suen</strong></span> <span class='ocrx_word' id='word_1_158' title='bbox 942 2431 1157 2530; x_wconf 39' lang='lat' dir='ltr'><strong>sensnum</strong></span> <span class='ocrx_word' id='word_1_159' title='bbox 1181 2431 1348 2475; x_wconf 70' lang='lat' dir='ltr'><strong>00u1‘r1s</strong></span> <span class='ocrx_word' id='word_1_160' title='bbox 1370 2431 1449 2474; x_wconf 73' lang='grc'><strong>11011</strong></span> 
     </span>
     <span class='ocr_line' id='line_1_19' title="bbox 682 2518 953 2560; baseline -0.004 0"><span class='ocrx_word' id='word_1_161' title='bbox 682 2518 953 2560; x_wconf 65' lang='lat' dir='ltr'><strong>sennensem.</strong></span> 
     </span>
    </p>
   </div>
   <div class='ocr_carea' id='block_1_4' title="bbox 246 2632 1448 2721">
    <p class='ocr_par' dir='ltr' id='par_1_6' title="bbox 246 2632 1448 2721">
     <span class='ocr_line' id='line_1_20' title="bbox 246 2632 1448 2721; baseline 0.001 -22"><span class='ocrx_word' id='word_1_162' title='bbox 246 2633 425 2712; x_wconf 84' lang='lat' dir='ltr'><strong>Millesimo,</strong></span> <span class='ocrx_word' id='word_1_163' title='bbox 449 2633 760 2721; x_wconf 84' lang='lat' dir='ltr'><strong>quadringentesimo</strong></span> <span class='ocrx_word' id='word_1_164' title='bbox 783 2633 934 2716; x_wconf 81' lang='lat' dir='ltr'><strong>vigesimo</strong></span> <span class='ocrx_word' id='word_1_165' title='bbox 957 2638 1080 2715; x_wconf 74' lang='lat' dir='ltr'><strong>quarte</strong></span> <span class='ocrx_word' id='word_1_166' title='bbox 1105 2633 1156 2698; x_wconf 92' lang='lat' dir='ltr'><strong>die</strong></span> <span class='ocrx_word' id='word_1_167' title='bbox 1178 2632 1448 2716; x_wconf 86' lang='lat' dir='ltr'><strong>decimoseptimo</strong></span> 
     </span>
    </p>
   </div>
   <div class='ocr_carea' id='block_1_5' title="bbox 203 2735 1449 3649">
    <p class='ocr_par' dir='ltr' id='par_1_7' title="bbox 203 2735 1449 3649">
     <span class='ocr_line' id='line_1_21' title="bbox 203 2735 1449 2821; baseline -0.002 -19"><span class='ocrx_word' id='word_1_168' title='bbox 203 2736 351 2821; x_wconf 83' lang='lat' dir='ltr'><strong>Augusti.</strong></span> <span class='ocrx_word' id='word_1_169' title='bbox 375 2738 413 2804; x_wconf 93' lang='lat' dir='ltr'><strong>In</strong></span> <span class='ocrx_word' id='word_1_170' title='bbox 435 2738 546 2804; x_wconf 81' lang='lat' dir='ltr'><strong>maiori</strong></span> <span class='ocrx_word' id='word_1_171' title='bbox 577 2737 707 2804; x_wconf 89' lang='lat' dir='ltr'><strong>consilio</strong></span> <span class='ocrx_word' id='word_1_172' title='bbox 732 2735 883 2820; x_wconf 76' lang='lat' dir='ltr'><strong>Cureulc,</strong></span> <span class='ocrx_word' id='word_1_173' title='bbox 915 2738 946 2802; x_wconf 93' lang='lat' dir='ltr'><strong>in</strong></span> <span class='ocrx_word' id='word_1_174' title='bbox 970 2755 1034 2818; x_wconf 90' lang='lat' dir='ltr'><strong>quo</strong></span> <span class='ocrx_word' id='word_1_175' title='bbox 1056 2735 1188 2802; x_wconf 88' lang='lat' dir='ltr'><strong>luerunt</strong></span> <span class='ocrx_word' id='word_1_176' title='bbox 1216 2736 1337 2802; x_wconf 81' lang='lat' dir='ltr'><strong>ballote</strong></span> <span class='ocrx_word' id='word_1_177' title='bbox 1359 2754 1449 2802; x_wconf 86' lang='lat' dir='ltr'><strong>sexa·</strong></span> 
     </span>
     <span class='ocr_line' id='line_1_22' title="bbox 204 2840 1449 2925; baseline 0 -19"><span class='ocrx_word' id='word_1_178' title='bbox 204 2841 295 2923; x_wconf 85' lang='lat' dir='ltr'><strong>ginta</strong></span> <span class='ocrx_word' id='word_1_179' title='bbox 316 2848 405 2922; x_wconf 91' lang='lat' dir='ltr'><strong>octo,</strong></span> <span class='ocrx_word' id='word_1_180' title='bbox 440 2848 569 2924; x_wconf 83' lang='lat' dir='ltr'><strong>ceptum</strong></span> <span class='ocrx_word' id='word_1_181' title='bbox 592 2841 654 2908; x_wconf 86' lang='lat' dir='ltr'><strong>fuit</strong></span> <span class='ocrx_word' id='word_1_182' title='bbox 675 2861 733 2924; x_wconf 87' lang='lat' dir='ltr'><strong>per</strong></span> <span class='ocrx_word' id='word_1_183' title='bbox 755 2842 891 2908; x_wconf 75' lang='lat' dir='ltr'><strong>bellotae</strong></span> <span class='ocrx_word' id='word_1_184' title='bbox 915 2841 1048 2925; x_wconf 79' lang='lat' dir='ltr'><strong>triginta</strong></span> <span class='ocrx_word' id='word_1_185' title='bbox 1070 2860 1139 2922; x_wconf 82' lang='lat' dir='ltr'><strong>sex,</strong></span> <span class='ocrx_word' id='word_1_186' title='bbox 1171 2841 1256 2923; x_wconf 91' lang='lat' dir='ltr'><strong>quod</strong></span> <span class='ocrx_word' id='word_1_187' title='bbox 1279 2840 1320 2907; x_wconf 88' lang='lat' dir='ltr'><strong>de</strong></span> <span class='ocrx_word' id='word_1_188' title='bbox 1342 2845 1449 2907; x_wconf 88' lang='lat' dir='ltr'><strong>cetero</strong></span> 
     </span>
     <span class='ocr_line' id='line_1_23' title="bbox 205 2943 1448 3028; baseline -0.002 -18"><span class='ocrx_word' id='word_1_189' title='bbox 205 2945 320 3026; x_wconf 84' lang='lat' dir='ltr'><strong>aliquis</strong></span> <span class='ocrx_word' id='word_1_190' title='bbox 342 2944 458 3012; x_wconf 86' lang='lat' dir='ltr'><strong>nobilis</strong></span> <span class='ocrx_word' id='word_1_191' title='bbox 481 2943 679 3027; x_wconf 77' lang='lat' dir='ltr'><strong>Guronlanus</strong></span> <span class='ocrx_word' id='word_1_192' title='bbox 702 2964 764 3010; x_wconf 91' lang='lat' dir='ltr'><strong>noo</strong></span> <span class='ocrx_word' id='word_1_193' title='bbox 788 2945 889 3027; x_wconf 91' lang='lat' dir='ltr'><strong>possit</strong></span> <span class='ocrx_word' id='word_1_194' title='bbox 910 2963 1030 3028; x_wconf 91' lang='lat' dir='ltr'><strong>ponere</strong></span> <span class='ocrx_word' id='word_1_195' title='bbox 1052 2951 1174 3027; x_wconf 85' lang='lat' dir='ltr'><strong>partem</strong></span> <span class='ocrx_word' id='word_1_196' title='bbox 1187 2945 1230 3028; x_wconf 73' lang='lat' dir='ltr'><strong>‚in</strong></span> <span class='ocrx_word' id='word_1_197' title='bbox 1246 2944 1352 3026; x_wconf 85' lang='lat' dir='ltr'><strong>aliquo</strong></span> <span class='ocrx_word' id='word_1_198' title='bbox 1375 2961 1448 3011; x_wconf 91' lang='lat' dir='ltr'><strong>con-</strong></span> 
     </span>
     <span class='ocr_line' id='line_1_24' title="bbox 204 3047 1449 3132; baseline -0.002 -18"><span class='ocrx_word' id='word_1_199' title='bbox 204 3047 276 3114; x_wconf 87' lang='lat' dir='ltr'><strong>silio</strong></span> <span class='ocrx_word' id='word_1_200' title='bbox 300 3048 341 3115; x_wconf 90' lang='lat' dir='ltr'><strong>de</strong></span> <span class='ocrx_word' id='word_1_201' title='bbox 363 3047 540 3132; x_wconf 84' lang='lat' dir='ltr'><strong>frangendo</strong></span> <span class='ocrx_word' id='word_1_202' title='bbox 560 3049 769 3131; x_wconf 72' lang='lat' dir='ltr'><strong>prensiones,</strong></span> <span class='ocrx_word' id='word_1_203' title='bbox 793 3049 896 3114; x_wconf 82' lang='lat' dir='ltr'><strong>iactas</strong></span> <span class='ocrx_word' id='word_1_204' title='bbox 911 3050 1076 3130; x_wconf 88' lang='lat' dir='ltr'><strong>nuperime</strong></span> <span class='ocrx_word' id='word_1_205' title='bbox 1091 3067 1149 3130; x_wconf 91' lang='lat' dir='ltr'><strong>per</strong></span> <span class='ocrx_word' id='word_1_206' title='bbox 1164 3049 1336 3129; x_wconf 83' lang='lat' dir='ltr'><strong>deputatos</strong></span> <span class='ocrx_word' id='word_1_207' title='bbox 1351 3064 1449 3129; x_wconf 90' lang='lat' dir='ltr'><strong>supra</strong></span> 
     </span>
     <span class='ocr_line' id='line_1_25' title="bbox 204 3151 1449 3236; baseline -0.001 -18"><span class='ocrx_word' id='word_1_208' title='bbox 204 3152 404 3219; x_wconf 76' lang='lat' dir='ltr'><strong>detraccione</strong></span> <span class='ocrx_word' id='word_1_209' title='bbox 426 3158 459 3219; x_wconf 89' lang='lat' dir='ltr'><strong>et</strong></span> <span class='ocrx_word' id='word_1_210' title='bbox 482 3151 697 3219; x_wconf 86' lang='lat' dir='ltr'><strong>defelcccioue</strong></span> <span class='ocrx_word' id='word_1_211' title='bbox 730 3152 836 3236; x_wconf 77' lang='lat' dir='ltr'><strong>ealerij</strong></span> <span class='ocrx_word' id='word_1_212' title='bbox 862 3152 980 3218; x_wconf 90' lang='lat' dir='ltr'><strong>domini</strong></span> <span class='ocrx_word' id='word_1_213' title='bbox 1004 3152 1135 3231; x_wconf 85' lang='lat' dir='ltr'><strong>comitis,</strong></span> <span class='ocrx_word' id='word_1_214' title='bbox 1158 3151 1192 3217; x_wconf 92' lang='lat' dir='ltr'><strong>in</strong></span> <span class='ocrx_word' id='word_1_215' title='bbox 1213 3168 1297 3232; x_wconf 85' lang='lat' dir='ltr'><strong>pens</strong></span> <span class='ocrx_word' id='word_1_216' title='bbox 1315 3168 1449 3232; x_wconf 81' lang='lat' dir='ltr'><strong>yperpe</strong></span> 
     </span>
     <span class='ocr_line' id='line_1_26' title="bbox 204 3253 1448 3339; baseline -0.002 -19"><span class='ocrx_word' id='word_1_217' title='bbox 204 3275 314 3323; x_wconf 86' lang='lat' dir='ltr'><strong>rorum</strong></span> <span class='ocrx_word' id='word_1_218' title='bbox 336 3262 462 3323; x_wconf 90' lang='lat' dir='ltr'><strong>centum</strong></span> <span class='ocrx_word' id='word_1_219' title='bbox 484 3273 543 3339; x_wconf 88' lang='lat' dir='ltr'><strong>pro</strong></span> <span class='ocrx_word' id='word_1_220' title='bbox 567 3255 710 3338; x_wconf 89' lang='lat' dir='ltr'><strong>quolibet</strong></span> <span class='ocrx_word' id='word_1_221' title='bbox 731 3262 869 3338; x_wconf 90' lang='lat' dir='ltr'><strong>ponente</strong></span> <span class='ocrx_word' id='word_1_222' title='bbox 890 3255 1061 3337; x_wconf 79' lang='lat' dir='ltr'><strong>partemin</strong></span> <span class='ocrx_word' id='word_1_223' title='bbox 1078 3255 1291 3331; x_wconf 77' lang='lat' dir='ltr'><strong>contrarium3</strong></span> <span class='ocrx_word' id='word_1_224' title='bbox 1315 3253 1448 3318; x_wconf 82' lang='grc'><strong>61611111-</strong></span> 
     </span>
     <span class='ocr_line' id='line_1_27' title="bbox 204 3357 1447 3442; baseline -0.003 -18"><span class='ocrx_word' id='word_1_225' title='bbox 204 3358 280 3425; x_wconf 90' lang='lat' dir='ltr'><strong>liter</strong></span> <span class='ocrx_word' id='word_1_226' title='bbox 302 3359 385 3426; x_wconf 89' lang='lat' dir='ltr'><strong>dicte</strong></span> <span class='ocrx_word' id='word_1_227' title='bbox 409 3360 608 3442; x_wconf 86' lang='lat' dir='ltr'><strong>prouisiones</strong></span> <span class='ocrx_word' id='word_1_228' title='bbox 624 3378 687 3426; x_wconf 94' lang='lat' dir='ltr'><strong>non</strong></span> <span class='ocrx_word' id='word_1_229' title='bbox 703 3359 827 3442; x_wconf 83' lang='lat' dir='ltr'><strong>possint</strong></span> <span class='ocrx_word' id='word_1_230' title='bbox 842 3357 1020 3441; x_wconf 88' lang='lat' dir='ltr'><strong>dispensari</strong></span> <span class='ocrx_word' id='word_1_231' title='bbox 1035 3357 1067 3423; x_wconf 92' lang='lat' dir='ltr'><strong>in</strong></span> <span class='ocrx_word' id='word_1_232' title='bbox 1083 3357 1154 3440; x_wconf 85' lang='lat' dir='ltr'><strong>nlijs</strong></span> <span class='ocrx_word' id='word_1_233' title='bbox 1171 3357 1327 3439; x_wconf 80' lang='lat' dir='ltr'><strong>expensis,</strong></span> <span class='ocrx_word' id='word_1_234' title='bbox 1352 3374 1447 3438; x_wconf 86' lang='lat' dir='ltr'><strong>quam</strong></span> 
     </span>
     <span class='ocr_line' id='line_1_28' title="bbox 203 3460 1447 3547; baseline -0.003 -19"><span class='ocrx_word' id='word_1_235' title='bbox 203 3462 330 3545; x_wconf 87' lang='lat' dir='ltr'><strong>inipso</strong></span> <span class='ocrx_word' id='word_1_236' title='bbox 353 3463 486 3547; x_wconf 84' lang='lat' dir='ltr'><strong>salerio,</strong></span> <span class='ocrx_word' id='word_1_237' title='bbox 521 3463 580 3530; x_wconf 88' lang='lat' dir='ltr'><strong>sub</strong></span> <span class='ocrx_word' id='word_1_238' title='bbox 602 3482 685 3546; x_wconf 90' lang='lat' dir='ltr'><strong>pena</strong></span> <span class='ocrx_word' id='word_1_239' title='bbox 706 3463 867 3546; x_wconf 82' lang='lat' dir='ltr'><strong>predicta,</strong></span> <span class='ocrx_word' id='word_1_240' title='bbox 902 3461 1076 3528; x_wconf 88' lang='lat' dir='ltr'><strong>secundum</strong></span> <span class='ocrx_word' id='word_1_241' title='bbox 1099 3461 1185 3542; x_wconf 91' lang='lat' dir='ltr'><strong>qnod</strong></span> <span class='ocrx_word' id='word_1_242' title='bbox 1214 3461 1394 3527; x_wconf 88' lang='lat' dir='ltr'><strong>continetur</strong></span> <span class='ocrx_word' id='word_1_243' title='bbox 1415 3460 1447 3524; x_wconf 94' lang='lat' dir='ltr'><strong>in</strong></span> 
     </span>
     <span class='ocr_line' id='line_1_29' title="bbox 205 3565 553 3649; baseline 0 -17"><span class='ocrx_word' id='word_1_244' title='bbox 205 3565 285 3648; x_wconf 87' lang='lat' dir='ltr'><strong>ipsis</strong></span> <span class='ocrx_word' id='word_1_245' title='bbox 307 3567 553 3649; x_wconf 80' lang='lat' dir='ltr'><strong>prouisionibus</strong></span> 
     </span>
    </p>
   </div>
   <div class='ocr_carea' id='block_1_6' title="bbox 499 3753 1152 3824">
    <p class='ocr_par' dir='ltr' id='par_1_8' title="bbox 499 3753 1152 3824">
     <span class='ocr_line' id='line_1_30' title="bbox 499 3753 1152 3824; baseline -0.003 0"><span class='ocrx_word' id='word_1_246' title='bbox 499 3779 566 3824; x_wconf 76' lang='lat' dir='ltr'><strong>oss.</strong></span> <span class='ocrx_word' id='word_1_247' title='bbox 591 3780 671 3823; x_wconf 82' lang='lat' dir='ltr'><strong>onrr.</strong></span> <span class='ocrx_word' id='word_1_248' title='bbox 702 3779 750 3822; x_wconf 80' lang='lat' dir='ltr'><strong>nn</strong></span> <span class='ocrx_word' id='word_1_249' title='bbox 772 3778 940 3822; x_wconf 71' lang='lat' dir='ltr'><strong>sensero</strong></span> <span class='ocrx_word' id='word_1_250' title='bbox 963 3753 1152 3822; x_wconf 70' lang='lat' dir='ltr'><strong>cornuis.⁹</strong></span> 
     </span>
    </p>
   </div>
   <div class='ocr_carea' id='block_1_7' title="bbox 200 3909 1447 4409">
    <p class='ocr_par' dir='ltr' id='par_1_9' title="bbox 200 3909 1447 4409">
     <span class='ocr_line' id='line_1_31' title="bbox 248 3909 1447 3994; baseline -0.003 -16"><span class='ocrx_word' id='word_1_251' title='bbox 248 3911 317 3978; x_wconf 87' lang='lat' dir='ltr'><strong>Hoc</strong></span> <span class='ocrx_word' id='word_1_252' title='bbox 338 3911 467 3978; x_wconf 86' lang='lat' dir='ltr'><strong>fuerunt</strong></span> <span class='ocrx_word' id='word_1_253' title='bbox 499 3911 625 3978; x_wconf 81' lang='lat' dir='ltr'><strong>firmate</strong></span> <span class='ocrx_word' id='word_1_254' title='bbox 657 3931 715 3994; x_wconf 90' lang='lat' dir='ltr'><strong>per</strong></span> <span class='ocrx_word' id='word_1_255' title='bbox 748 3911 915 3978; x_wconf 89' lang='lat' dir='ltr'><strong>consilinm</strong></span> <span class='ocrx_word' id='word_1_256' title='bbox 947 3910 1098 3993; x_wconf 66' lang='lat' dir='ltr'><strong>Corbulo,</strong></span> <span class='ocrx_word' id='word_1_257' title='bbox 1132 3917 1168 3977; x_wconf 84' lang='lat' dir='ltr'><strong>vt</strong></span> <span class='ocrx_word' id='word_1_258' title='bbox 1189 3915 1280 3994; x_wconf 87' lang='lat' dir='ltr'><strong>patet</strong></span> <span class='ocrx_word' id='word_1_259' title='bbox 1309 3909 1342 3974; x_wconf 92' lang='lat' dir='ltr'><strong>in</strong></span> <span class='ocrx_word' id='word_1_260' title='bbox 1365 3909 1447 3975; x_wconf 91' lang='lat' dir='ltr'><strong>libro</strong></span> 
     </span>
     <span class='ocr_line' id='line_1_32' title="bbox 200 4013 1446 4098; baseline -0.003 -16"><span class='ocrx_word' id='word_1_261' title='bbox 200 4015 480 4082; x_wconf 83' lang='lat' dir='ltr'><strong>Reformscionnm</strong></span> <span class='ocrx_word' id='word_1_262' title='bbox 502 4015 547 4084; x_wconf 90' lang='lat' dir='ltr'><strong>M.</strong></span> <span class='ocrx_word' id='word_1_263' title='bbox 570 4035 650 4082; x_wconf 90' lang='lat' dir='ltr'><strong>cccc.</strong></span> <span class='ocrx_word' id='word_1_264' title='bbox 674 4015 717 4096; x_wconf 84' lang='lat' dir='ltr'><strong>ii,</strong></span> <span class='ocrx_word' id='word_1_265' title='bbox 742 4015 794 4082; x_wconf 90' lang='lat' dir='ltr'><strong>die</strong></span> <span class='ocrx_word' id='word_1_266' title='bbox 818 4017 929 4098; x_wconf 89' lang='lat' dir='ltr'><strong>quinto</strong></span> <span class='ocrx_word' id='word_1_267' title='bbox 945 4017 1063 4082; x_wconf 87' lang='lat' dir='ltr'><strong>mensis</strong></span> <span class='ocrx_word' id='word_1_268' title='bbox 1078 4013 1242 4096; x_wconf 85' lang='lat' dir='ltr'><strong>Februarij</strong></span> <span class='ocrx_word' id='word_1_269' title='bbox 1260 4031 1319 4095; x_wconf 90' lang='lat' dir='ltr'><strong>per</strong></span> <span class='ocrx_word' id='word_1_270' title='bbox 1335 4031 1446 4078; x_wconf 88' lang='lat' dir='ltr'><strong>omues</strong></span> 
     </span>
     <span class='ocr_line' id='line_1_33' title="bbox 202 4113 1447 4203; baseline -0.004 -18"><span class='ocrx_word' id='word_1_271' title='bbox 202 4118 340 4185; x_wconf 74' lang='lat' dir='ltr'><strong>bellotae</strong></span> <span class='ocrx_word' id='word_1_272' title='bbox 363 4119 536 4187; x_wconf 83' lang='lat' dir='ltr'><strong>existentes</strong></span> <span class='ocrx_word' id='word_1_273' title='bbox 559 4138 690 4186; x_wconf 90' lang='lat' dir='ltr'><strong>numero</strong></span> <span class='ocrx_word' id='word_1_274' title='bbox 714 4120 879 4203; x_wconf 80' lang='lat' dir='ltr'><strong>sexaginta</strong></span> <span class='ocrx_word' id='word_1_275' title='bbox 901 4121 1051 4202; x_wconf 89' lang='lat' dir='ltr'><strong>quinque.</strong></span> <span class='ocrx_word' id='word_1_276' title='bbox 1083 4118 1196 4197; x_wconf 84' lang='lat' dir='ltr'><strong>Quod</strong></span> <span class='ocrx_word' id='word_1_277' title='bbox 1226 4115 1316 4198; x_wconf 71' lang='lat' dir='ltr'><strong>pro8</strong></span> <span class='ocrx_word' id='word_1_278' title='bbox 1339 4113 1447 4197; x_wconf 90' lang='lat' dir='ltr'><strong>proui-</strong></span> 
     </span>
     <span class='ocr_line' id='line_1_34' title="bbox 202 4218 1445 4306; baseline -0.002 -20"><span class='ocrx_word' id='word_1_279' title='bbox 202 4221 318 4286; x_wconf 83' lang='lat' dir='ltr'><strong>deucie</strong></span> <span class='ocrx_word' id='word_1_280' title='bbox 340 4221 560 4288; x_wconf 90' lang='lat' dir='ltr'><strong>diminucionis</strong></span> <span class='ocrx_word' id='word_1_281' title='bbox 589 4223 696 4306; x_wconf 84' lang='lat' dir='ltr'><strong>selerij</strong></span> <span class='ocrx_word' id='word_1_282' title='bbox 719 4223 825 4304; x_wconf 86' lang='lat' dir='ltr'><strong>posita</strong></span> <span class='ocrx_word' id='word_1_283' title='bbox 847 4228 1010 4304; x_wconf 83' lang='lat' dir='ltr'><strong>estpars,</strong></span> <span class='ocrx_word' id='word_1_284' title='bbox 1043 4222 1128 4304; x_wconf 91' lang='lat' dir='ltr'><strong>quod</strong></span> <span class='ocrx_word' id='word_1_285' title='bbox 1151 4219 1256 4286; x_wconf 85' lang='lat' dir='ltr'><strong>omnia</strong></span> <span class='ocrx_word' id='word_1_286' title='bbox 1286 4218 1445 4296; x_wconf 67' lang='lat' dir='ltr'><strong>animalia,</strong></span> 
     </span>
     <span class='ocr_line' id='line_1_35' title="bbox 202 4320 1447 4409; baseline -0.004 -19"><span class='ocrx_word' id='word_1_287' title='bbox 202 4343 267 4409; x_wconf 86' lang='lat' dir='ltr'><strong>que</strong></span> <span class='ocrx_word' id='word_1_288' title='bbox 290 4330 459 4407; x_wconf 79' lang='lat' dir='ltr'><strong>portentur</strong></span> <span class='ocrx_word' id='word_1_289' title='bbox 481 4326 521 4391; x_wconf 92' lang='lat' dir='ltr'><strong>de</strong></span> <span class='ocrx_word' id='word_1_290' title='bbox 543 4324 630 4404; x_wconf 83' lang='lat' dir='ltr'><strong>ioris,</strong></span> <span class='ocrx_word' id='word_1_291' title='bbox 655 4327 782 4393; x_wconf 81' lang='lat' dir='ltr'><strong>soleant</strong></span> <span class='ocrx_word' id='word_1_292' title='bbox 804 4325 938 4393; x_wconf 87' lang='lat' dir='ltr'><strong>doanarn</strong></span> <span class='ocrx_word' id='word_1_293' title='bbox 956 4343 1014 4408; x_wconf 90' lang='lat' dir='ltr'><strong>per</strong></span> <span class='ocrx_word' id='word_1_294' title='bbox 1028 4323 1111 4389; x_wconf 92' lang='lat' dir='ltr'><strong>hunc</strong></span> <span class='ocrx_word' id='word_1_295' title='bbox 1125 4323 1271 4400; x_wconf 68' lang='lat' dir='ltr'><strong>modum</strong></span> <span class='ocrx_word' id='word_1_296' title='bbox 1296 4320 1447 4388; x_wconf 88' lang='lat' dir='ltr'><strong>uidelicet</strong></span> 
     </span>
    </p>
   </div>
   <div class='ocr_carea' id='block_1_8' title="bbox 249 4517 834 4766">
    <p class='ocr_par' dir='ltr' id='par_1_10' title="bbox 249 4517 834 4766">
     <span class='ocr_line' id='line_1_36' title="bbox 252 4517 834 4593; baseline -0.003 -14"><span class='ocrx_word' id='word_1_297' title='bbox 252 4517 834 4593; x_wconf 60' lang='grc'><strong>1116661111061.111111.611111.17611.</strong></span> 
     </span>
     <span class='ocr_line' id='line_1_37' title="bbox 252 4601 829 4679; baseline -0.002 -13"><span class='ocrx_word' id='word_1_298' title='bbox 252 4601 265 4638; x_wconf 82' lang='grc'><strong><em>’</em></strong></span> <span class='ocrx_word' id='word_1_299' title='bbox 280 4605 367 4666; x_wconf 79' lang='lat' dir='ltr'><strong>Deest</strong></span> <span class='ocrx_word' id='word_1_300' title='bbox 380 4605 410 4665; x_wconf 89' lang='lat' dir='ltr'><strong>in</strong></span> <span class='ocrx_word' id='word_1_301' title='bbox 426 4606 506 4666; x_wconf 83' lang='lat' dir='ltr'><strong>dod.</strong></span> <span class='ocrx_word' id='word_1_302' title='bbox 524 4604 606 4679; x_wconf 82' lang='lat' dir='ltr'><strong>(lap.</strong></span> <span class='ocrx_word' id='word_1_303' title='bbox 624 4607 653 4664; x_wconf 89' lang='grc'><strong>61</strong></span> <span class='ocrx_word' id='word_1_304' title='bbox 667 4606 728 4665; x_wconf 83' lang='lat' dir='ltr'><strong>Ed.</strong></span> <span class='ocrx_word' id='word_1_305' title='bbox 745 4604 829 4665; x_wconf 82' lang='lat' dir='ltr'><strong>Ver.</strong></span> 
     </span>
     <span class='ocr_line' id='line_1_38' title="bbox 249 4688 614 4766; baseline -0.005 -14"><span class='ocrx_word' id='word_1_306' title='bbox 249 4688 408 4752; x_wconf 81' lang='lat' dir='ltr'><strong>⁸Deestin</strong></span> <span class='ocrx_word' id='word_1_307' title='bbox 424 4689 509 4751; x_wconf 82' lang='lat' dir='ltr'><strong>Ood.</strong></span> <span class='ocrx_word' id='word_1_308' title='bbox 526 4690 614 4766; x_wconf 77' lang='lat' dir='ltr'><strong>Gap.</strong></span> 
     </span>
    </p>
   </div>
   <div class='ocr_carea' id='block_1_9' title="bbox 0 0 1702 5402">
    <p class='ocr_par' dir='ltr' id='par_1_11' title="bbox 0 0 1702 5402">
     <span class='ocr_line' id='line_1_39' title="bbox 0 0 1702 5402; baseline 0 3"><span class='ocrx_word' id='word_1_309' title='bbox 0 0 1702 5402; x_wconf 95' lang='lat' dir='ltr'><strong> </strong></span> 
     </span>
    </p>
   </div>
  </div>
 </body>
</html>
