3434 5368
492 695 557 738 GAP·
581 695 656 738 xum.
681 695 723 738 DE
744 695 849 738 vxoam
871 693 1021 740 umubua.

180 796 263 862 Item
276 801 429 862 statutum
441 800 473 862 et
485 795 662 861 ordinatum
679 799 736 880 est,
759 795 843 878 quod
860 795 886 860 si
899 789 1012 878 aliquis
1023 795 1116 863 bomo
1130 797 1277 864 babuerIt
1299 819 1372 868 vro·

135 919 207 967 rem
231 907 265 966 et
288 901 461 968 decesserit
483 904 659 980 intestatus,
684 906 717 968 et
738 920 815 966 vxor
837 901 905 966 eius
927 901 1065 968 uoluerit
1080 903 1242 985 possidere
1257 905 1374 974 lectum

136 1007 248 1072 mariti
272 1007 330 1087 sui,
355 1012 389 1072 et
411 1025 446 1072 se
468 1025 530 1072 non
553 1007 703 1072 maritare
726 1023 796 1070 oum
819 1007 879 1072 allo
902 1007 981 1086 uiro,
1005 1007 1168 1088 possideat
1190 1009 1280 1076 dotes
1300 1029 1373 1078 suas

135 1115 169 1175 et
194 1111 300 1177 omnia
332 1111 414 1176 bona
437 1111 496 1176 uiri
520 1113 587 1176 sine
621 1109 840 1177 anichilatione
873 1110 1068 1190 uoluntaria,
1103 1119 1136 1178 et
1159 1115 1200 1178 sit
1230 1113 1372 1194 domina3

135 1215 229 1281 saluo
251 1214 279 1282 si
301 1221 408 1283 essent
430 1216 552 1299 diuioie,
577 1235 638 1299 que
659 1221 793 1299 possent
815 1235 972 1298 superare,
997 1223 1030 1283 et
1053 1223 1127 1284 tuno
1149 1221 1236 1285 cuma
1250 1221 1290 1286 ad
1305 1221 1372 1304 ple·

136 1339 217 1386 num
240 1339 298 1403 per
313 1328 543 1388 sacramentum
559 1327 707 1388 teneatur
721 1323 888 1404 prouidere
903 1323 963 1404 ipsi
979 1323 1104 1390 domine
1119 1329 1251 1405 tantum,
1274 1345 1372 1409 quon·

137 1429 210 1490 tum
232 1423 328 1491 fuerit
350 1427 562 1492 necessarium
584 1445 640 1508 pro
664 1427 758 1506 uictu,
783 1432 816 1493 et
838 1426 956 1493 uestitu
978 1429 1077 1511 ipsius
1100 1430 1241 1512 domine,
1277 1433 1371 1499 etlam

137 1531 371 1597 considerando
394 1532 605 1598 addicionem¹
630 1533 763 1610 domine,
788 1533 814 1597 si
837 1538 923 1598 esset
944 1533 1004 1599 sibi
1026 1536 1248 1616 necessarium,
1272 1536 1372 1602 lamu-

135 1635 225 1716 lum,
261 1637 313 1701 uel
334 1635 493 1702 famulam.
527 1637 699 1703 Residuum
723 1655 799 1702 uero
823 1637 974 1703 bonorum
1008 1638 1101 1704 detur
1131 1642 1372 1722 proximioribus

136 1740 241 1823 ipsius
265 1742 381 1806 mortui
403 1742 554 1808 intestati.
578 1742 620 1806 bt
644 1743 671 1806 si
693 1743 762 1823 ipsa
785 1741 911 1808 domina
925 1743 1060 1810 uoluerit
1083 1761 1118 1810 se
1139 1746 1296 1828 maritare,
1319 1767 1372 1814 ex·

134 1845 249 1910 trabat
268 1852 391 1912 tantum
413 1847 503 1912 dotes
527 1865 600 1912 suas
616 1853 649 1912 et
663 1853 764 1912 totum
788 1848 1008 1930 patrimonium
1028 1857 1189 1918 remaneat
1204 1851 1371 1919 heredibus

136 1948 289 2016 defuncti.

500 2079 565 2122 UAP.
590 2079 678 2120 XIIII.
703 2081 744 2120 DE
768 2081 840 2122 UIRO
863 2082 1011 2124 UIDUA'IO.

178 2177 263 2242 Item
286 2178 461 2256 statuimus
486 2179 570 2260 quod
593 2180 619 2244 si
642 2179 734 2244 alicui
757 2179 825 2245 uiro
849 2181 1015 2246 moriretur
1038 2201 1115 2247 vxor
1137 2190 1169 2248 ot
1193 2205 1231 2250 ex
1253 2205 1292 2251 ea
1314 2186 1371 2252 he·

137 2284 251 2348 redem
274 2301 336 2347 nou
359 2283 509 2362 baberet,
545 2291 654 2350 tenere
677 2285 778 2365 possit
800 2291 833 2350 et
854 2285 962 2351 ualeat
990 2287 1058 2369 ipse
1081 2290 1130 2352 uir
1152 2290 1256 2354 omnia
1289 2291 1372 2356 bona

133 2388 273 2471 dotalia,
309 2407 472 2470 quousque
496 2407 531 2454 se
555 2407 684 2454 uxorare
717 2389 864 2455 uoluerit.
899 2391 941 2456 Et
964 2391 990 2456 si
1013 2393 1158 2459 babuerit
1181 2391 1286 2480 fillam,
1319 2397 1371 2462 uel

132 2490 220 2557 filias
245 2499 277 2558 et
300 2511 406 2559 secum
429 2501 513 2560 stare
536 2495 711 2572 noluerim3
735 2495 761 2558 si
785 2495 878 2561 etatis
902 2503 980 2574 est,
1011 2498 1077 2563 uel
1101 2499 1203 2580 sint,
1237 2507 1371 2566 tonea-

135 2596 223 2662 tur²
257 2603 439 2679 pateream
472 2599 523 2666 uel
547 2619 601 2665 eas
630 2603 795 2679 maritare3
830 2607 863 2665 et
885 2602 911 2667 si
934 2603 1090 2669 noluerint
1123 2603 1280 2684 maritali,
1314 2623 1373 2671 meo

135 2721 250 2767 seeum
273 2709 371 2784 stare,
395 2711 542 2771 teneatur
565 2705 624 2770 sibi
648 2705 724 2770 dare
747 2711 869 2788 partem
892 2725 990 2774 suam.

178 2807 223 2872 m
247 2809 272 2872 si
297 2807 404 2874 essent
425 2809 532 2892 plures
557 2809 697 2890 maseuli,
732 2811 783 2876 uel
806 2809 930 2896 femine,
964 2817 1056 2895 pater
1079 2815 1125 2880 eis
1148 2815 1304 2895 equaliter
1325 2815 1371 2880 di·

133 2915 282 2980 stribuat.
316 2916 395 2979 Post
417 2922 521 2980 autem
552 2921 683 2982 mortem
708 2915 807 2996 patris
831 2916 967 2982 debeant
1001 2918 1104 2982 omnia
1126 2919 1209 2984 bona
1230 2923 1373 2986 materno

134 3019 303 3086 rehabere.
327 3019 370 3084 Et
391 3019 464 3084 tslis
488 3021 618 3085 maritus
642 3039 807 3086 romanens
829 3029 902 3102 post
925 3027 1056 3088 mortem
1079 3025 1193 3104 uxoris,
1216 3023 1293 3088 nihil
1315 3023 1372 3090 bo·

133 3144 251 3190 norum
272 3125 378 3192 viroris
413 3125 551 3191 alienare
575 3127 689 3207 possit,
725 3127 792 3192 sine
814 3127 979 3192 uoluntate
1012 3127 1235 3208 proximiorum
1269 3129 1372 3196 vxom's

132 3229 294 3310 defuncte,
318 3247 401 3311 pena
424 3230 576 3310 perdendi
600 3231 686 3295 diota
708 3229 791 3296 bona
813 3231 940 3298 dotalia.

387 3409 453 3453 our.
477 3411 562 3452 κων.
596 3412 637 3452 ou
660 3388 1121 3454 sxusaorrousrao³su1mm

180 3508 264 3574 Item
287 3509 454 3574 statuimus
477 3514 510 3576 et
532 3511 722 3589 ordinamus,
748 3513 830 3592 quod
854 3512 879 3576 si
902 3511 1014 3594 ailquis
1032 3513 1155 3579 uenerit
1172 3513 1212 3578 ad
1228 3520 1371 3600 mortem,

136 3612 307 3680 extrahere
330 3615 430 3694 possit
452 3632 509 3696 pro
533 3615 636 3680 anima
658 3617 697 3680 de
721 3617 814 3682 rebus
838 3617 903 3682 suis
923 3617 1091 3682 mobilibus
1107 3617 1148 3682 ad
1164 3637 1256 3683 suum
1271 3618 1371 3699 uelle3

136 3723 172 3785 et
196 3735 273 3782 vxor
296 3718 336 3783 de
357 3717 484 3786 dotibus
508 3721 572 3786 suis
597 3721 766 3786 mobilibus
788 3721 830 3786 ad
853 3739 943 3786 suum
965 3721 1057 3788 uelle.

304 3899 370 3941 ear.
395 3901 466 3942 xor.
498 3901 540 3943 rm
562 3901 642 3956 runo,
668 3903 722 3952 our
744 3901 886 3944 moarroa
907 3903 978 3944 ema
1001 3881 1206 3946 ammomum*

178 3996 260 4063 Item
283 4000 459 4079 statuimus,
488 3999 622 4081 quodsi
645 4001 758 4082 aliquis
782 4001 935 4066 moriatur
957 4001 1141 4082 intestatus,
1175 4009 1207 4068 et
1230 4021 1292 4068 non
1316 4003 1371 4070 ha-

131 4103 243 4169 buerit
263 4103 414 4185 heredes,
449 4105 554 4170 omnia
576 4105 660 4172 bona
683 4125 741 4172 sua
772 4106 943 4172 deueniant
965 4106 1005 4171 ad
1029 4113 1168 4188 patrem3
1203 4107 1285 4173 etsi
1308 4127 1370 4174 non

184 4242 263 4307 ¹Ed.
287 4246 374 4309 Vom:
402 4260 492 4321 „oons
517 4250 776 4310 conditionem
806 4248 899 4310 dom.“
925 4267 1010 4324 quam
1033 4249 1180 4310 leotionem
1204 4250 1265 4309 sino
1287 4251 1372 4311 dubio

131 4335 339 4408 reprobandam
362 4351 436 4415 esso,
469 4353 502 4395 ex
524 4338 640 4408 verbis,
668 4337 788 4398 inferius
810 4338 932 4397 additis:
965 4337 1121 4420 ²,famulum
1145 4339 1190 4398 uel
1213 4333 1369 4398 famulam“

133 4423 320 4568 apgallegsunt
334 4511 404 4570 baeo
419 4512 505 4570 verba
520 4511 550 4570 in
566 4513 631 4573 Cod.
649 4511 728 4587 esp.

183 4593 196 4630 ³
211 4597 298 4656 Deest
313 4597 343 4656 ia
359 4599 425 4659 Ood.
443 4599 525 4672 Gap.
554 4594 559 4608 '

135 4681 363 4832 misissetim
386 4685 462 4746 infra
490 4703 567 4762 oap.
599 4687 739 4748 CXXVI:
773 4688 836 4764 ,llo
864 4687 1112 4747 morientibus
1141 4687 1223 4748 sine
1252 4689 1371 4748 tosta·
