3416 5350
1509 22 1679 210 ’Ἴ

461 609 529 654 OAP.
552 611 633 652 xxn.
658 608 741 662 QUOD
764 611 806 652 nn
827 609 988 653 ammos
1009 608 1053 650 An
1076 607 1199 652 snum
1220 603 1441 652 sacomam.

374 725 455 792 Item
478 729 633 790 statutum
656 728 691 788 et
712 723 892 789 ordinatum
915 729 975 806 est,
999 723 1084 804 quod
1106 725 1133 789 si
1150 722 1219 805 quis
1235 722 1429 789 commiserit
1444 719 1572 801 aliquod

329 827 517 894 maleficium
540 833 650 894 contra
672 826 819 908 aliquem,
844 827 884 892 de
906 845 969 908 quo
992 845 1056 892 non
1079 833 1166 893 esset
1188 826 1295 907 aliqua
1317 843 1404 908 pena
1426 824 1572 891 ordinata

328 932 361 996 in
375 931 536 996 uolumine
552 929 748 1010 presentium
765 934 965 1014 statutorum,
981 936 1059 995 tunc
1074 929 1266 1012 procedatur
1280 930 1322 995 ad
1337 929 1572 1011 impositionem

329 1051 413 1116 pene
436 1033 476 1099 de
499 1033 583 1099 dicto
606 1032 760 1098 maleficio
784 1033 825 1098 de
848 1033 1002 1100 similibus
1025 1035 1066 1098 ad
1083 1034 1207 1114 similia,
1230 1033 1376 1116 inspecta
1391 1031 1572 1098 conditione

328 1155 466 1220 persone
490 1136 700 1218 etqualitate
723 1135 809 1202 iacti.

373 1241 415 1304 Ii
439 1247 544 1307 rector
575 1259 701 1322 semper
723 1241 876 1321 procedat
905 1240 1007 1324 magis
1031 1242 1063 1305 in
1085 1240 1276 1322 allauiaudo,
1300 1257 1396 1321 quam
1426 1240 1460 1304 in
1482 1257 1571 1321 agra·

329 1342 450 1410 uand0¹
472 1343 601 1427 penasl.

681 1522 754 1566 ou:
772 1523 866 1564 XXIII.
890 1523 932 1566 bn
954 1523 1096 1568 brumale
1119 1524 1218 1569 nm.

374 1639 456 1706 Item
479 1641 635 1704 statutum
657 1645 690 1704 et
713 1637 892 1704 ordinatum
916 1645 975 1718 est,
1007 1641 1092 1721 quod
1121 1641 1148 1705 si
1171 1640 1212 1706 de
1233 1637 1340 1720 aliquo
1362 1636 1517 1705 maleficio
1537 1638 1567 1702 in

330 1745 476 1825 presenti
506 1742 666 1808 uolumine
697 1749 889 1809 statutorum
919 1745 1135 1825 sepelirentur
1164 1744 1291 1824 diuerse
1323 1761 1418 1828 pene,
1451 1759 1570 1824 semper

330 1853 435 1914 rector
457 1847 598 1929 imponat
621 1847 774 1912 minorem
797 1853 971 1929 peramat
990 1865 1053 1913 non
1076 1848 1237 1914 maiorem.

518 2076 585 2120 on.
609 2076 698 2118 XXIV·
721 2076 764 2118 DE
785 2076 930 2119 nmmo
951 2075 991 2118 nn
1014 2075 1206 2121 conantius
1228 2076 1387 2120 cunnum.

374 2193 456 2261 Item
478 2198 632 2259 statutum
663 2200 696 2258 et
726 2193 907 2259 ordinatum
935 2201 996 2268 est,
1032 2195 1167 2276 quodsi
1189 2195 1222 2260 in
1244 2194 1390 2277 presenti
1412 2191 1566 2260 uolumine

331 2301 524 2362 statutorum
546 2303 655 2363 essent
677 2297 783 2377 aliqua
806 2303 928 2363 statuta
950 2299 1110 2365 contraria
1138 2299 1191 2364 uel
1220 2299 1360 2376 diuersa,
1389 2297 1442 2364 uel
1465 2301 1566 2363 essent

330 2400 375 2466 ibi
399 2401 507 2482 aliqua
529 2401 629 2468 uerba
652 2401 787 2466 obscura
809 2401 862 2466 uel
885 2402 1041 2484 ambigue,
1066 2420 1192 2486 semper
1214 2402 1440 2484 interpretatio
1461 2399 1565 2466 lintei

332 2502 402 2569 fieri
425 2504 543 2571 debeat
565 2505 597 2568 in
620 2503 836 2586 benigniorem
861 2509 986 2586 partem
1009 2513 1043 2572 et
1073 2507 1174 2589 magis
1196 2507 1229 2572 in
1259 2505 1451 2584 alleuiando,
1477 2520 1567 2586 quam

331 2609 365 2674 in
388 2607 581 2692 mouendo,
605 2607 658 2674 uel
680 2609 713 2672 in
733 2607 983 2689 condemnando,
1007 2611 1092 2676 omui
1107 2609 1283 2676 subtilitate
1297 2609 1419 2690 malitie
1437 2613 1564 2675 remota

510 2835 578 2882 can.
600 2838 677 2879 xxv.
700 2839 742 2880 nn
764 2837 1010 2882 oomunnuronnrs
1033 2841 1072 2883 nn
1096 2805 1403 2884 consummemus.

375 2953 458 3019 Item
481 2960 636 3021 statutum
655 2959 689 3021 et
704 2955 883 3022 ordinatum
899 2962 957 3041 est,
982 2958 1067 3038 quod
1083 2975 1154 3024 cum
1170 2957 1318 3036 dicatur⁸,
1343 2955 1563 3039 quodquidam

335 3058 471 3124 audaces
494 3058 615 3124 faciunt
637 3061 898 3141 conspirationes,
922 3062 1143 3127 conuenticula
1167 3062 1218 3128 et⁴
1239 3061 1411 3128 societates
1433 3059 1473 3125 ud
1487 3059 1564 3124 mala
1673 3045 1675 3060 ²

334 3162 569 3246 committenda,
601 3167 755 3228 statutum
786 3167 819 3227 et
842 3162 1022 3230 ordinatum
1045 3171 1102 3243 est,
1135 3164 1221 3247 quod
1244 3165 1434 3246 quicumque
1462 3161 1564 3230 fecerit

333 3265 532 3340 societatesl,
557 3265 815 3347 conspirationes,
840 3266 1074 3332 coniurationes
1096 3273 1131 3332 et
1153 3267 1375 3333 conuenticula
1397 3267 1438 3332 ad
1453 3265 1563 3331 tacien-

334 3368 410 3432 dum
432 3373 466 3433 et
486 3369 696 3448 prestandum
719 3377 952 3434 sacramentum
982 3370 1066 3436 inter
1087 3388 1123 3436 se
1154 3388 1236 3438 unus
1264 3389 1322 3452 pro
1353 3371 1424 3451 alio,
1454 3367 1564 3435 autad
1603 3405 1608 3415 ·

334 3470 523 3554 rapiendum
545 3472 704 3558 mulieres,
728 3478 785 3538 eut
807 3473 848 3538 ad
871 3472 935 3538 alia
957 3471 1111 3540 maleficia
1133 3473 1378 3554 committenda;
1401 3474 1483 3555 quod
1503 3472 1564 3554 qni·

335 3573 415 3640 libet
438 3592 548 3640 eorum
571 3577 721 3658 puniatur
742 3594 799 3658 pro
823 3577 893 3642 sola
917 3577 972 3641 tali
995 3578 1217 3645 conuenticula
1239 3583 1272 3644 et
1287 3579 1502 3643 coniuratione
1516 3574 1563 3642 nel

334 3679 568 3760 conspiratione
589 3681 622 3744 in
645 3679 875 3763 quinquaginta
897 3681 996 3747 libris.
1020 3682 1063 3748 Et
1085 3683 1112 3749 si
1134 3683 1264 3764 aliquod
1286 3681 1374 3747 aliud
1388 3679 1562 3748 maleficium

334 3782 554 3862 committeret,
585 3785 735 3864 puniatur
768 3784 808 3850 de
839 3783 994 3852 maleficio
1024 3787 1200 3852 secundum
1230 3803 1331 3869 penas
1354 3784 1561 3853 conmutasin

332 3885 476 3967 presenti
498 3885 660 3953 uolumine
683 3892 885 3954 statutorum.
1453 3953 1457 3962 ,

378 3987 421 4053 Et
444 3989 484 4076 de
506 3991 658 4070 predictis
681 3997 796 4077 rector,
828 3991 882 4072 qui
906 4010 963 4072 pro
986 3995 1130 4075 tempore
1151 3991 1249 4059 fuerit
1271 3993 1304 4057 in
1328 3992 1414 4058 dicta
1434 3991 1561 4068 mmmm,

336 4092 440 4174 possit
463 4093 631 4176 inquirere,
667 4095 742 4159 dum
773 4101 879 4160 tamen
908 4114 972 4162 non
1003 4097 1137 4163 excedat
1158 4096 1192 4162 in
1213 4095 1452 4162 condemnando
1473 4110 1561 4178 penas

334 4200 502 4262 contentas
524 4195 558 4261 in
581 4203 714 4264 statuto.

381 4387 501 4452 ¹Ood.
525 4389 631 4451 acad.
655 4390 696 4452 B:
725 4389 926 4466 ,granando“.
1015 4387 1350 4469 ’Dastaptjun
1435 4388 1560 4450 ⁸ibid:
1647 4349 1648 4358 ἶ

337 4476 493 4552 „dicitur¹‘.
609 4474 868 4551 ⁴,c0nuenticula
897 4479 944 4537 et“
978 4479 1062 4538 deest
1091 4478 1185 4538 ibid.
1299 4475 1426 4538 ⁶ibid.
1448 4472 1558 4536 etcod

312 4563 440 4624 'acad
463 4563 506 4622 B:
531 4562 752 4646 „societatem
