3388 5356
921 645 961 713 F.

320 789 480 873 fabricare
502 792 532 850 in
547 793 640 867 burgo
656 808 740 850 nemo
757 791 853 866 possit
867 807 933 850 cum
948 790 1060 850 calcina
1075 794 1104 850 51
1118 807 1210 870 muro,
1227 791 1324 854 sedin
1339 793 1459 853 maceria
1472 801 1506 854 51
1516 794 1555 854 ad

410 879 513 955 pedem
529 879 658 954 planum.
702 895 732 954 p.
749 879 821 940 206.
838 895 883 952 55.
933 943 943 960 ,

321 961 477 1046 fabricari
499 965 618 1040 navigia
639 964 760 1040 majoris
783 964 970 1042 portadnrae,
1013 980 1101 1040 quarn
1123 964 1278 1024 51511555
1292 965 1353 1027 Mul
1376 968 1553 1042 nonpossint

411 1051 615 1120 1505155115.
660 1069 690 1126 p.
708 1053 779 1111 229.

324 1135 455 1219 fabarii
470 1144 616 1210 55115155
631 1155 748 1200 manum
763 1137 912 1198 dexteram
928 1138 1061 1214 perdant.
1105 1156 1135 1214 p.
1154 1140 1204 1198 10.
1221 1140 1272 1198 31.

323 1223 445 1306 fulsum
463 1226 687 1289 instrumentum
709 1225 759 1300 qui
782 1224 907 1284 insciens
929 1224 1016 1302 ducit,
1034 1228 1140 1302 purget
1155 1241 1187 1284 55
1209 1224 1370 1286 15555515
1393 1227 1555 1287 duodecima

412 1330 499 1382 manu
514 1330 584 1390 sua,
593 1317 623 1371 st
637 1312 742 1388 perdat
756 1311 905 1387 placitum.
940 1328 979 1386 5.
1001 1313 1050 1371 10.
1068 1314 1118 1372 31.

323 1397 498 1501 familiaris
514 1400 559 1458 151
575 1415 686 1477 servus,
703 1399 863 1458 accordans
879 1415 910 1458 se
925 1398 963 1456 ad
979 1403 1088 1457 eertum
1104 1403 1226 1476 tempus,
1244 1416 1300 1458 non
1315 1400 1408 1476 possit
1422 1405 1551 1460 5515151·-

411 1488 519 1546 51555
534 1486 667 1561 5155555
691 1502 757 1544 cum
772 1485 830 1544 alio
846 1487 964 1562 paetum
979 1484 1084 1544 155515.
1129 1502 1159 1560 p.
1176 1487 1226 1546 52.

322 1570 479 1653 famellam
501 1574 548 1632 vel
570 1573 707 1632 15511155
729 1589 813 1632 5555
835 1571 978 1632 conducat
1000 1572 1062 1632 sine
1084 1572 1349 1648 55115,151551515
1371 1535 1552 1650 5155151515

413 1659 759 1736 55115515555550

323 1743 439 1828 famuli
454 1746 650 1824 1511551155,
667 1749 735 1806 5515
750 1745 903 1806 terminum
919 1745 1050 1822 5155555
1065 1746 1211 1806 adomino
1221 1747 1399 1824 recedentes,
1416 1747 1550 1828 quomodo

412 1835 577 1909 puniantur.
622 1850 651 1908 p.
677 1835 728 1892 56.

323 1917 481 2000 fannium
502 1919 712 1997 1511555155,
735 1923 803 1978 5515
825 1918 978 1996 terminum
1000 1920 1132 1996 elapsum
1153 1938 1172 1978 5
1193 1921 1310 1980 domino
1332 1921 1548 1984 recedenten'
1519 1939 1549 2002 Ι51

412 2008 478 2082 51115
493 2007 646 2084 acceperit,
663 2005 807 2080 quomodo
822 2005 968 2080 puniatur.
1009 2024 1041 2085 p.
1059 2007 1110 2066 56.

324 2091 431 2175 famae
446 2095 580 2195 publicae
595 2093 762 2152 5551511155.
778 2110 807 2168 5.
825 2094 854 2152 5.
872 2093 901 2152 6.

323 2179 481 2262 fernino
458 2200 483 2241 s1
498 2177 670 2243 maleficium
688 2179 797 2258 iecerit,
813 2165 958 2254 quomode
972 2179 1119 2280 puniatur.
1163 2199 1193 2257 p.
1212 2179 1261 2242 19.
1279 2183 1329 2241 40.

323 2265 459 2360 fenino
490 2285 566 2344 quae
589 2266 685 2329 151515
707 2265 745 2325 511
766 2266 903 2326 55155115
925 2267 1038 2342 majora
1065 2272 1095 2326 et
1115 2283 1172 2326 non
1195 2267 1330 2330 habuerit
1351 2267 1427 2328 unde
1448 2268 1548 2328 sellem

413 2373 537 2432 555555
553 2353 655 2432 furti,
647 2370 715 2429 igne
729 2357 881 2413 cremetur.
925 2371 955 2429 p.
973 2356 1023 2414 29.

323 2439 518 2523 ferramento
540 2444 662 2518 possunt
676 2439 790 2499 extrahi
813 2440 849 2499 de
872 2440 979 2516 Segnia
1001 2445 1031 2500 ct
1041 2441 1174 2501 Flumine
1189 2459 1226 2501 eu
1241 2441 1361 2518 speciali
1376 2441 1547 2500 concessione

415 2529 543 2594 dominii.
587 2545 616 2604 p.
636 2529 707 2588 155.

322 2613 409 2696 filius
431 2616 587 2676 succedant
600 2614 680 2693 patri
695 2613 894 2675 deficientibus
908 2613 975 2674 liliis
991 2618 1020 2674 et
1035 2614 1182 2676 iratribus.
1227 2634 1256 2692 p.
1276 2617 1325 2675 16.
1343 2617 1393 2676 36.

321 2700 407 2784 filine
421 2703 592 2778 aequalibus
606 2701 739 2778 partibus
754 2700 943 2763 hereditatem
957 2701 1032 2760 inter
1046 2719 1078 2761 55
1093 2701 1233 2764 dividant.
1249 2720 1278 2778 p.
1297 2704 1347 2764 16.
1364 2703 1414 2762 36.

322 2787 384 2871 filii
398 2791 520 2867 legitimi
534 2787 696 2863 aequaliter
710 2787 841 2848 dividant
855 2789 929 2846 inter
943 2806 975 2847 se
990 2789 1066 2848 bona
1081 2791 1182 2866 patris.
1227 2807 1256 2865 p.
1275 2791 1324 2850 16.
1342 2791 1392 2849 36.

322 2873 384 2957 filli
399 2875 598 2938 succedentis
614 2876 707 2936 locum
723 2875 816 2951 patris
831 2875 1018 2950 praemortui.
1060 2894 1092 2954 p.
1112 2879 1161 2937 16.
1179 2879 1229 2936 36.

322 2961 384 3045 filia·
399 2981 449 3024 555
465 2963 542 3024 filiae
557 2980 593 3022 ex
609 2963 721 3025 duobus
736 2962 874 3024 uxoribus
896 2962 1057 3038 aequaliter
1079 2963 1210 3024 dividant
1224 2964 1299 3022 inter
1314 2980 1346 3022 se
1361 2961 1436 3022 bons
1453 2960 1546 3039 551115.
1672 2984 1673 2995 1

317 3136 410 3219 filins
432 3156 489 3198 non
505 3137 642 3198 obediens
657 3137 762 3212 perdat
775 3140 889 3212 partem
903 3154 996 3196 snam.
1041 3157 1070 3214 p.
1089 3141 1138 3200 73.
1155 3155 1200 3213 55.

317 3224 385 3307 filii
406 3227 452 3285 151
468 3224 545 3284 filiae
560 3223 721 3282 dividentes
744 3241 776 3282 so
798 3242 816 3283 5
838 3228 922 3300 patre
944 3224 1006 3284 sine
1021 3227 1169 3285 voluntate
1184 3223 1258 3302 ejus,
1281 3221 1354 3282 nihil
1375 3221 1498 3286 habeant
1517 3219 1549 3278 de

413 3312 496 3373 bonis
512 3309 640 3387 paternis
656 3310 703 3372 151
719 3311 866 3370 maternis.
912 3329 940 3386 p.
960 3313 1030 3372 107.

323 3396 438 3480 5151555
460 3397 579 3474 aliquod
593 3397 759 3456 morbosum
776 3415 858 3458 nemo
874 3398 1053 3458 6155515555
1068 3399 1176 3458 1511515
1192 3399 1308 3460 audeat.
1353 3415 1383 3472 p.
1400 3400 1449 3458 93.

325 3485 464 3566 forenses
487 3485 628 3546 Ournulae
651 3484 726 3544 bona
749 3484 865 3544 stabilia
887 3484 1068 3560 possidentes
1093 3487 1209 3546 solvant
1230 3483 1374 3546 communi
1396 3483 1548 3555 solutiones,

414 3591 488 3649 51155
505 3579 534 3632 51
548 3571 660 3632 incolae
676 3571 771 3630 faeere
786 3571 900 3632 dehent.
946 3588 974 3646 p:
994 3576 1064 3632 127.

325 3658 465 3741 forenses
488 3658 1369 3734 5555555551115551,5555555551155551511115.594.

325 3745 466 3828 forenses
485 3751 632 3822 emptores
650 3749 802 3804 teneantur
817 3763 931 3820 semper
947 3745 1127 3822 trigesimum
1142 3746 1254 3822 integre
1274 3747 1396 3804 solvere.
1441 3763 1469 3820 p.
1487 3743 1549 3802 111.

325 3832 499 3914 forensest
486 3837 638 3892 teneantur
659 3823 823 3894 hominibus
845 3833 956 3892 insulse
971 3833 1069 3892 statim
1084 3833 1225 3892 15115555
1245 3834 1351 3892 locere.
1396 3849 1425 3907 p.
1444 3833 1489 3889 15.
1504 3831 1549 3890 35.

325 3917 503 4001 forensibus
525 3919 655 3979 homines
670 3919 781 3980 15511155
796 3919 894 3978 515115
909 3919 1084 3996 respondere
1099 3919 1233 3979 debeant.
1276 3937 1306 3994 p
1325 3921 1375 3978 15.
1393 3921 1442 3980 35.

325 4006 465 4088 forenses
481 4025 537 4068 non
553 4009 676 4083 possunt
687 4023 752 4064 5555
767 4005 879 4066 scribae
893 4005 1052 4066 triremium
1063 4011 1091 4066 51
1103 4006 1226 4066 aliarum
1237 4006 1364 4066 navium.
1387 4024 1416 4082 p.
1434 4007 1499 4065 163.
1511 4019 1549 4076 eq.

324 4093 460 4176 forensis
482 4113 539 4153 non
562 4093 656 4170 possit
678 4109 742 4152 esse
761 4097 838 4152 tutor
860 4111 913 4154 neo
936 4095 1114 4170 gubernator
1128 4093 1282 4154 Ourzulani
1304 4093 1333 4151 in
1357 4090 1549 4154 1551565115-

412 4183 544 4241 1555155.
589 4198 618 4256 5.
637 4182 687 4241 96.

325 4265 462 4349 forense's
484 4287 540 4328 non
556 4268 663 4328 audeat
677 4266 803 4326 incidere
818 4267 901 4326 tedas
918 4268 964 4326 uel
980 4267 1147 4342 lignamina.
1193 4285 1222 4342 p.
1240 4269 1280 4326 86
1296 4285 1340 4341 sq.

325 4353 503 4437 forensibus
524 4355 683 4431 lignamina
697 4354 726 4412 in
741 4353 836 4414 insula
850 4354 1042 4415 incidentibus
1058 4354 1182 4430 quisque
1203 4353 1297 4430 possit
1318 4354 1450 4430 accipere
1464 4368 1551 4410 mana·

413 4443 473 4502 rias
489 4447 518 4501 et
533 4443 665 4520 zeligam.
710 4457 739 4516 p.
758 4444 807 4500 92.

326 4525 465 4608 forenses
480 4530 541 4588 sine
557 4527 672 4589 licentia
686 4527 845 4604 lignamina
860 4527 1027 4604 incidentes,
1045 4527 1190 4602 quomodo
1205 4527 1370 4603 puniantur.
1415 4545 1443 4604 p.
1460 4527 1506 4586 55.

325 4613 465 4696 forenses
481 4616 593 4692 possint
607 4633 672 4674 cum
684 4615 800 4674 lieentia
814 4615 947 4691 accipere
959 4614 1118 4690 lignamine
1132 4631 1186 4690 per
1201 4613 1334 4693 insulam,
1351 4613 1552 4694 (1555511555-

413 4702 652 4764 15511511151155.
697 4719 727 4780 p.
747 4704 817 4762 129.
834 4717 878 4780 55.
