3434 5368
1334 515 1375 579 27

463 735 529 778 0³1².
553 735 587 778 11.
611 737 652 780 DE
674 735 842 782 momorum
864 739 1051 784 ΜΔΜῚΠΜ.

14 907 15 914 ¹
179 833 261 900 item
286 840 439 900 statutum
462 841 496 902 et
518 837 696 903 ordinatum
719 843 785 916 est,
816 839 901 919 quod
924 839 951 904 si
974 839 1045 922 quis
1068 858 1166 922 puer,
1198 840 1248 908 uel
1271 843 1378 924 puelia

14 965 16 1036 3
131 956 289 1004 annorum
312 941 550 1023 quatuordecim
574 947 608 1006 et
628 939 711 1007 infra
733 941 845 1007 iecerit
874 942 1092 1026 homicidium,
1129 946 1180 1012 uei
1204 947 1376 1028 quomodo·

14 1043 16 1106 Ξ
131 1041 212 1108 libet
235 1045 435 1132 percusserit,
460 1045 520 1110 hoc
541 1051 705 1112 remaneat
727 1045 759 1110 iu
782 1047 988 1127 prouidentia
1010 1049 1096 1116 curie
1119 1050 1159 1116 ad
1181 1051 1319 1138 plenum,
1336 1051 1377 1119 ad

14 1171 16 1246 f
131 1146 331 1228 puniendum
354 1167 436 1231 eum,
459 1149 511 1216 uel
534 1169 604 1216 eam
627 1155 722 1232 prout
744 1151 773 1214 ei
796 1151 910 1216 iustius
934 1152 1103 1218 uidebitur.

468 1327 533 1371 ῦΔΡ.
558 1328 604 1370 111.
628 1329 670 1371 DE
691 1329 900 1372 Pnuusslonn
923 1330 1041 1375 eudon.

178 1425 260 1491 Item
282 1426 452 1492 statuimus
475 1433 508 1493 et
531 1425 727 1507 ordinamus,
762 1427 846 1508 quod
881 1429 1059 1512 quicunque
1093 1432 1286 1512 percusserit
1319 1434 1377 1500 ali·

131 1545 230 1608 quern
253 1527 294 1594 de
318 1530 433 1610 gladio,
459 1535 561 1611 spata,
585 1530 639 1596 uel
661 1548 751 1611 maqo
773 1532 812 1596 de
835 1530 929 1614 ferro,
954 1533 1057 1598 soluat
1079 1552 1137 1615 pro
1160 1535 1262 1617 primo
1285 1536 1377 1618 culpo

131 1649 293 1714 yperpera
325 1633 591 1716 uigintiquinque,
627 1638 660 1698 ct
681 1651 739 1715 pro
777 1635 921 1715 quolibet
953 1637 1045 1718 culpo
1082 1641 1229 1720 sequenti
1262 1640 1378 1721 perdet

131 1755 294 1818 yperpera
317 1738 465 1818 quinque,
489 1737 550 1802 nisi
574 1755 608 1802 se
631 1737 840 1820 defendendo,
874 1758 935 1821 que
958 1740 1101 1807 defensio
1124 1743 1228 1824 possit
1250 1744 1377 1825 probari

14 1873 16 1944 3
132 1841 279 1923 legitime
315 1839 428 1908 saltem
461 1859 519 1924 per
541 1841 621 1908 duos
655 1839 787 1908 idoneos
810 1843 911 1922 uiros;
947 1851 980 1910 et
1003 1845 1030 1910 si
1052 1863 1220 1927 percussor
1251 1845 1378 1930 fugerit,

134 1945 278 2027 regimen
301 1945 436 2027 accipiet
459 1945 616 2012 derebus
638 1946 704 2012 suis
728 1947 759 2010 iu
782 1946 930 2030 duplum;
954 1949 1035 2014 etsi
1059 1966 1123 2014 nou
1145 1949 1294 2018 habuerit
1308 1957 1377 2018 tan·

14 2087 15 2090 =
133 2055 186 2113 tas
210 2066 271 2126 res,
296 2049 340 2113 sit
361 2049 392 2114 iu
414 2049 527 2128 banuo,
553 2049 706 2132 quamdiu
729 2051 921 2132 persoluerit
940 2053 1078 2118 bannum
1102 2054 1313 2136 antedictum3
1345 2061 1379 2122 et

134 2151 161 2218 si
186 2157 299 2234 captus
322 2151 426 2233 fuerit,
451 2159 483 2220 et
506 2171 569 2218 non
592 2153 739 2221 habuerit
761 2155 843 2222 vnde
866 2157 1000 2238 soluere,
1024 2157 1139 2239 perdat
1161 2177 1287 2224 manum
1301 2158 1374 2226 dex·

133 2261 244 2334 teram,
269 2261 303 2322 et
325 2275 474 2338 percusso
498 2257 703 2339 prouidentur
725 2265 820 2340 prout
841 2259 1002 2328 uidebitur
1021 2260 1175 2343 regimini,
1198 2261 1249 2328 uei
1265 2263 1376 2330 maiori

14 2339 18 2389 ξ
131 2359 218 2442 parti
240 2359 341 2424 totius
364 2361 458 2443 curie,
482 2379 581 2443 usque
605 2361 645 2426 ad
667 2363 871 2428 medietatem
895 2363 1000 2443 banni,
1025 2369 1058 2430 et
1079 2363 1171 2430 infra.

476 2540 543 2582 OAP.
566 2541 609 2582 1v.
632 2541 675 2582 DE
697 2541 905 2585 Pnsoussmrtn
928 2543 1036 2585 PETRE.

175 2639 259 2704 Item
283 2643 438 2704 statutum
461 2645 495 2704 et
517 2639 696 2704 ordinatum
719 2645 778 2724 est,
803 2640 887 2721 quod
911 2641 1091 2723 quicunque
1110 2644 1305 2724 percusserit
1321 2644 1376 2708 ali-

131 2761 234 2824 quem
259 2742 422 2824 deputas,
455 2743 506 2806 uel
529 2743 719 2824 nequalia,
754 2747 958 2825 preterquam
983 2744 1022 2808 de
1045 2743 1146 2822 ferro,
1182 2746 1297 2826 perdat
1318 2764 1376 2828 pro

128 2845 238 2927 primo
261 2845 354 2927 culpo
377 2864 534 2928 yperpera
556 2846 705 2928 quinque,
729 2851 762 2912 et
784 2864 841 2928 pro
865 2847 1008 2926 quolibet
1029 2848 1128 2929 oulpq
1144 2849 1289 2929 sequenti
1304 2867 1376 2930 per·

14 2969 16 3010 r
128 2950 191 3015 dat
212 2967 371 3031 yperpera
393 2949 466 3028 due,
490 2957 524 3014 et
545 2967 697 3030 percusso
721 2949 936 3030 prouidentur,
961 2957 996 3014 vt
1018 2969 1124 3032 supra.

350 3119 365 3142 ⁹
478 3127 544 3171 cna.
569 3128 598 3170 v.
623 3129 665 3169 us
687 3128 894 3170 ruaoussroun
917 3129 1033 3172 nanus.

179 3227 261 3294 item
284 3231 440 3293 statutum
464 3232 498 3292 et
520 3226 699 3292 ordinatum
722 3237 780 3304 est,
813 3227 896 3307 quod
920 3229 1099 3309 quicunque
1121 3228 1314 3310 percusserit
1336 3229 1376 3296 de

128 3350 240 3416 mauu,
263 3331 316 3397 ue'l
339 3331 482 3397 iniecerit
503 3331 535 3394 in
558 3331 694 3412 aliquem
728 3347 840 3396 manus
862 3330 1034 3410 uiolentas,
1070 3332 1185 3413 perdat
1219 3351 1377 3414 yperpera

127 3435 213 3516 trie3
236 3440 270 3502 et
291 3436 319 3500 si
341 3453 403 3500 uon
423 3433 579 3513 habuerit,
602 3436 685 3501 vnde
707 3433 841 3517 soluere,
866 3433 1037 3513 frustatur,
1061 3441 1095 3500 et
1117 3435 1144 3500 si
1166 3434 1293 3516 fugerit,
1325 3454 1375 3501 re·

130 3537 242 3622 girncn
264 3537 399 3619 accipiat
421 3539 461 3604 de
484 3539 578 3604 rebus
601 3539 667 3604 suis
690 3539 722 3602 in
741 3537 882 3618 duplum,
909 3543 943 3602 et
965 3539 992 3602 si
1014 3556 1078 3604 uou
1100 3538 1248 3605 habuerit
1269 3545 1376 3605 tantas

128 3659 197 3724 res,
222 3641 263 3706 sit
286 3641 453 3720 iubendo,
479 3641 629 3722 quamdiu
662 3639 855 3724 persoluerit
884 3642 1078 3708 antedictum
1110 3642 1259 3724 duplum;
1295 3648 1329 3707 et
1350 3643 1376 3708 si

128 3762 304 3827 percussus
326 3745 557 3824 reclamanem,
581 3745 699 3812 habeat
715 3743 918 3810 medietatem
933 3745 1038 3828 banni,
1063 3748 1096 3811 et
1110 3744 1192 3810 inira
1207 3745 1247 3812 cd
1263 3745 1375 3811 uolun-

129 3833 235 3913 tatem
257 3847 386 3914 maioris
409 3849 511 3930 partis
535 3849 704 3932 regiminis.

177 3951 222 4016 Et
242 3969 374 4034 presens
397 3953 553 4034 particula
575 3953 770 4034 suppleatur,
795 3959 828 4020 ct
849 3951 1045 4035 intelligatur
1066 3955 1097 4018 iu
1123 3953 1267 4019 ouruibus
1290 3954 1375 4034 capi-

14 4037 16 4068 ²
127 4056 210 4123 tuiis
233 4057 480 4138 percussionum.

450 4235 515 4279 UAP.
541 4236 584 4278 VI·
620 4235 662 4277 DE
685 4235 894 4278 nnscussmnlc
916 4235 1060 4279 tentonus.

178 4333 260 4399 ltem
282 4338 438 4399 statutum
462 4339 495 4400 et
518 4333 696 4400 ordinatum
720 4339 779 4419 est,
803 4333 888 4416 quod
911 4335 1090 4417 qudcunque
1104 4333 1248 4401 iniecerit
1262 4352 1375 4399 manue

128 4435 291 4502 uiolentas
314 4437 347 4500 in
369 4437 505 4519 aliquem
539 4438 678 4503 iudicum
713 4437 912 4520 scapilendo‚
949 4439 1001 4504 uel
1030 4437 1229 4504 uerberando
1263 4439 1376 4519 ipsum,

127 4539 239 4606 soluat
271 4558 429 4621 yperpera
462 4541 655 4622 quindecim,
690 4547 724 4608 et
747 4547 812 4606 stet
840 4542 871 4605 in
895 4541 1072 4607 carceribus
1107 4559 1167 4607 vno
1189 4558 1316 4619 meuse;
1351 4542 1377 4606 si

127 4645 205 4727 quis
227 4663 304 4710 uero
327 4645 521 4724 percusserit
549 4646 686 4714 iudicem
709 4645 748 4712 da
771 4645 893 4728 lapide,
928 4665 1026 4728 mapa
1048 4646 1101 4711 uei
1123 4645 1225 4731 iuste,
1260 4644 1376 4726 perdat

14 4791 15 4794 =
124 4765 287 4833 yperpera
309 4749 440 4831 uiginti;
476 4749 502 4814 si
526 4767 603 4817 uero
627 4749 667 4816 de
690 4754 795 4832 spata,
833 4749 970 4831 cultello,
995 4749 1113 4817 etalio
1137 4749 1246 4830 ferro,¹
1269 4749 1374 4817 soluat
