3398 5354
1315 405 1377 469 169

165 613 221 680 Et
243 613 270 681 si
293 613 363 696 quis
385 613 542 680 iurauerit
562 619 720 696 precepta
741 611 913 696 potestatis
936 615 970 677 et
990 611 1124 678 rectoris
1140 611 1224 692 diste
1241 609 1378 676 ciuitatis

112 721 155 783 et
181 715 274 784 fanto
301 723 500 785 sacramento
523 723 656 800 propter
678 735 769 783 snam
792 717 1007 800 arrogantiam
1029 717 1213 782 mandatum
1237 714 1298 781 sibi
1313 713 1377 780 tae

111 825 198 886 tum
230 841 250 888 a
273 825 434 904 potestate
457 827 490 888 et
513 827 637 889 rectore
666 821 750 902 dicta
781 819 919 887 ciuitatis
954 820 1091 888 noluerit
1118 820 1307 904 obseruare,
1338 818 1379 884 ad

111 941 250 1006 penam
275 929 308 991 et
329 925 468 991 bannum
501 925 562 992 sibi
592 925 773 1008 impositum
805 923 977 992 efficaciter
1005 929 1170 1004 teneatur3
1204 940 1244 990 ao
1275 923 1376 1008 saluo,

112 1029 218 1107 quod
240 1029 267 1096 si
290 1047 388 1110 snper
409 1029 516 1095 uerbis
538 1029 698 1097 iniuriosis
729 1029 845 1112 aliquis
873 1029 974 1096 nollet
1002 1027 1123 1095 iurare¹
1145 1031 1300 1110 precepta
1321 1045 1377 1110 po·

113 1133 259 1200 testatis
282 1138 316 1198 et
337 1132 472 1200 rectoris
496 1133 579 1214 dicte
603 1134 753 1214 ciuitatis,
789 1134 875 1216 quod
897 1138 1084 1214 expectetur
1113 1149 1214 1215 usque
1236 1131 1268 1196 in
1292 1130 1377 1197 diem

113 1242 320 1318 sequentem
342 1237 384 1302 ad
406 1238 537 1305 batuam
561 1245 594 1303 et
627 1239 653 1303 si
681 1238 813 1304 interim
837 1255 900 1304 non
916 1237 1079 1321 iurauerit,
1100 1236 1134 1301 in
1157 1235 1266 1302 desem
1288 1233 1377 1301 libris

120 1339 255 1408 debeat
277 1340 497 1408 condemnarl²
519 1360 577 1425 pro
600 1342 743 1423 qualibet
764 1341 842 1409 uice
1334 1328 1335 1332 ¹

184 1571 257 1616 on.
280 1572 355 1614 m.
378 1573 421 1614 nn
442 1571 635 1617 mammes
659 1571 724 1617 0111
747 1571 971 1617 sumemus
993 1571 1108 1615 noum
1129 1569 1324 1614 POHB'MIS·

169 1687 260 1753 Item
293 1692 447 1754 statutum
479 1693 513 1754 et
543 1687 724 1755 ordinatum
757 1692 815 1769 eat,
849 1689 935 1772 qnod
965 1687 992 1754 si
1023 1689 1094 1770 quis
1122 1685 1276 1753 rixauarit
1305 1702 1376 1751 eum

118 1791 300 1873 semitore,
322 1792 376 1858 uel
397 1791 545 1858 familiari
568 1791 705 1858 domini⁸
726 1793 904 1874 potestatis,
927 1793 981 1858 uel
1000 1811 1073 1858 eum
1088 1790 1293 1874 percusserit,
1317 1807 1375 1856 asu

122 1893 313 1978 offenderit,
333 1898 381 1962 ita
403 1895 554 1980 puniatur
577 1897 749 1964 secundum
772 1895 908 1963 termam
935 1895 1074 1978 statuti⁴‚
1097 1897 1181 1962 sieut
1202 1913 1260 1977 pro
1283 1893 1374 1960 ali0⁶.

59 2042 71 2063 2
119 1999 171 2065 Et
197 2001 294 2066 simili
315 2001 409 2068 modo
431 2001 582 2083 puniatur
605 2001 751 2081 sumitur,
775 2001 828 2066 uel
851 2000 1015 2066 familiaris
1038 2000 1217 2082 potestatis.

232 2231 299 2275 ou.
322 2231 410 2273 Irm-
432 2231 475 2273 DE
497 2229 745 2302 annotabamus
767 2231 807 2274 ltu·
826 2231 1018 2276 mammes
1041 2229 1148 2276 com
1170 2229 1275 2274 oum.

166 2347 255 2412 Item
279 2349 432 2413 statutum
456 2351 490 2414 et
511 2347 693 2413 ordinatum
716 2352 774 2431 est,
806 2349 891 2430 quod
922 2348 949 2413 si
978 2349 1033 2432 qni
1054 2337 1138 2412 inter
1161 2365 1197 2413 se
1218 2345 1370 2428 placitum

119 2447 288 2517 habentes
311 2455 345 2516 et
367 2469 474 2517 ennam
497 2451 585 2516 curia
600 2451 864 2532 disceptauerint⁶
879 2457 913 2518 et
927 2451 1010 2518 alter
1025 2456 1136 2518 eontra
1152 2451 1373 2517 aduersarium

125 2571 226 2619 snum
249 2554 281 2618 in
304 2554 528 2622 contumeliam
551 2573 761 2637 prorumpens
780 2573 893 2623 manns
915 2555 1075 2623 uiolentas
1096 2555 1242 2623 iniecerit
1264 2561 1374 2623 eontra

125 2657 255 2739 alium',
280 2657 412 2740 duplum
433 2659 571 2726 bannum
594 2659 768 2742 persoluat.

232 2885 300 2932 w.
324 2888 425 2931 Irm-
448 2889 490 2931 DE
512 2889 610 2934 mus
631 2891 891 2935 numennumen
907 2891 1034 2936 Parnm!
1048 2893 1111 2936 lma
1126 2891 1269 2936 nuum.

168 3003 255 3070 Item
278 3007 434 3070 statutum
457 3009 491 3070 et
513 3005 694 3070 ordinatum
726 3012 786 3092 est,
810 3009 897 3089 quod
920 3009 947 3074 si
970 3009 1084 3092 aliquis
1107 3006 1191 3076 tilius
1220 3009 1372 3078 uerbera·

124 3106 224 3188 uerit,
256 3107 309 3175 uel
339 3109 533 3190 percusserit
563 3115 689 3193 patrem
718 3117 776 3178 ant
804 3118 939 3180 matrem
969 3120 1025 3180 aut
1054 3133 1150 3181 auum
1181 3114 1234 3182 uel
1256 3114 1373 3195 auiam,

93 3269 97 3276 .
125 3211 311 3294 expellatur
334 3230 353 3276 a
376 3213 506 3279 ciuitate
529 3213 650 3296 Spalati
669 3234 728 3298 per
744 3216 825 3284 duos
841 3235 942 3284 annos
956 3218 1011 3302 ita,
1035 3218 1121 3300 quod
1136 3218 1204 3284 sine
1221 3235 1373 3301 expressa

125 3315 259 3382 licentia
281 3316 392 3399 patris,
416 3318 537 3402 matris,
561 3319 614 3384 ani
637 3319 689 3386 uel
712 3319 796 3403 aule,
820 3320 868 3386 ani
892 3320 1038 3386 iniuriam
1061 3319 1184 3401 feeerit,
1208 3321 1249 3387 ad
1272 3321 1372 3405 ipsam

127 3419 293 3486 ciuitatem
317 3422 437 3487 reuerti
461 3440 523 3488 non
546 3424 657 3504 possit.

169 3523 217 3589 Et
245 3527 339 3607 pater
367 3525 419 3592 nel
449 3531 561 3612 mater,
592 3546 673 3593 auus
705 3527 861 3607 uelauit,
893 3527 943 3594 cui
973 3528 1055 3595 tales
1084 3527 1216 3594 iniurias
1249 3529 1372 3614 irroga-

127 3628 246 3707 uerint,
276 3627 347 3694 uel⁸
375 3627 519 3713 iecerint,
549 3631 652 3712 possit
673 3629 755 3698 filios
777 3632 830 3698 uel
853 3638 985 3716 nepotes
1008 3632 1238 3716 exhereditare,
1273 3638 1309 3700 ut
1331 3635 1372 3700 da

126 3731 221 3798 bonis
245 3733 312 3798 suis
334 3750 397 3798 non
419 3733 560 3800 habeant
581 3735 720 3816 aliquam
742 3743 874 3818 partem,
900 3737 982 3802 sieut
996 3737 1091 3820 patri,
1114 3736 1216 3816 matri,
1241 3755 1301 3803 auo
1318 3736 1370 3803 uel

129 3835 213 3915 anie,
237 3835 290 3914 qui
315 3838 494 3919 receperint
515 3839 596 3906 tales
619 3840 751 3906 iniurias
774 3841 827 3908 uel
849 3839 997 3925 offensas,
1021 3840 1182 3906 uidebitur
1197 3839 1370 3907 ordinaret

175 4027 187 4064 ¹
211 4029 269 4106 Ap.
286 4031 415 4107 Ljnb.:
441 4033 544 4107 „per“.
604 4027 726 4092 ’0οά
743 4033 849 4094 asad.
866 4033 906 4094 B:
932 4033 1190 4110 „condempnari“.
1248 4030 1259 4067 ³
1280 4033 1373 4094 Deest

126 4133 175 4192 ap.
211 4116 321 4192 12an.
391 4115 789 4192 ‘ibinaptamtornmt
871 4116 1015 4180 ΗΜΛ
1044 4119 1156 4194 „inre“.
1228 4117 1372 4181 ΗΜΛ

130 4197 386 4280 ‚,planitauan'nt“.
484 4201 629 4265 ΗΜΛ
653 4205 831 4281 „aliquem“.
924 4201 1176 4288 ⁸„i1noganarint
1197 4201 1264 4266 nel“
1290 4206 1374 4266 deest

6 4345 7 4352 ,
129 4307 176 4365 ap.
202 4290 313 4366 Ljnb.
423 4287 567 4352 ΗΜΛ
593 4293 798 4367 „conuenire“.
822 4293 910 4352 (lod.
934 4293 1040 4355 abad.
1063 4293 1107 4352 A:
1131 4294 1262 4370 glossam
1284 4292 1375 4353 habet

127 4374 174 4435 hie
199 4377 266 4436 loeo
296 4377 504 4453 marginalem:
538 4377 620 4460 „Hes
649 4378 753 4438 eadem
782 4369 904 4439 libertas
935 4380 1023 4440 datur
1053 4380 1225 4455 parentibus
1248 4380 1277 4440 in
1299 4379 1375 4439 libro

129 4463 217 4522 tertio
240 4463 369 4538 capitulo
392 4464 443 4522 xix
465 4464 520 4523 snb
542 4465 677 4526 rubrica:
700 4465 786 4540 Quod
808 4469 895 4540 pater
915 4471 947 4526 at
968 4465 1092 4529 mater“.
