3398 5354
379 424 442 488 240

379 628 516 709 humane
539 627 751 695 conditionesl
772 629 846 711 ingo
869 629 1011 714 dominij,
1042 647 1101 694 nec
1123 628 1303 695 libertatem
1325 647 1345 694 a
1366 647 1411 707 se,
1445 647 1538 711 qnam
1559 629 1598 696 eis

383 738 499 800 natura
522 732 707 809 contulerat
731 731 874 799 homines
895 733 1100 800 abdicassent
1121 733 1190 810 nisi,
1216 733 1300 814 quod
1322 733 1478 814 impunita
1490 733 1603 799 licentia

381 837 493 904 sceleri
515 838 547 902 in
570 836 749 902 euidentem
772 836 904 901 humani
921 837 1046 921 generis
1069 837 1241 919 perniciem
1264 836 1475 904 redundabat.
1503 837 1543 902 llt
1562 838 1600 903 sic

383 961 422 1008 ex
445 941 636 1010 necessitate
659 941 794 1023 quadam
816 943 977 1024 opportuit
998 946 1140 1006 nostram
1163 941 1294 1008 subesse
1308 941 1432 1020 iusticie
1447 945 1480 1004 et
1493 943 1602 1009 seruire
1669 983 1670 986 =

380 1046 494 1112 iudicio
516 1045 696 1111 libertatem
721 1063 758 1110 ac
776 1045 874 1128 ipsius
889 1044 1009 1112 motus¹
1026 1045 1165 1111 lasciuos
1180 1045 1240 1112 sub
1256 1049 1449 1111 staurtorum
1463 1045 1599 1128 allegam
1669 1035 1670 1044 '

381 1148 554 1217 moderatis
584 1148 719 1214 habenis
749 1149 839 1214 iuxta
868 1150 1055 1216 uarietatem
1085 1155 1264 1231 temporum
1293 1149 1512 1228 coamancinm,
1549 1167 1601 1231 qne

383 1251 630 1320 insuffitientiam
651 1257 781 1336 propter
803 1270 917 1319 causas
940 1253 1137 1335 multiplices,
1159 1253 1267 1319 uarios
1289 1269 1381 1318 casus
1403 1270 1442 1316 ac
1462 1252 1600 1335 plurimos

385 1356 520 1425 cotidie³
535 1357 708 1439 patiuntur,
724 1357 847 1423 uirente
870 1375 953 1422 nunc
974 1358 1074 1441 magis
1092 1357 1141 1422 in‘
1155 1357 1317 1423 hominum
1333 1356 1491 1422 mentibus
1507 1355 1602 1438 nequi

383 1461 442 1540 cia,
470 1479 565 1544 quam
591 1460 717 1528 uirtute.
739 1460 840 1540 Quam
863 1461 1045 1542 nequiciam,
1070 1461 1121 1526 ut⁵
1144 1461 1314 1528 uirtutibus
1334 1459 1469 1526 studiosi
1494 1459 1600 1543 degant

381 1563 520 1648 pacifice,
544 1571 692 1648 opportet
714 1565 837 1646 iusticie
857 1565 997 1646 subesse,
1020 1565 1171 1632 limitibus
1189 1565 1305 1650 legum,
1327 1565 1499 1630 terroribus
1514 1569 1599 1645 atque

383 1669 483 1752 penis,
506 1674 646 1735 testante
661 1669 772 1736 Oratio
796 1668 827 1733 in
850 1671 916 1735 suis
939 1669 1081 1752 epistolis
1096 1676 1130 1734 et
1145 1670 1302 1736 dicenta⁶2
1324 1668 1467 1736 Oderunt
1481 1685 1597 1750 peceare

382 1773 455 1838 boni
479 1772 607 1838 uirtutis
630 1789 745 1850 amore,
769 1771 904 1838 oderrmt
926 1790 1057 1855 peccare
1079 1772 1152 1838 mali
1174 1771 1342 1838 formidine
1363 1789 1457 1854 pene.

424 1876 545 1943 Idcirco
577 1895 635 1944 nos
665 1874 846 1958 Stephanus
877 1875 1067 1957 dentatam,
1098 1894 1203 1944 comes
1232 1876 1369 1942 ciuitatis
1392 1873 1516 1957 Spoleti,
1545 1893 1598 1940 una

383 1999 453 2048 cum
475 1981 523 2046 his
553 1981 719 2047 duodecim
750 1981 826 2047 uiris
857 1980 1014 2048 nobilibus
1037 1979 1225 2064 Spalatinis'
1247 1998 1345 2063 super
1367 1984 1452 2048 statu
1474 1978 1597 2046 ciuitatis

385 2085 585 2169 singulariter
615 2085 775 2168 deputatis
805 2083 950 2162 dominis,
982 2085 1129 2152 uidelicet
1158 2083 1302 2168 Philippo
1334 2083 1455 2168 Doymi
1482 2083 1599 2150 Petram

383 2189 480 2270 Petri,
510 2188 655 2256 Johanne
677 2188 820 2270 Vulcine,
849 2189 991 2257 Dobrolo
1011 2189 1111 2272 Junij‚
1141 2187 1253 2255 Nicoln
1283 2188 1399 2271 Doymi
1420 2188 1597 2272 Parnoslaui,

383 2292 530 2360 iohanne
549 2291 710 2376 Stephani,
735 2293 858 2376 boymo
873 2293 1013 2368 Borcani,
1037 2293 1183 2360 Johanne
1199 2291 1284 2378 Gilij,
1308 2291 1420 2359 Nicoln
1435 2291 1597 2374 Theodosii,

384 2397 505 2464 Thoma
525 2397 671 2482 Lucbari,
696 2395 826 2466 Comolo
850 2397 1014 2482 Johannis,
1038 2398 1173 2465 Raboldi
1196 2401 1231 2464 et
1252 2397 1334 2465 Zore
1360 2395 1504 2464 condam⁸
1522 2393 1596 2462 Pani

382 2499 553 2589 Camurti,
582 2521 621 2570 ex
643 2503 774 2569 arbitrio
797 2502 888 2570 nobis
911 2520 1060 2572 condemn
1082 2521 1140 2584 par
1163 2501 1329 2569 consssium
1351 2500 1496 2582 generale
1515 2517 1598 2581 super

382 2606 535 2690 predictis
554 2606 642 2673 iuxta
660 2607 752 2674 nobis
768 2607 845 2672 uisis
860 2605 1091 2689 beneplacitum
1107 2605 1265 2685 ordinare,
1283 2605 1491 2672 correctiones
1498 2601 1597 2682 lacere.

384 2710 471 2793 leges
494 2711 669 2778 concedere
693 2717 727 2777 et
748 2711 874 2777 ordines
897 2713 1023 2778 nouiter
1038 2711 1233 2792 compilare,
1258 2710 1368 2790 uigore
1383 2709 1480 2790 ipsius
1494 2705 1597 2776 arbitrii

384 2814 475 2880 nobis
499 2813 566 2881 dati
589 2832 646 2896 per
669 2813 925 2881 reformationem
943 2815 1122 2881 huiusmodi
1145 2814 1249 2881 nostri
1272 2813 1450 2895 cancellari]
1473 2810 1597 2877 manibus

388 2917 590 3002 registratam
613 2919 713 3002 leges,
737 2918 953 2986 ordinationes
976 2937 1013 2986 ac
1035 2919 1247 2985 correctiones
1271 2917 1478 3000 transcriptas
1503 2930 1597 2998 perpe

387 3027 443 3089 tuo
465 3023 569 3090 edicto
590 3022 777 3090 mandamus
799 3029 834 3089 et
855 3021 1053 3090 decernimus
1074 3021 1301 3089 obseruandas.

715 3254 782 3300 oar.
804 3255 848 3297 mr.
872 3255 916 3298 nn
937 3253 1040 3298 omme
1061 3229 1298 3298 resumamnrsl.

429 3368 593 3438 Statutum
615 3375 649 3438 et
667 3370 847 3437 ordinatum
862 3377 921 3450 est,
945 3370 1029 3453 quod
1047 3387 1167 3449 omnes,
1191 3369 1245 3452 qui
1263 3365 1494 3451 pastinauerint
1506 3365 1600 3430 uineas

385 3474 418 3540 in
440 3475 586 3541 districtu
609 3474 732 3558 Spalati
754 3481 788 3542 et
801 3475 868 3541 in¹⁰
882 3477 986 3542 insula
1008 3475 1110 3558 Soltc,
1134 3479 1302 3544 teneantur
1316 3492 1375 3558 pro
1390 3471 1528 3555 quolibet
1541 3485 1600 3534 mc·

387 3586 461 3646 teno
486 3599 541 3646 sex
564 3579 663 3662 pedes
686 3581 840 3646 oliuarum
862 3581 945 3648 bene
967 3586 1000 3647 et
1021 3579 1159 3648 fideliter
1189 3579 1352 3663 pastinare
1381 3584 1416 3644 et
1437 3595 1491 3644 eos
1512 3573 1601 3640 colere

387 3688 420 3751 et
442 3683 599 3766 completa
620 3683 715 3751 uinea
737 3701 774 3749 ac
804 3686 965 3767 pastinata
987 3685 1014 3751 si
1036 3704 1099 3752 non
1126 3683 1374 3767 reperirentur²¹
1397 3681 1536 3748 adminus
1555 3694 1602 3759 pro

389 3789 533 3870 quolibet
555 3793 688 3855 ureteno
709 3789 809 3870 pedes
826 3795 961 3872 quatuor
976 3788 1129 3855 oliuarum
1146 3788 1186 3855 dc
1201 3788 1262 3854 illis
1278 3807 1342 3864 sex,
1366 3805 1446 3869 quos
1460 3783 1602 3868 pastinare

388 3886 547 3974 tenentur,
572 3892 717 3959 dominus
739 3893 825 3960 illius
848 3893 967 3960 terreni
989 3898 1136 3959 teneatur
1151 3893 1276 3959 uinculo
1292 3890 1481 3958 sacramenti
1495 3887 1602 3953 labora·

388 4003 489 4063 torem
511 3996 596 4062 illius
618 3997 712 4078 uince
733 3997 923 4064 ‘denuntiare
946 3997 1033 4078 curie
1056 3995 1187 4080 Spalati.
1218 3996 1262 4062 Et
1284 3996 1312 4062 si
1333 4001 1494 4078 repertum
1514 3987 1601 4066 nest

435 4171 446 4207 ¹
477 4174 562 4236 Ood.
596 4175 704 4236 acad.
738 4175 763 4235 B
793 4179 823 4236 et
851 4193 899 4251 ap.
934 4175 1062 4252 Ljub.:
1098 4172 1268 4256 „Caruisset
1299 4169 1429 4232 humana
1461 4163 1604 4230 conditio“.

393 4257 481 4337 'dp
506 4262 634 4338 Ljub.:
666 4263 809 4345 „metus“.
902 4257 1044 4322 ⁸ibid:
1076 4259 1241 4343 „codices¹‘.
1332 4254 1457 4318 ⁴Deest
1478 4258 1506 4316 in
1532 4272 1569 4316 co

390 4348 495 4408 acad.
511 4347 548 4409 Α.
608 4345 921 4425 ⁶necsrap.ujub.
985 4340 1421 4423 ⁰„otdioente“deestibid
1481 4339 1599 4402 ⁷ibidr

391 4429 660 4512 „Spartansibust
722 4431 847 4495 ⁸Deest
868 4434 959 4496 ibid.
1019 4431 1031 4467 ⁰
1053 4434 1136 4494 Ood.
1158 4432 1263 4494 acad.
1280 4433 1320 4492 B:
1346 4431 1460 4508 „Super
1475 4431 1599 4490 oliuamm

391 4521 610 4597 pastinandis“;
644 4540 692 4598 ap.
717 4523 742 4581 L
746 4521 843 4598 jub:
870 4521 974 4599 „Quod
995 4521 1177 4598 pastinantes
1199 4519 1300 4579 uineas
1321 4519 1448 4578 debeant
1468 4515 1598 4593 pastinare

391 4606 482 4682 pedes
504 4625 556 4666 sex
578 4609 721 4668 oliuarum
742 4627 795 4686 pro
817 4610 968 4669 ureteno“.
1044 4603 1073 4641 ¹⁰
1094 4607 1186 4667 Deest
1206 4623 1255 4682 ap.
1278 4605 1387 4682 Ljub.
1456 4599 1483 4637 ²²
1503 4598 1594 4662 ibid:

396 4691 627 4767 „reperiantur“.
