3396 5402
298 647 365 692 uAP.
390 649 522 692 oxxvm.
546 648 727 692 Pnsoundsr.
749 649 812 691 NON
834 647 957 692 Possum
980 649 1145 693 FOBENSES.

134 764 222 831 Item
245 769 372 848 captum
386 763 455 848 luit,
480 767 565 848 quod
580 765 693 848 aliquis
708 765 841 832 forensis
857 785 920 832 non
934 765 1037 848 possit
1051 785 1184 850 pascere
1198 765 1332 844 Blatam,

92 889 201 952 neque
222 870 256 936 in
278 869 348 953 Gay
370 876 445 937 ante
466 872 634 951 ciuitatem,
659 889 718 936 nec
739 872 772 936 iu
795 870 986 950 Lumbarda,
1008 871 1113 936 necin
1128 872 1252 938 Rascun
1267 873 1334 938 sine

94 977 263 1042 voluntate
286 975 417 1058 consilij‚
440 994 545 1058 poena
560 975 704 1042 soluendi
719 976 868 1042 ducatum
884 995 987 1056 vnum,
1011 993 1068 1058 pro
1084 977 1225 1058 quolibet
1240 995 1333 1059 equo.

93 1079 181 1146 Alibi
204 1081 307 1163 possit
329 1097 399 1146 oum
421 1082 585 1148 uoluntate
608 1081 777 1165 regiminis,
802 1081 895 1148 aliter
917 1100 989 1150 non.

174 1314 243 1358 ou.
268 1315 374 1359 cmx.
400 1313 595 1358 SAGEBDOTES
617 1315 681 1356 11011
703 1314 849 1356 mmm
871 1315 944 1357 ESSE
966 1313 1176 1370 GMfflSABH,
1199 1313 1259 1358 11Εο

327 1420 578 1479 ΡΒΟΟΠΒΔΤΟΒΒΒ,
602 1421 666 1463 11181
688 1420 868 1481 rinmunt,
891 1420 951 1462 VEB
972 1419 1114 1462 norme.

137 1535 222 1604 Item
244 1536 278 1604 iu
300 1538 411 1604 eodem
434 1537 562 1604 consilio
580 1543 707 1620 ceptum
730 1536 800 1622 fuit,
824 1538 908 1620 quod
931 1537 1044 1604 amodo
1060 1538 1091 1602 in
1107 1543 1200 1604 antea
1216 1539 1331 1620 uliquis

96 1645 249 1709 sacerdos
271 1662 333 1711 non
355 1645 456 1727 possit
485 1663 555 1710 esse
588 1643 819 1710 commissarius
843 1643 974 1710 alicuius
998 1643 1142 1722 specialis
1165 1662 1331 1728 personae,

97 1749 156 1812 nisi
179 1749 281 1830 patris
304 1753 360 1814 aut
381 1750 501 1832 matris,
525 1750 574 1816 vel
596 1749 713 1825 fratrib,
738 1749 793 1816 sed
816 1749 966 1816 secularis
989 1767 1144 1832 persona:
1179 1768 1237 1816 nec
1260 1768 1332 1833 pro·

99 1857 240 1938 curator,
263 1873 322 1920 uec
343 1854 374 1918 iu
397 1856 471 1936 vita,
496 1873 552 1921 nec
575 1855 607 1920 in
628 1861 740 1921 morte.

195 2086 265 2130 OAP.
290 2087 383 2130 CXXX.
407 2088 620 2132 contemnimus
642 2089 706 2131 NON
728 2089 841 2132 Ponnsr
864 2087 935 2133 0001
956 2088 1029 2132 ESSE
1051 2085 1233 2131 eumenus

139 2201 222 2269 Item
246 2209 371 2285 coptum
393 2203 462 2283 luit,
486 2207 570 2286 quod
593 2205 726 2287 quilibet
749 2205 951 2285 consiliarius,
975 2206 1028 2286 qui
1051 2224 1114 2270 non
1130 2205 1225 2270 fuerit
1239 2205 1334 2272 iudex

99 2307 207 2391 maior,
233 2307 282 2374 vel
298 2309 408 2391 minor,
431 2312 532 2391 possit
546 2330 616 2377 esse
633 2308 785 2388 officialis,
808 2309 957 2378 videlicet
979 2311 1144 2395 gastaldio,
1172 2312 1332 2395 pudorius,

99 2413 261 2494 posticius
295 2413 413 2480 Verum
436 2416 548 2480 sinon
571 2415 667 2482 vellet
689 2417 884 2482 consiliarius
907 2435 978 2482 esse
1001 2415 1130 2495 electus,
1153 2433 1217 2480 non
1232 2413 1288 2481 fiat
1303 2415 1333 2481 ei

102 2519 261 2584 violentia.

139 2623 201 2690 Per
226 2625 435 2707 quadraginta
458 2625 537 2692 duas
559 2627 705 2706 baliolas,
724 2645 787 2692 non
808 2625 1071 2692 eontrariautibus
1093 2625 1165 2707 xvij.

141 2857 207 2899 oar.
234 2857 340 2900 oxxxr.
363 2860 405 2900 nn
427 2859 513 2902 nono
536 2859 807 2902 unsrnunnrosuu
828 2860 923 2902 mrsu
944 2859 1069 2902 nunnus
1093 2857 1157 2900 cun
1178 2835 1297 2900 nunus.1

141 2975 222 3040 Item
258 2974 387 3058 dignum
420 2974 488 3042 fore
523 2995 701 3055 censemus,
737 2977 821 3058 quod
854 2977 920 3042 nati
945 2980 978 3042 et
999 2975 1148 3040 nascituri
1179 2975 1334 3042 voluntati

102 3095 223 3161 semper
246 3080 452 3162 subijciantur
474 3087 636 3162 paternae.
660 3082 772 3162 Itaque
795 3101 865 3146 cum
888 3087 979 3162 pater
995 3081 1175 3162 peruenerit
1190 3080 1231 3145 ad
1248 3080 1332 3146 vitae

102 3185 195 3265 ipsius
226 3190 416 3270 extremum,
441 3204 499 3267 pro
530 3186 631 3252 salute
654 3187 753 3267 ipsius
777 3187 900 3251 animae
923 3191 957 3250 et
979 3191 1074 3266 statu,
1103 3185 1232 3250 diluisse
1254 3185 1333 3268 legi·

102 3289 174 3354 tima
202 3289 302 3372 ipsius
329 3297 476 3356 natorum
507 3291 615 3356 debita
640 3291 793 3372 portione,
809 3298 878 3356 'suo
905 3289 1064 3356 valentin
1087 3290 1177 3355 bonis
1200 3289 1266 3354 suis
1289 3292 1333 3354 vti

103 3393 198 3460 libero
220 3396 353 3462 arbitrio
375 3395 584 3480 relinquendi,
609 3415 666 3462 seu
688 3395 894 3461 distribuendi
916 3395 956 3460 de
980 3394 1123 3460 omnibus
1146 3394 1237 3461 bonis
1266 3395 1331 3460 suis

104 3499 264 3567 stabilibus
287 3501 471 3582 cuicumque
495 3501 554 3566 sibi
577 3501 730 3582 placuerit
751 3501 905 3583 integram
928 3504 1071 3581 quartam
1094 3502 1227 3582 partem.

512 3658 624 3724 Vnde
655 3677 781 3741 super
803 3658 918 3724 idem.

141 3780 178 3844 ln
199 3780 293 3863 pleno
309 3777 343 3846 et
357 3781 497 3864 generali
513 3781 642 3847 oonsilio
658 3781 794 3848 ciuitatis
810 3787 842 3848 et
857 3779 978 3848 insulae
993 3777 1148 3846 Curzulae
1165 3781 1205 3845 ad
1221 3795 1331 3845 sonum

106 3902 271 3968 campanae
292 3904 380 3952 more
404 3885 497 3952 solito
514 3887 546 3950 in
562 3887 694 3952 ecclesia
708 3886 782 3951 Diui
798 3885 897 3951 Marci
920 3891 1111 3968 congregato
1127 3883 1333 3950 demandato

104 3989 158 4056 riri
186 3991 304 4074 egregij
326 3991 365 4054 D.
389 3991 522 4057 loannis
545 3991 584 4056 de
608 3991 713 4058 Gozze
744 3991 783 4058 de
810 3991 968 4073 Ragusio,
998 4007 1081 4054 nuno
1102 3989 1173 4054 hon.
1200 3986 1331 4066 comitis

104 4111 154 4161 seu
182 4096 286 4178 vicerij
321 4097 462 4162 eiusdem
492 4097 533 4162 de
561 4100 723 4162 voluntate
753 4103 786 4162 et
816 4115 969 4162 consensu
1004 4094 1150 4158 iudicum.
1196 4093 1256 4171 Qui
1288 4091 1327 4156 D.

106 4217 218 4281 comes,
254 4220 311 4266 seu
333 4202 467 4268 vicarius
491 4201 523 4266 iu
546 4201 630 4267 dicto
659 4202 789 4267 consilio
816 4201 997 4284 proposuit,
1033 4199 1118 4280 quod
1145 4198 1278 4280 quilibet
1299 4197 1332 4261 iu

105 4302 196 4385 ipsius
218 4305 303 4372 uitae
326 4309 500 4372 extremum
522 4307 624 4388 possit
646 4307 686 4372 de
709 4306 853 4372 omnibus
875 4307 966 4372 bonis
989 4303 1056 4370 suis
1079 4302 1244 4369 stabilibus
1268 4301 1331 4366 cui·

108 4424 230 4493 cumque
253 4410 322 4476 uult
344 4411 519 4486 dimittere,
551 4431 607 4477 seu
630 4411 809 4491 relinquere
834 4411 990 4492 integram
1019 4413 1166 4490 quartam
1197 4410 1330 4488 partem.

107 4511 190 4581 Vnde
222 4515 307 4581 facto
330 4517 449 4598 partito
472 4516 513 4581 ad
535 4515 684 4582 bussulos
706 4520 740 4580 et
761 4515 896 4582 ballotas
927 4516 1012 4580 inter
1034 4512 1244 4590 consiliarios,
1277 4510 1331 4592 qui

110 4655 303 4669 Qun—-

150 4725 160 4763 ¹
175 4729 216 4792 df.
232 4749 306 4808 oap.
324 4729 428 4792 CXLV.
445 4730 612 4802 statuti,
629 4731 715 4804 atquo
730 4729 856 4805 capitula
870 4729 975 4790 ibidem
991 4728 1088 4788 citata.
