3436 5362
7 4821 14 4942 ἱ

7 5023 12 5120 l

1358 443 1401 504 bf)

154 643 262 710 dictos
285 663 332 708 xv
362 645 429 710 dies
451 646 594 711 diuersos
619 663 675 726 per
699 645 835 726 aliquem
858 646 1009 711 ricarium
1031 645 1083 712 uel
1106 645 1297 726 platearium
1328 643 1403 710 dicti

154 747 335 813 communis
356 748 513 814 bandir·e¹.
537 749 630 814 Etsi
653 747 736 812 infra
759 749 861 814 dictos
885 767 932 812 xv
955 749 1023 814 dies
1054 749 1180 814 debitor
1202 766 1265 815 non
1289 747 1402 812 recoli-

155 851 246 932 gerit
269 851 385 916 dictam
408 857 566 932 tenutam,
589 852 642 916 uel
666 869 729 916 non
752 849 864 916 fecerit
886 870 958 916 earn
982 851 1100 916 cassari
1123 871 1180 932 per
1197 849 1404 916 refectionem

157 953 321 1018 dictarum
344 971 553 1035 expensarum
575 961 612 1019 ut
634 955 753 1020 dictum
776 959 835 1035 est,
859 961 935 1020 tuno
958 955 1074 1034 elopsis
1097 954 1189 1020 dictis
1211 972 1258 1018 xv
1276 952 1406 1019 diebus²

159 1057 270 1122 dictus
301 1055 426 1122 debitor
455 1057 506 1122 uel
537 1059 628 1123 reua⁶
656 1059 772 1124 iterum
803 1058 934 1134 citetur,
965 1057 992 1122 si
1023 1057 1093 1122 uult
1115 1055 1300 1122 satisfacere
1324 1055 1407 1121 infra

157 1165 229 1225 tres
262 1159 330 1226 dies
360 1179 399 1226 ex
426 1165 504 1224 tunc
530 1160 563 1224 in
593 1165 687 1224 antea
719 1161 861 1241 proxime
892 1159 1122 1240 computandos
1146 1161 1229 1224 dicto
1253 1158 1403 1224 creditori

158 1268 194 1330 et
218 1264 249 1328 oi
272 1281 330 1346 pro
354 1281 416 1344 quo
438 1263 678 1344 pronuntiatum
700 1262 770 1343 fuit,
794 1282 865 1328 cum
889 1261 1006 1328 effectu
1029 1281 1105 1342 uere
1130 1263 1314 1342 solutionis,
1339 1269 1405 1326 tam

159 1366 203 1432 de
226 1373 324 1448 sorte,
348 1384 441 1447 quam
465 1365 504 1430 de
527 1367 673 1446 expensis
697 1366 855 1448 legitimis.
887 1365 931 1430 Et
953 1367 979 1431 si
1001 1367 1125 1448 integre
1149 1365 1341 1431 satisfecerit
1364 1366 1403 1432 de

163 1470 337 1551 predictis,
369 1469 453 1534 diota
474 1474 586 1536 tenuta
615 1475 769 1545 cassetur.
802 1467 837 1534 Si
866 1487 943 1534 uero
973 1468 1055 1534 infra
1087 1469 1206 1534 dictum
1235 1469 1406 1536 terminum

159 1573 261 1638 trium
284 1572 405 1637 dierum
428 1573 551 1653 integre
575 1591 637 1638 non
660 1571 850 1638 satisfecerit
882 1572 922 1638 de
952 1573 1106 1654 predictis
1126 1573 1210 1638 dioto
1242 1572 1404 1655 creditori,

164 1693 207 1739 ex
236 1680 314 1739 tunc
343 1675 374 1738 in
398 1683 491 1740 antea
522 1675 640 1739 licitum
663 1677 705 1740 sit
727 1675 788 1756 ipsi
812 1675 971 1758 creditori,
995 1675 1128 1740 diotem⁴
1163 1681 1307 1740 tenutam
1330 1693 1407 1740 uen-

162 1777 243 1844 dere
274 1779 460 1859 cnicumque
490 1777 550 1842 sibi
582 1777 755 1859 placuerit,
789 1783 822 1842 ot
853 1778 938 1843 dicta
967 1779 1129 1856 uenditio,
1165 1796 1227 1860 quq
1251 1777 1344 1844 fieret
1367 1777 1407 1843 de

163 1880 252 1946 dicta
276 1887 387 1948 tenuta
410 1900 466 1962 per
489 1881 624 1946 diotum⁵
647 1882 845 1959 creditorem,
869 1899 932 1946 non
955 1883 1058 1964 possit
1077 1881 1183 1962 aliquo
1200 1881 1294 1946 modo
1310 1899 1405 1946 rouo-

164 1984 250 2062 cnri,
281 2001 340 2048 nec
369 2003 427 2066 per
449 1985 734 2067 propinguitatem,
766 2003 824 2049 nec
854 2003 912 2066 per
934 1989 1105 2066 statutum,
1141 2002 1200 2048 neo
1222 2003 1280 2065 per
1301 1984 1402 2048 ullum

167 2087 316 2168 aliquod⁰
345 2087 620 2154 instrumentum.
643 2087 736 2152 Etsi
760 2089 799 2152 de
822 2087 914 2154 bonis
936 2087 1088 2154 debitoris
1111 2105 1174 2152 non
1196 2087 1407 2167 reperientur,

168 2189 210 2254 de
234 2191 348 2270 quibus
371 2191 509 2256 creditor
531 2209 594 2256 non
615 2192 715 2272 possit
737 2209 830 2255 suum
857 2191 999 2256 debitum
1016 2192 1177 2271 consequi,
1202 2191 1286 2269 quod
1304 2190 1408 2255 dictus

165 2292 294 2358 debitor
316 2293 433 2360 debeat
455 2295 666 2376 personaliter
688 2295 862 2376 constringi
883 2299 917 2360 et
939 2295 1074 2361 detineri
1097 2295 1139 2360 ad
1154 2293 1406 2360 satisfactionem

165 2395 268 2461 debiti
290 2415 348 2462 suo
364 2398 513 2464 creditori
536 2398 660 2479 integre
682 2397 872 2464 faciendam.

275 2627 342 2670 on.
361 2628 409 2668 111.
432 2629 474 2669 DE
496 2628 621 2671 noscat
643 2629 800 2672 moment
825 2629 867 2670 DE
890 2629 1014 2672 mus
1031 2629 1091 2671 usn
1113 2629 1155 2670 DE
1185 2628 1297 2672 TERRA.

210 2741 293 2806 Item
324 2749 477 2807 statutum
509 2749 543 2806 et
572 2743 751 2808 ordinatum
783 2749 850 2822 est,
880 2743 966 2824 quod
988 2744 1020 2808 in
1042 2744 1221 2824 inceptione
1243 2743 1317 2822 litis,
1342 2761 1405 2824 quq

167 2842 204 2908 fit
227 2845 268 2910 de
290 2849 388 2925 torre,
412 2845 465 2911 uel
488 2845 528 2910 de
544 2847 663 2912 uitibus
679 2853 848 2926 autequam
864 2847 1014 2927 placitum
1033 2847 1215 2928 incipietur,
1239 2846 1408 2910 mittantur

164 2947 282 3029 ydonei
304 2949 365 3012 uiri
388 2967 447 3029 per
469 2949 597 3034 curiam,
622 2950 736 3029 quibus
759 2951 941 3031 assignetur
963 2956 996 3015 et
1019 2951 1206 3015 ostendatur
1228 2949 1298 3032 ipsa
1316 2956 1405 3016 terra

166 3051 295 3116 oculata
317 3049 380 3118 fide
403 3058 435 3117 et
457 3050 597 3117 confines
621 3053 720 3133 ipsius
754 3057 787 3119 et
809 3053 968 3118 scribatur
991 3054 1022 3117 in
1045 3054 1124 3119 actis
1147 3059 1180 3118 et
1202 3053 1406 3134 postmodum

164 3153 336 3235 incipiatur
356 3155 507 3236 placitum
532 3155 572 3221 de
594 3155 714 3222 eadem.

210 3411 215 3421 .
333 3381 400 3427 can.
424 3385 467 3426 rr.
491 3385 533 3426 nn
556 3384 759 3428 consuasore
782 3364 865 3428 rsnr⁷
884 3385 1014 3429 Acronus
1037 3363 1143 3437 ousu⁸
1165 3387 1227 3428 nnn.

209 3497 292 3564 Item
315 3504 469 3564 statutum
493 3505 526 3565 et
548 3499 726 3564 ordinatum
742 3506 802 3580 est,
826 3502 911 3582 quod
928 3501 1041 3582 siquis
1058 3501 1206 3566 citeuerit
1223 3519 1279 3565 sou
1296 3499 1410 3567 fecerit

167 3601 307 3682 aliquem
328 3603 418 3667 citari
435 3603 476 3666 ad
493 3603 613 3668 curiam
629 3605 811 3683 communis,
828 3605 854 3669 si
871 3609 961 3669 actor
976 3622 1039 3678 non
1054 3604 1214 3684 paruerit⁹
1228 3603 1296 3668 sius
1312 3603 1410 3668 non1⁰

165 3705 292 3770 uenerit
313 3705 347 3769 in
370 3707 503 3771 termino
535 3706 695 3772 citationis
726 3725 781 3772 reo
806 3713 1027 3788 comparente,
1059 3725 1134 3772 reus
1155 3707 1257 3787 possit
1279 3725 1299 3771 a
1321 3707 1408 3770 curia

168 3824 204 3872 se
219 3825 382 3889 separare,
398 3825 457 3872 neo
472 3815 605 3890 cogatur
624 3809 709 3874 ultra
724 3809 868 3890 predicto
885 3809 984 3875 actori
999 3809 1204 3891 respondere,
1229 3809 1290 3875 nisi
1305 3809 1407 3890 primo

213 4015 225 4050 ¹
248 4018 306 4094 Ap.
337 4019 363 4077 L
367 4017 463 4094 jub:
486 4019 604 4078 diuersa
626 4037 645 4078 a
678 4019 826 4094 praesenti
848 4018 994 4078 inuenitur
1015 4017 1117 4078 lectio:
1143 4019 1257 4100 „ipsam
1279 4020 1410 4076 tenutam

167 4103 245 4164 infra
266 4105 360 4164 dictos
383 4123 430 4163 xv
452 4105 515 4164 dios
537 4105 634 4164 facere
656 4105 771 4165 bandini
801 4109 830 4164 et
852 4105 995 4164 incantari
1016 4104 1111 4162 tribus
1135 4104 1245 4164 uicibus
1268 4120 1322 4178 per
1345 4110 1406 4164 tres

166 4191 229 4250 dies
259 4191 392 4250 diuersos
422 4208 474 4266 per
504 4192 631 4265 aliquem
660 4192 799 4250 ricarium
829 4193 876 4250 nel
907 4190 1070 4266 plaqarium
1103 4189 1172 4248 dicti
1206 4183 1397 4250 communis“.

171 4273 183 4310 ³
218 4277 346 4354 ,elapsis
370 4310 411 4319 -
434 4277 556 4336 diebus“
592 4278 675 4336 deest
715 4277 806 4338 ibid.
914 4275 1017 4354 ³,uel
1050 4271 1137 4334 reus“
1175 4275 1258 4334 deest
1291 4274 1406 4334 ibid:

171 4360 263 4437 ⁴Ap.
286 4362 415 4438 Ljub.:
440 4357 586 4438 ,ipsam“.
657 4359 801 4424 ⁶ibid.:
827 4363 972 4444 „ipsum“.
1041 4359 1056 4396 ⁶
1086 4361 1172 4420 (lod.
1196 4359 1302 4419 acad.
1325 4360 1350 4417 Β
1373 4363 1404 4418 ot

165 4465 214 4522 ap.
238 4449 367 4524 Lan.:
393 4445 523 4533 „aliud“.
576 4443 595 4476 ⁴*
618 4447 664 4508 Gl.
689 4467 782 4524 marg.
807 4449 884 4508 cod.
909 4447 1013 4507 acad.
1038 4446 1081 4506 A:
1106 4447 1173 4524 „De
1196 4445 1407 4506 deliberatione

94 4556 100 4572 ·
168 4537 269 4612 tenutq
291 4534 384 4594 habos
408 4535 439 4592 in
468 4551 533 4608 cap.
565 4533 655 4609 cxxij.
679 4533 766 4593 huius
795 4535 879 4610 tercij
910 4535 985 4592 libri.
1071 4529 1083 4564 ⁷
1113 4533 1205 4590 Deest
1227 4548 1275 4606 ap.
1299 4531 1324 4589 L
1329 4531 1409 4606 jub.

171 4613 414 4693 ⁸ibid.:„et“.
490 4617 502 4652 ⁹
534 4619 621 4679 Ood.
657 4619 758 4681 acad.
793 4619 818 4678 B
850 4625 880 4679 et
912 4637 960 4694 ap.
995 4617 1126 4694 ujus:
1164 4613 1410 4699 „comparuerit“.

146 4783 150 4790 ⁵
173 4699 202 4736 ¹⁰
223 4705 316 4764 Decet
337 4721 386 4781 ep.
410 4705 518 4781 Ljub.

1289 4805 1308 4866 b
