3396 5402
358 457 418 519 124

358 663 509 730 ecclesiae
533 663 639 731 Sancti
661 664 777 746 Marci,
813 666 927 732 amodo
949 667 983 732 in
1005 670 1100 732 antea
1133 666 1252 734 babere
1286 666 1497 744 convaleat,
1534 680 1598 730 nec

355 770 456 852 possit
489 770 583 836 modo
617 770 722 852 aliquo
754 765 811 852 pro
844 789 903 836 sua
932 771 1077 837 mercede
1110 777 1143 837 et
1165 771 1345 853 prouisione
1377 771 1438 838 nisi
1469 777 1598 837 tantum
1690 747 1692 826 Ϊ

354 892 527 956 yperperos
551 875 729 957 quindecim
751 877 784 941 in
806 894 888 942 anno
913 876 1082 942 dummodo
1107 876 1304 943 loborauerit
1324 877 1357 941 in
1380 875 1488 958 aliquo
1508 875 1598 942 aedi-
1691 865 1692 916 ἕ

355 977 422 1045 fitio
450 981 549 1062 ipsius
580 981 747 1057 ecclesiae,
783 981 901 1045 autad
924 981 1023 1062 ipsam
1060 981 1225 1046 ecclesiam
1259 987 1421 1064 spectans,
1455 981 1501 1046 de
1531 997 1599 1061 quo

355 1085 511 1151 laborerio
534 1085 673 1168 regimen
696 1085 813 1152 babeat
835 1085 1014 1170 prouidere,
1038 1090 1141 1152 utrum
1164 1087 1315 1153 meruerit
1334 1087 1385 1152 vel
1399 1105 1447 1166 ne,
1473 1089 1507 1151 et
1521 1091 1600 1150 tan-
1690 1163 1692 1170 Α

356 1207 428 1256 sare
451 1177 663 1271 prouisionem
686 1190 857 1256 secundum
874 1191 1082 1273 quantitatem
1097 1191 1255 1274 laboreriy'.
1281 1190 1405 1258 sivero
1421 1189 1600 1256 nonlabo·
1690 1195 1692 1260 ἴ

355 1297 482 1378 rauerit,
505 1294 820 1375 baberenonvaleat
843 1295 903 1362 nisi
916 1301 1037 1361 tantum
1049 1313 1222 1379 yperperos
1240 1296 1377 1378 quinque
1388 1297 1420 1362 in
1432 1312 1516 1362 anno
1532 1309 1597 1376 pro
1691 1337 1692 1352 η

353 1399 421 1465 eius
432 1399 620 1484 pronisione.
632 1399 675 1466 Et
686 1400 819 1482 quilibet
830 1405 1015 1484 procurator
1026 1406 1172 1467 teneatur
1183 1399 1264 1467 inira
1276 1402 1355 1469 duos
1368 1419 1526 1468 mensesa
1542 1399 1597 1464 dia
1690 1381 1692 1436 ³

355 1505 499 1588 priucipij
515 1505 562 1571 eui
579 1503 671 1588 officij
688 1507 909 1587 numerandos,
932 1506 1072 1588 recipere
1087 1507 1201 1572 bonam
1217 1512 1249 1573 et
1264 1507 1418 1589 integram
1434 1505 1599 1572 rationem

357 1629 375 1675 a
411 1627 467 1675 suo
497 1609 529 1674 in
560 1608 663 1677 officio
694 1612 937 1692 praedecessore
967 1611 1007 1676 de
1036 1611 1179 1677 omnibus
1209 1617 1242 1678 et
1275 1611 1406 1694 singulis
1434 1609 1530 1677 bonis
1565 1615 1600 1677 et
1691 1607 1692 1668 ᾖ

356 1715 451 1780 rebus
473 1715 571 1797 gestis
594 1716 691 1797 ipsius
714 1716 875 1796 ecclesiae,
898 1735 1001 1799 poena
1023 1733 1250 1799 yperperorum
1272 1716 1398 1794 decem;
1430 1715 1470 1780 ad
1493 1732 1599 1796 quarn

355 1837 490 1900 poenam
513 1820 621 1885 statim
645 1821 738 1887 cadat
760 1821 863 1888 dictus
886 1823 1120 1905 praedecessor,
1144 1823 1170 1887 si
1187 1819 1270 1886 inira
1284 1821 1402 1886 dictum
1417 1820 1598 1884 terminum
1691 1847 1692 1860 ³

356 1923 473 1989 dictam
495 1924 629 1991 reddere
651 1929 806 1992 rationem
839 1927 995 2010 integram
1016 1925 1188 2009 negligens
1210 1925 1314 1993 fuerit.
1348 1925 1392 1990 ut
1413 1925 1497 2006 quod
1519 1925 1599 2006 qui·
1691 1973 1692 1976 ,

355 2028 434 2096 libet
455 2035 640 2111 procurator
661 2037 808 2097 teneatur
830 2050 940 2098 omnes
961 2033 1109 2114 rationes,
1141 2036 1206 2096 tam
1227 2031 1373 2098 introitus
1396 2035 1428 2096 et
1450 2046 1598 2112 prouen·
1691 2029 1692 2064 ³

357 2138 418 2212 tus,
442 2151 535 2216 quam
558 2136 660 2201 exitus
683 2142 718 2200 et
739 2153 894 2219 expensas
916 2135 1015 2218 ipsius
1037 2135 1152 2201 ascribi
1173 2133 1279 2200 facere
1300 2135 1444 2200 ordinate
1464 2134 1498 2199 in
1521 2134 1598 2200 eiua
1691 2131 1692 2162 i

357 2243 511 2318 quaterno
534 2258 590 2321 per
612 2259 722 2306 manus
751 2241 927 2323 cancellarii
952 2239 1201 2307 communitatis.
1226 2237 1269 2304 Et
1290 2239 1378 2304 nulla
1401 2239 1464 2304 alia
1487 2240 1597 2321 scrip-

356 2348 429 2408 tura
450 2343 509 2410 sibi
532 2345 726 2411 admittatur.
749 2346 793 2410 Et
815 2346 943 2426 iudices,
968 2347 1021 2428 qui
1037 2363 1095 2428 pro
1111 2350 1254 2426 tempore
1270 2342 1396 2424 fuerint,
1419 2348 1598 2409 teneantur
1691 2347 1692 2436 J

356 2465 460 2528 poena
481 2465 706 2531 yperperorum
730 2449 855 2529 decem,
885 2450 925 2516 de
948 2469 1056 2516 eorum
1080 2448 1207 2531 proprio
1237 2447 1477 2528 sumendorum,
1511 2448 1598 2516 baec
1691 2471 1692 2480 ¹

356 2552 461 2618 omnia
494 2553 656 2618 obseruari
691 2553 795 2621 iacere
825 2559 857 2620 et
879 2559 989 2620 contra
1022 2553 1217 2620 declinantes
1246 2571 1266 2619 a
1296 2551 1459 2636 praedicta
1486 2572 1598 2635 poena

357 2657 511 2723 exactioni
534 2663 567 2723 et
589 2661 763 2726 executioni
786 2660 936 2726 mandari.
960 2659 1145 2740 Mccccxxvj.
1408 2708 1414 2770 f

491 2864 557 2906 OAP.
582 2866 753 2908 ouxxxvm.
777 2867 967 2912 pensaurum
989 2868 1052 2910 NON
1073 2867 1210 2910 FAOIANT
1232 2865 1457 2910 nudamomos.

401 2969 570 3039 Millesimo
594 2975 900 3057 quadringentesimo
923 2977 1073 3058 vigesimo
1096 2980 1194 3050 serto,
1222 2973 1398 3040 Indictione
1420 2978 1537 3055 quarta
1562 2979 1599 3040 et
1690 3025 1692 3074 3

357 3075 407 3141 die
429 3077 480 3158 xij.
505 3080 623 3143 mensis
647 3078 803 3146 Octobris.
828 3079 1029 3164 Congregato
1046 3085 1079 3147 et
1093 3081 1268 3146 coadunato
1291 3077 1386 3160 pleno
1402 3083 1435 3144 et
1450 3078 1597 3162 generali

357 3181 487 3247 consilio
522 3184 695 3249 communis
718 3191 752 3250 et
774 3185 932 3250 bominum
962 3185 1117 3251 Curzulae
1138 3186 1171 3249 in
1195 3185 1328 3250 eeclesia
1362 3181 1469 3248 Sancti
1492 3182 1598 3251 Marci
1690 3219 1692 3256 r

357 3285 398 3350 ad
422 3305 532 3352 sonum
556 3305 735 3374 campanae,
766 3308 905 3371 voceque
928 3291 1110 3372 praeconia,
1145 3307 1232 3355 more
1255 3288 1358 3366 solito,
1381 3289 1414 3353 in
1437 3306 1500 3370 quo
1522 3287 1598 3355 fue-
1690 3271 1692 3324 f

357 3397 432 3456 runt
465 3393 632 3474 consiliarij
656 3393 695 3458 iv.
719 3399 847 3477 captum
880 3394 940 3460 fuit
962 3401 994 3460 et
1016 3395 1179 3461 obtentum
1202 3411 1259 3475 per
1285 3391 1420 3458 ballotas
1454 3392 1506 3457 liv.
1531 3413 1598 3460 vna
1691 3391 1692 3432 ³

357 3495 389 3560 in
410 3497 602 3562 contrarium
624 3504 751 3580 reperta
773 3518 835 3565 non
858 3501 1012 3580 obstante,
1037 3499 1121 3582 quod
1136 3499 1241 3564 nullus
1256 3497 1425 3580 presbyter
1448 3503 1506 3562 aut
1527 3498 1595 3565 cte-
1690 3547 1691 3550 ,

358 3599 453 3680 ricus,
476 3602 527 3667 vel
550 3603 725 3685 religiosus
750 3610 815 3670 tam
839 3602 1050 3684 Curznlensis
1075 3623 1168 3686 quam
1190 3603 1351 3669 habitator
1373 3603 1474 3684 possit
1496 3603 1595 3670 modo
1691 3589 1692 3634 3

358 3705 463 3788 aliquo
483 3706 514 3770 in
538 3707 665 3775 ciuitate
688 3715 721 3774 et
747 3707 851 3774 insula
873 3709 1027 3774 Curzulae
1058 3707 1204 3786 mercari,
1240 3713 1295 3772 aut
1317 3705 1450 3772 mercari
1484 3705 1597 3775 facere
1691 3691 1692 3704 ¹

358 3830 417 3893 per
438 3812 658 3893 interpositam
689 3831 874 3898 personam,
908 3831 967 3880 nec
989 3831 1059 3880 cum
1081 3813 1147 3879 suis
1171 3811 1308 3894 denarijs
1337 3809 1502 3891 traficare,
1537 3817 1597 3878 aut

359 3913 495 3982 traficari
519 3915 632 3999 iacere,
667 3924 724 3983 aut
745 3919 815 3985 illos
839 3918 985 3985 denarios
1018 3918 1094 3984 darc
1117 3919 1157 3983 ad
1179 3915 1300 3982 lucrum
1323 3915 1417 3981 alicui
1438 3916 1480 3982 ad
1502 3935 1596 3982 veum

357 4021 569 4103 mercationis
593 4024 678 4104 quod
696 4022 800 4092 iacere
824 4023 967 4089 videatur
989 4023 1067 4088 lucri
1090 4028 1124 4088 et
1145 4021 1351 4088 mercantoris
1374 4019 1518 4102 emendo,
1542 4021 1612 4102 uel,
1690 4085 1691 4088 ,

357 4127 522 4193 vendendo
545 4129 733 4194 mercantias
767 4146 987 4210 quascunque,
1022 4127 1081 4192 nisi
1104 4125 1222 4193 fuerim
1244 4125 1283 4191 de
1314 4124 1450 4208 proprijs
1482 4127 1595 4192 introi-

355 4231 440 4297 tibus
463 4232 611 4316 ipsorum,
637 4251 716 4314 quas
738 4233 875 4300 vendere
898 4237 931 4299 et
953 4233 1111 4298 cambiare
1127 4230 1251 4314 possint
1266 4229 1308 4296 ad
1323 4230 1596 4313 opportunitatem

357 4336 405 4402 sui
427 4355 518 4417 vsus3
542 4357 646 4420 poena
668 4338 821 4420 perdendi
844 4343 943 4404 totam
965 4335 1177 4415 mercantiam,
1209 4335 1432 4402 reuertendam
1453 4335 1488 4402 in
1510 4335 1595 4401 viiii·

355 4446 454 4508 tatem
477 4442 651 4509 communis
674 4447 707 4508 et
729 4459 954 4525 yperperorum
978 4442 1206 4530 quinquaginta
1229 4459 1288 4524 pro
1312 4440 1455 4522 quolibet
1469 4446 1503 4508 et
1519 4459 1596 4523 qua-

354 4545 434 4612 libet
455 4546 538 4628 vice;
562 4548 649 4614 cuius
664 4548 818 4613 medietas
834 4548 876 4614 sit
892 4545 1073 4627 Communis
1090 4547 1201 4612 atalia
1221 4545 1422 4613 accusatoris.
1445 4545 1489 4612 ut
1508 4547 1593 4631 regi-

358 4671 429 4716 men
453 4652 568 4718 debeat
598 4671 695 4734 super
717 4651 888 4733 praedictis
921 4653 1088 4719 summarie
1117 4652 1290 4734 procedere
1312 4649 1352 4716 ad
1376 4651 1592 4718 executionem

357 4775 489 4838 poenae.
523 4757 566 4822 Et
587 4756 666 4822 baec
687 4775 762 4838 pars
785 4757 890 4838 posita
912 4756 972 4824 fuit
994 4761 1027 4823 et
1049 4761 1151 4840 capta,
1186 4759 1317 4826 obtenta
1338 4757 1446 4838 primo
1463 4755 1591 4823 licentia
