3434 5368
312 344 353 407 32

309 548 395 614 uiros
416 546 550 614 idoncos
572 549 682 626 testes,
706 543 854 612 restituat
874 543 931 624 iiii,
952 549 1065 612 contra
1088 561 1182 626 quom
1197 542 1311 612 inerit
1325 542 1441 612 falsum
1456 543 1549 612 testi·

305 651 445 716 monium
466 656 503 716 et
525 649 641 731 perdat
663 665 752 714 suam
782 647 950 714 ueritatem
974 653 1007 714 et
1029 648 1227 716 credentiam
1249 647 1282 714 in
1303 654 1494 732 perpetuum
1517 648 1552 712 in

306 754 452 820 omnibus
476 759 510 818 et
532 751 663 832 insuper
686 749 801 832 perdat
827 767 986 833 yperperc
1005 749 1200 831 quindecim
1235 757 1269 816 et
1291 751 1319 817 si
1340 747 1458 833 fugerit
1464 799 1474 834 ,
1506 752 1551 815 sit

306 857 339 921 in
360 857 467 922 benno
489 853 675 936 perpetuali.
989 853 995 865 '

580 1013 649 1058 OAP·
672 1013 740 1058 xn.
763 1013 805 1058 D}
827 1011 1036 1058 rnousslon
1058 1013 1275 1062 omoulm.

350 1113 432 1180 ltem
454 1115 611 1178 statutum
634 1117 701 1190 est,
737 1110 822 1192 quod
844 1109 1022 1192 quicunque
1056 1111 1248 1193 percusserit
1274 1109 1552 1206 preconemuuel

308 1217 456 1282 nuncium
478 1215 582 1292 curie,
616 1231 676 1295 per
697 1211 816 1280 muriam
838 1213 984 1290 mosum,
1019 1230 1090 1281 cum
1111 1231 1225 1295 manu,
1259 1213 1312 1286 uel
1335 1212 1551 1296 scapilauorit,

306 1319 423 1401 perdat
444 1335 619 1400 yperperos
642 1317 797 1398 quinque;
830 1315 859 1382 si
881 1333 958 1382 uero
981 1333 1052 1384 cum
1073 1333 1173 1398 macc,
1198 1315 1293 1396 forro,
1317 1323 1419 1400 spato,
1442 1320 1476 1385 ot
1497 1333 1550 1382 ce

308 1421 396 1500 teris,
421 1420 571 1503 puniatur
592 1423 690 1501 prout
710 1418 743 1484 in
765 1417 902 1501 capitulo
925 1418 1183 1502 percussionum
1206 1427 1240 1488 ct
1254 1421 1282 1488 si
1297 1437 1466 1504 percussor
1485 1437 1552 1492 uon

305 1524 453 1590 habuerit
473 1524 557 1590 vnde
577 1521 714 1604 soluere,
739 1521 904 1590 truncetur.

690 1683 758 1728 ΟΔΡ.
781 1685 861 1726 xm.
880 1683 922 1726 DE
945 1684 1164 1728 plurumos,

351 1784 433 1850 ltsm
455 1787 611 1850 statutum
632 1786 666 1848 ct
687 1781 867 1849 ordinatum
893 1787 952 1862 est,
976 1782 1062 1865 quod
1078 1782 1253 1849 secundum
1267 1783 1353 1864 quod
1369 1781 1550 1850 ordinatum

306 1893 341 1954 ct
361 1887 525 1954 inuentum
545 1883 643 1950 fuerit
664 1885 705 1951 dc
727 1885 928 1966 uictuaiibos,
953 1902 1016 1966 que
1036 1885 1156 1952 debent
1176 1885 1308 1952 conduci
1331 1885 1364 1950 in
1386 1885 1550 1956 ciuitatem

306 1989 476 2057 subsecuto
498 1993 660 2070 tempore,
695 2006 753 2070 per
774 1989 927 2055 maiorem
960 1993 1083 2070 partem
1114 1989 1216 2074 curie,
1251 1994 1400 2057 seruetur
1421 1989 1454 2054 in
1476 2007 1551 2072 per·
1673 1999 1674 2012 ²

305 2099 447 2176 potuum.

569 2235 636 2280 ΟΩ.
660 2235 753 2280 xxm.
776 2237 819 2278 D!
840 2235 1018 2280 uoonnon
1039 2235 1082 2280 AD
1104 2235 1274 2282 euomuit.

348 2333 430 2400 Item
453 2337 608 2400 statutum
631 2337 665 2400 ot
688 2333 866 2400 ordinatum
889 2339 947 2414 est
984 2333 1068 2415 quod
1091 2335 1271 2417 quicunque
1294 2339 1427 2402 uocatus
1450 2332 1549 2402 fuerit

304 2457 363 2522 per
386 2436 506 2504 curiam
528 2454 625 2518 super
647 2435 810 2517 maleficio,
833 2437 887 2504 uei
909 2437 1077 2505 maledicto
1100 2457 1158 2521 per
1169 2443 1368 2544 preconem,
1403 2438 1549 2520 preconi-

306 2541 407 2625 qando
429 2541 462 2606 in
484 2541 600 2624 platea,
624 2540 652 2606 si
674 2559 737 2606 non
759 2541 893 2621 uenerit
918 2541 1094 2622 ubicunque
1117 2540 1222 2623 fuerit
1246 2543 1306 2610 sub
1328 2543 1463 2610 termino
1487 2543 1548 2608 sibi

305 2647 480 2730 assignato,
504 2643 547 2710 sit
569 2643 734 2727 culpabilis
756 2651 791 2712 et
812 2651 921 2728 portet
952 2645 1041 2712 iilam
1062 2663 1177 2728 penam
1212 2646 1386 2713 amandum
1407 2645 1546 2728 mudum,

304 2755 339 2817 ot
360 2748 503 2816 ordinem
525 2749 680 2816 statuti
703 2748 743 2816 rie
766 2747 934 2816 antedictis
956 2749 1134 2816 maledictis
1156 2756 1190 2818 et
1210 2747 1398 2818 malefactis.

690 2925 757 2972 ou.
780 2927 870 2972 mv.
892 2927 935 2970 DE
956 2927 1154 2976 unomen.

347 3011 428 3100 itero
451 3031 607 3094 statutum
628 3031 662 3092 et
684 3025 863 3094 ordinatum
887 3031 951 3108 est,
988 3025 1123 3109 quodsi
1146 3025 1262 3110 aliquis
1285 3030 1418 3094 uocatus
1449 3024 1547 3096 tuerit

304 3131 346 3202 ad
368 3131 524 3200 rationem
546 3131 588 3197 de
610 3129 760 3197 mandato
783 3129 870 3196 curio
891 3147 950 3212 per
971 3129 1041 3196 eius
1063 3130 1228 3214 nuncium,
1261 3128 1330 3196 siue
1352 3130 1451 3222 corbo
1474 3148 1545 3211 pre

304 3235 400 3324 conis,
425 3235 495 3300 siue
516 3251 574 3316 per
596 3232 693 3298 alium
716 3231 875 3304 hominem
905 3249 976 3300 cum
998 3232 1102 3316 sigillo
1126 3238 1160 3299 et
1182 3251 1245 3299 non
1268 3232 1418 3314 uenerit,²
1452 3233 1547 3301 murt

304 3339 345 3406 dc
366 3338 435 3404 iure
457 3353 516 3404 auo
539 3353 637 3418 super
659 3335 857 3416 querimonia
878 3335 939 3402 sibi
958 3335 1046 3401 facta
1066 3353 1139 3404 cum
1161 3337 1339 3402 iuramento
1370 3335 1545 3420 petentis?

305 3441 396 3512 semo
416 3441 444 3506 si
465 3440 584 3506 iustum
619 3438 880 3520 impedimentum
902 3437 1058 3524 habuerit,
1093 3439 1134 3505 rie
1157 3457 1220 3522 quo
1242 3437 1372 3506 mandet
1393 3456 1429 3506 se
1450 3456 1544 3506 exou-

305 3543 406 3612 sando
429 3561 536 3618 coram
559 3543 662 3622 cur-ian
686 3545 720 3608 et
735 3542 823 3608 curis
837 3559 932 3622 super
945 3541 1000 3609 illo
1015 3542 1241 3624 impedimento
1259 3540 1545 3626 (pr0u·ideat),³

304 3647 393 3729 quod
414 3647 441 3714 si
462 3646 582 3714 iustum
604 3643 709 3724 fuerit,
734 3645 790 3710 det
812 3644 871 3712 sibi
894 3646 1062 3714 terminum
1075 3645 1246 3729 largiorem
1268 3645 1301 3712 in
1323 3643 1545 3729 prouidencia⁴

302 3751 430 3824 maioris
453 3749 553 3832 partis
577 3749 672 3822 cunc.

638 3887 706 3936 osu.
728 3892 806 3935 xxv.
829 3893 871 3934 nn
891 3869 1207 3938 mesocamomus.⁵

298 4041 303 4052 .
344 3991 426 4060 Item
447 3996 603 4059 statutum
626 3994 684 4070 est,
709 3989 794 4073 quod
818 4008 1005 4077 unoquoquo
1029 3989 1192 4059 sentencia
1215 3995 1279 4057 tam
1303 3989 1415 4076 ciuilis,
1446 4010 1541 4074 quam

302 4095 474 4162 anminalis
496 4093 599 4176 possit
621 4093 787 4176 appellari,
823 4093 850 4159 si
870 4093 933 4176 ille,
957 4101 1068 4160 contra
1091 4111 1185 4178 quem
1209 4100 1260 4162 est
1282 4095 1445 4161 sentencia
1467 4095 1542 4178 lato,

346 4231 711 4318 ¹,1itnonuenerit“
730 4233 913 4300 deestinoo.
931 4233 1002 4294 Vsu.

344 4315 416 4381 ’Ed
431 4319 520 4382 Vsu:
540 4313 814 4403 „praesentio“.

347 4404 359 4442 ⁸
374 4409 460 4468 Deest
474 4408 504 4466 iu
519 4407 589 4468 (iod.
606 4403 674 4480 Gap.

343 4490 459 4554 *Deest
474 4493 504 4554 iu
519 4493 563 4554 ort
579 4491 650 4554 Vsu.
