3416 5350
1304 445 1364 504 127

111 645 144 710 in
166 644 219 710 bis
241 645 366 712 casibus
389 647 472 712 iuste
496 651 607 728 potest
629 665 725 728 agere
747 652 857 711 contra
880 645 1086 726 principalem
1110 645 1296 723 debitorem,
1327 651 1363 712 ut

114 768 189 814 eum
213 749 330 816 liberet
352 769 372 814 a
393 747 606 816 fideiussione.

158 853 304 918 Primus¹
327 858 386 932 est,
411 854 437 918 si
460 851 630 918 fideiussor
653 852 781 918 steterit
804 852 858 917 diu
878 853 909 916 in
935 852 1138 933 obligatione,
1161 853 1247 933 quod
1271 853 1366 920 relin-

113 963 236 1038 quatur
269 956 401 1022 arbitrio
435 957 603 1022 iudicantis
637 956 723 1020 ultra
760 974 855 1020 unum
894 975 1010 1020 annum
1045 975 1062 1019 o
1098 961 1241 1036 temporo
1281 954 1365 1037 lacte

117 1058 349 1140 fideiussionis,
385 1061 460 1141 quia
494 1065 525 1124 in
565 1060 626 1125 isto
662 1076 737 1124 casn
773 1058 833 1122 sic²
869 1060 974 1124 uarias
1009 1061 1184 1124 sententias
1220 1061 1369 1126 uolumus

117 1169 310 1246 teruperare.

157 1265 328 1334 Secundus
352 1275 410 1346 est,
435 1267 462 1331 si
485 1266 668 1349 principalis
692 1271 765 1348 post
781 1265 1016 1332 fideiussionem
1034 1267 1205 1347 inciperet³
1221 1267 1362 1334 alienare

118 1373 202 1438 bona
227 1391 297 1438 sua.

157 1475 295 1542 Tercius
318 1493 411 1542 casus
434 1481 494 1554 est,
519 1475 545 1541 si
567 1476 638 1556 ipse
662 1474 830 1542 fideiussor
853 1481 902 1541 est
918 1479 1089 1556 propterea
1105 1476 1363 1558 condemnatus⁴‚

117 1578 170 1646 uel
191 1585 324 1646 coaetus
347 1599 406 1662 per
429 1581 548 1644 curiam
573 1579 699 1645 soluere
722 1579 873 1658 debitum,
898 1579 929 1642 in
954 1579 1127 1644 continenti
1144 1581 1247 1660 possit
1269 1597 1365 1661 agere

118 1689 232 1750 contra
256 1683 461 1766 principalem
484 1683 672 1761 debitorem,
697 1681 820 1748 ut'eum
836 1682 1013 1747 indemnem
1031 1683 1147 1748 debeat
1163 1700 1364 1749 conseruare.

160 1785 305 1864 Quartus
328 1806 420 1854 casus
443 1793 503 1864 est,
528 1789 555 1852 si
578 1787 618 1852 ab
642 1788 710 1868 ipso
734 1785 887 1868 principio
909 1785 970 1849 luit
985 1786 1189 1868 appellatum,
1214 1793 1249 1852 ut
1265 1805 1364 1868 quau·

119 1891 300 1973 ducumque
323 1891 459 1958 uoluerit
482 1890 650 1956 fideiussor
672 1891 772 1972 possit
794 1897 906 1972 petere
929 1909 948 1954 a
971 1889 1145 1971 principali,
1170 1909 1204 1956 se
1219 1909 1239 1955 a
1254 1891 1364 1980 debito

120 2001 153 2058 et
176 1995 376 2077 obligatione
395 1995 534 2077 liberari,
559 1995 642 2060 etsi
665 1993 794 2075 aliquod
817 2000 987 2076 propterea
1011 1993 1158 2060 domuum
1174 1996 1365 2061 sustinuerit

120 2096 317 2179 fideiussor⁶,
335 2099 419 2180 quod
436 2117 495 2180 per
510 2097 728 2181 principalem,
753 2115 810 2180 pro
827 2115 889 2180 quo
905 2095 1070 2180 fideiussit,
1094 2097 1154 2163 boc
1169 2098 1231 2164 sibi
1246 2099 1366 2166 debeat

121 2202 297 2268 emendari.

161 2415 230 2460 CAP-
255 2417 364 2459 CXXIX.
388 2416 430 2458 DE
452 2414 683 2458 meoemuromt
706 2415 949 2458 manumissor
972 2416 1006 2458 nt
1029 2415 1136 2459 usuale
1153 2417 1320 2460 multamus·

162 2533 244 2598 item
263 2539 419 2599 statutum
435 2539 469 2598 et
484 2533 664 2600 ordinatum
681 2537 740 2612 est,
761 2531 903 2597 additum
919 2537 953 2597 et
969 2532 1164 2597 declaratum
1180 2533 1221 2598 ad
1237 2551 1362 2600 omnem

122 2636 350 2704 dubitationem
382 2637 511 2718 penitus
542 2635 778 2717 amputandam,
811 2635 896 2717 quod
926 2635 953 2700 si
976 2635 1008 2699 iu
1031 2636 1138 2717 aliquo
1160 2655 1258 2702 causa
1281 2637 1366 2702 ciuili

121 2741 227 2822 aliqua
249 2741 412 2807 sententia
434 2739 533 2806 luerit
555 2740 632 2806 data
654 2757 712 2821 per
740 2745 896 2805 rectorem
926 2737 1086 2804 forensem
1117 2741 1202 2821 dicte
1226 2741 1365 2806 ciuitatis

122 2850 155 2910 et
174 2846 299 2912 iudices
321 2851 356 2912 et
375 2844 582 2926 consiliarios,
606 2845 661 2924 qui
683 2843 802 2909 debent
824 2843 996 2925 propositis
1019 2849 1052 2910 et
1073 2845 1242 2926 sententijs
1267 2845 1365 2910 inter-

121 2967 200 3028 esse,
226 2955 286 3014 aut
308 2967 366 3032 per
386 2949 474 3030 ipsos
497 2947 617 3014 iudices
640 2953 674 3014 ct
696 2947 919 3026 consiliariosl,
954 2947 1081 3028 quando
1104 2948 1218 3014 ciuitas
1242 2953 1367 3015 careret

121 3058 245 3120 rectore
269 3053 396 3119 forense
419 3058 453 3117 et
475 3053 545 3134 ipsa
567 3053 727 3118 sententia
749 3051 861 3116 alicuil
893 3052 1085 3133 displiceret,
1115 3052 1162 3117 ita
1191 3052 1277 3134 quod
1306 3071 1364 3134 per

122 3157 371 3239 appellationem
401 3155 454 3222 uel
488 3155 753 3237 protestationem
782 3155 1015 3221 contradiceret
1045 3155 1105 3237 ipsi
1140 3157 1297 3235 sententie
1331 3162 1366 3222 et

122 3260 240 3328 diceret
263 3279 299 3327 se
322 3266 490 3344 grauatum
520 3279 559 3325 ex
589 3277 637 3342 ea,
666 3277 763 3339 quum
794 3257 925 3340 diceret,
956 3258 1041 3340 quod
1072 3265 1123 3325 est
1153 3259 1219 3326 late
1249 3264 1362 3325 contra

124 3365 272 3444 statuta⁸,
304 3364 357 3432 uel
379 3363 553 3446 capitulum
583 3362 723 3429 ciuitatis
747 3361 878 3446 Spalati,
911 3369 987 3427 tuuc
1009 3363 1081 3429 talis
1106 3363 1184 3428 ordo
1208 3369 1364 3443 seruetur,

121 3469 285 3536 uidelicet:
302 3468 388 3550 quod
405 3486 491 3550 pars,
515 3473 625 3534 contra
641 3484 735 3548 quam
751 3466 848 3532 fuerit
863 3467 931 3531 lata
946 3467 1106 3533 sententia
1120 3466 1220 3533 ιιιιιιιΒ
1235 3467 1366 3533 terciam

124 3571 204 3640 diem
227 3593 247 3638 a
270 3573 324 3638 die
356 3572 422 3652 late
453 3573 610 3652 sententie
642 3577 791 3637 tencatur
813 3577 846 3638 et
869 3572 985 3636 debeat
1014 3571 1178 3654 appellare
1208 3571 1261 3638 uel
1292 3589 1366 3653 pro·

125 3679 235 3742 testari
259 3695 368 3743 coram
391 3681 526 3756 rectora,
557 3677 610 3758 qui
634 3693 692 3757 pro
713 3683 858 3757 temporo
881 3675 979 3741 luerit
1002 3677 1033 3740 in
1057 3675 1143 3741 dicta
1165 3675 1306 3754 ciuitate,
1338 3674 1364 3741 si

126 3798 159 3847 so
181 3787 352 3863 grauatum
376 3781 513 3848 senserit
528 3779 569 3844 ab
584 3779 713 3858 eadem;
741 3785 774 3845 et
797 3779 891 3844 aliter
913 3779 984 3860 ipsa
1005 3779 1178 3861 appellatio
1202 3779 1271 3845 siue
1293 3795 1367 3862 pro-

124 3885 252 3951 testatio
278 3903 342 3950 non
366 3884 640 3981 audiaturxneque
665 3883 861 3948 admittatur.
886 3883 931 3947 Et
949 3883 1092 3966 proxime
1117 3900 1255 3964 sequeus
1278 3883 1366 3946 curia

125 3991 324 4066 senteutiam,
349 4009 369 4054 a
391 4007 454 4070 qua
476 3987 574 4054 fuerit
594 3986 675 4052 inira
691 3987 794 4052 dictos
812 3995 877 4053 tres
897 3987 965 4052 dies
988 3987 1193 4068 appellatum,
1217 3991 1365 4052 teneatur

125 4092 247 4159 uinculo
271 4093 466 4159 sacramenti
498 4109 690 4175 cognoscere
715 4097 748 4156 et
770 4091 959 4173 terminare3
991 4091 1125 4173 quodsi
1149 4109 1218 4156 eam
1242 4095 1369 4157 senten·

126 4195 200 4260 tiam
221 4216 288 4264 non
312 4202 520 4281 cognosceret
535 4201 569 4262 et
583 4195 780 4273 terminaret,
804 4199 868 4260 tam
891 4201 1046 4276 potestas
1071 4193 1125 4276 qui
1142 4212 1199 4276 pro
1222 4199 1367 4275 tempore

167 4353 256 4434 1ΑΙ).
281 4357 307 4415 L
312 4357 413 4432 jub:
440 4355 593 4433 „equidem
617 4353 735 4414 casus“,
799 4350 811 4387 ²
834 4355 926 4413 Deest
947 4353 1037 4414 ibid.
1102 4349 1112 4387 ³
1135 4351 1246 4412 ibid:
1273 4351 1363 4432 „luei-

126 4438 213 4516 piat“.
275 4442 288 4476 ⁴
310 4443 396 4502 (lod.
414 4441 520 4501 acad.
538 4442 578 4501 B:
605 4441 885 4521 „condempnatus“.
950 4437 1093 4500 ⁵Verba:
1120 4437 1232 4512 „possit
1247 4439 1365 4512 petere“

126 4531 288 4604 usquead:
316 4529 503 4604 „fideiussor“
523 4529 628 4588 desunt
651 4528 679 4586 in
703 4528 784 4586 cod.
809 4527 914 4585 acad.
938 4527 1009 4584 Aet
1024 4527 1057 4586 B.
1123 4525 1134 4558 ὓ
1157 4525 1272 4582 Verba:
1300 4522 1368 4596 „qui

129 4615 247 4676 debent‘¹
262 4616 426 4690 usquead:
445 4615 664 4697 ᾖοοιιιιίιὶιιιίοιιι
684 4614 790 4672 desunt
801 4631 849 4688 ap.
867 4613 909 4688 Lj
919 4613 974 4671 ub.
1036 4609 1047 4645 ⁷
1063 4611 1168 4671 ibid:
1186 4609 1365 4687 „partiunt

130 4697 269 4764 8ἰιιίι1.;
297 4704 488 4779 „statutum“.
560 4699 676 4760 ⁹Ood.
700 4700 806 4766 acad.
830 4701 873 4759 A:
901 4697 980 4776 „in“.
