3396 5402
21 4751 23 4842 l

21 4843 23 4888 r

21 5011 27 5070 ι

1353 479 1395 564 se

161 686 194 750 in
215 689 333 763 toturn,
369 685 418 750 vel
440 685 471 750 in
507 691 628 767 partem
651 703 672 750 a
694 684 777 750 dicto
812 685 939 750 incentu
963 691 996 749 et
1018 684 1102 766 quod
1135 684 1195 750 hoc
1225 685 1266 750 sit
1289 691 1395 752 contra

162 789 350 868 Commune,
386 790 490 854 soluat
512 789 674 855 Communi
710 794 835 855 nomine
869 808 990 871 poenae
1019 807 1194 871 yperperos
1223 809 1290 854 xxv.
1315 790 1397 855 etsi

161 894 249 958 solus
265 899 400 976 poneret
414 895 607 976 petitionem,
634 893 739 958 soluat
753 912 924 975 yperperos
940 896 1077 975 quinque
1093 901 1127 958 et
1141 893 1274 976 quilibet
1289 913 1395 961 arreu-

161 1017 241 1080 gans
264 1017 321 1081 pro
345 1018 393 1079 eo,
417 1000 523 1065 soluat
544 1017 719 1082 yperperos
743 1001 890 1081 quinque.

462 1181 527 1222 CAP.
552 1181 614 1222 IrVI.
647 1180 769 1223 CONTRA
793 1181 944 1224 COMMUNE
967 1181 1094 1223 EUNTES.

201 1297 284 1363 Item
307 1297 418 1363 eodem
437 1297 614 1377 llillesimo,
639 1297 813 1362 indictione
837 1303 870 1362 et
892 1298 943 1362 die
958 1299 1010 1381 xij.
1026 1296 1226 1363 Nouembris.
1249 1297 1286 1362 In
1303 1297 1396 1378 pleno

159 1406 192 1467 ct
213 1403 355 1484 generali
392 1402 522 1468 consilio
556 1403 693 1468 ciuitatis
716 1419 749 1467 et
770 1401 891 1467 insulae
915 1401 1085 1479 Curzulae‚
1120 1403 1237 1483 inquo
1268 1401 1396 1468 fuerunt

159 1505 328 1588 consiliarij
342 1505 415 1586 .xli.,
440 1526 549 1572 eorum
572 1505 696 1572 nemine
719 1507 930 1583 discordante,
966 1511 1092 1588 captum
1115 1505 1183 1586 fnit,
1220 1507 1304 1588 quod
1328 1505 1395 1589 qui·

160 1629 294 1692 cumque
315 1609 434 1690 fecerit,
466 1612 517 1677 vel
540 1611 748 1677 attentaucrit
771 1611 887 1694 aliquid
912 1617 1021 1677 contra
1046 1611 1218 1678 Commune
1241 1609 1396 1678 Curculae

160 1721 194 1782 et
215 1722 327 1782 contra
349 1722 579 1782 sacramentum
603 1736 695 1782 suurn
718 1723 751 1783 et
768 1716 951 1797 specialiter
973 1721 1083 1781 contra
1097 1717 1264 1798 priuilegia
1279 1723 1312 1781 et
1326 1717 1397 1782 iura

165 1819 355 1898 Communis,
390 1827 553 1886 truncetur
575 1821 642 1904 (ei)
665 1828 760 1902 caput
783 1829 815 1886 et
837 1821 952 1904 perdat
974 1823 1079 1886 omnia
1100 1822 1183 1887 bona
1206 1839 1279 1904 sua,
1315 1838 1395 1902 quae

162 1926 331 1998 deueniaut
354 1926 386 1990 in
408 1925 580 1992 Commune
603 1931 636 1990 et
659 1926 770 1990 domus
793 1927 860 1989 eins
883 1946 902 1990 a
924 1924 1129 1990 fundamento
1152 1925 1319 2005 proriatur.
1354 1924 1396 1990 Et

159 2030 185 2094 si
207 2029 334 2111 fugerit
358 2030 401 2096 sit
423 2031 454 2094 iu
477 2031 593 2095 banno.

438 2229 505 2270 CAP.
529 2230 603 2270 nvn.
637 2228 855 2272 GIS'I‘EBNARUM
877 2228 1111 2271 chnonnnuum.

202 2345 282 2412 Item
307 2347 418 2412 eodem
441 2346 610 2412 Millesimo
634 2345 745 2412 ludict.
769 2353 802 2411 et
826 2346 877 2412 die
899 2345 961 2428 xiij.
985 2346 1184 2412 Nouembris.
1223 2347 1260 2412 ln
1283 2348 1396 2414 eodem

159 2451 287 2516 consilio
310 2457 436 2532 captum
461 2450 529 2529 fuit
562 2451 646 2531 quod
682 2452 860 2532 quicunque
883 2449 979 2516 faciet
1010 2453 1177 2517 cisternam
1201 2453 1234 2516 iu
1256 2452 1394 2531 ciuitate,

160 2555 305 2621 ammodo
329 2555 361 2619 iu
393 2561 487 2622 antea
521 2555 638 2622 habeat
670 2563 704 2621 et
730 2557 847 2622 habere
882 2557 998 2622 debeat
1026 2577 1046 2620 a
1076 2554 1240 2622 Communi
1270 2556 1396 2622 nomine

160 2659 308 2743 adiutorij
343 2678 514 2743 yperperos
549 2661 667 2741 viginti.
703 2659 860 2726 Videlicet
882 2660 914 2724 iu
938 2661 1090 2742 principio
1113 2679 1287 2743 yperperos
1309 2679 1338 2725 x.
1362 2666 1396 2726 et

162 2769 282 2828 nestum
303 2782 401 2845 usque
416 2765 456 2829 ad
474 2765 663 2846 completum
690 2765 892 2831 laborerium.
917 2763 1136 2848 intelligendo,
1160 2765 1244 2846 quod
1259 2765 1396 2832 cisterna

160 2869 198 2933 sit
221 2868 261 2934 ad
284 2869 388 2934 minus
411 2889 525 2952 magna
548 2876 700 2950 quantum
723 2877 774 2935 est
796 2871 857 2936 mei
882 2869 940 2952 (9)ι
964 2869 1100 2952 Antonij.
1125 2867 1159 2935 Si
1182 2887 1256 2936 vcro
1280 2869 1391 2950 minor,

160 2991 215 3054 per
236 2974 401 3040 rationem.
431 2971 464 3038 Si
488 2975 558 3055 quis
583 2993 658 3050 uero
681 2975 854 3056 incoeperit
877 2981 909 3040 et
931 2975 1089 3058 acceperit
1110 2992 1283 3058 yperperos
1304 2995 1332 3040 rr.
1359 2979 1392 3042 et

160 3095 221 3143 non
254 3076 426 3160 perfecerit
459 3079 574 3144 dictam
609 3080 778 3144 cisternam
802 3097 899 3161 usque
922 3079 963 3144 ad
986 3077 1066 3145 duos
1089 3097 1187 3146 annos
1221 3079 1388 3162 proximos,

160 3183 274 3249 reddat
297 3183 443 3252 denarios
466 3184 552 3267 ipsos
577 3181 741 3249 Communi
763 3183 794 3248 in
818 3183 957 3266 duplum.

161 3380 227 3422 cnr.
250 3381 339 3423 cvm.
372 3383 414 3424 nu
436 3381 499 3424 ruore
522 3381 646 3424 mersura
677 3381 783 3424 accurs
814 3380 878 3424 cunr
907 3381 1095 3426 oneremus
1125 3381 1246 3426 eoum
1278 3381 1395 3426 aunon·

687 3469 863 3510 ΜΔΨΙΟΝΕΜ.

200 3566 281 3634 Item
303 3567 335 3634 in
366 3568 449 3634 dicto
480 3567 609 3635 consilio
640 3575 766 3650 captum
799 3567 876 3651 luit,
910 3567 995 3648 quod
1030 3567 1207 3649 quicunque
1240 3574 1393 3650 patronus

161 3673 338 3739 animalium
360 3671 482 3740 iaceret
504 3691 574 3738 oum
599 3671 664 3738 suis
684 3673 864 3754 pastoribus
881 3672 1011 3755 aliquod
1025 3677 1151 3754 pactum
1167 3677 1276 3738 eontra
1291 3671 1390 3760 refor-

162 3777 336 3857 matiouem
362 3796 442 3860 quae
465 3778 549 3856 dicit,
575 3777 659 3859 quod
674 3777 815 3870 ¹quilibet
837 3783 949 3858 pastor
968 3781 1117 3842 teneatur
1139 3777 1307 3844 emendare
1331 3777 1394 3843 duo

161 3881 307 3948 animalia
329 3883 369 3949 de
391 3883 559 3949 iuuenibus
581 3899 639 3964 pro
662 3901 723 3947 vno
739 3901 863 3964 quoque
878 3882 1012 3948 animale
1028 3879 1194 3948 deficiente
1210 3882 1278 3948 siue
1293 3882 1393 3963 siguo,

162 3985 276 4052 nullius
298 3987 340 4053 sit
362 3987 487 4066 valoris,
510 3987 567 4053 sed
589 3987 674 4053 dicta
697 3986 878 4054 reformatio
901 3987 1018 4054 habeat
1039 3985 1169 4052 locum²

186 4159 250 4227 oum
275 4184 337 4225 LIX.
363 4185 609 4228 ammonentem
632 4185 757 4228 Possm
780 4183 902 4229 neom
925 4183 1138 4228 oenomaum
1160 4183 1194 4224 nt
1217 4183 1371 4226 erolnnnu.

201 4301 280 4367 Item
303 4307 429 4384 captum
451 4301 520 4380 fuit,
557 4302 641 4384 quod
664 4301 787 4368 eleeto
810 4301 975 4367 Paschatis
997 4303 1028 4364 in
1053 4307 1146 4366 antea
1168 4300 1273 4365 nullus
1299 4301 1393 4366 cerdo

161 4406 258 4486 possit
279 4411 388 4472 tenere
413 4425 471 4472 nec
492 4407 598 4473 facere
622 4406 838 4486 calcinariam,
863 4425 920 4471 nec
942 4406 1078 4471 riuatam
1094 4405 1125 4469 iu
1142 4405 1270 4470 ciuitate
1293 4422 1396 4486 poena

161 4527 382 4594 yperperorum
404 4531 473 4577 xxv.
490 4517 523 4579 et
537 4512 659 4594 possint
682 4511 821 4592 caligarij
846 4509 951 4576 facere
968 4511 1093 4578 domum
1110 4514 1199 4576 extra
1221 4509 1394 4575 ciuitatem.

206 4688 216 4724 ¹
234 4693 332 4752 Nonne
347 4693 479 4752 mendum
495 4683 605 4750 librarii
621 4691 680 4750 loeo
695 4691 891 4750 abreviaturae
912 4681 1090 4764 „mieser.“

206 4773 218 4811 ²
238 4777 281 4842 Cf.
306 4797 405 4855 capp.
429 4777 668 4840 LXIV-LXVI.
691 4779 802 4852 atquo
824 4777 947 4840 CXLIV.
971 4777 1127 4838 statuti.
