3396 5402
1338 461 1397 523 117

164 683 435 748 quorumcumque
450 666 622 745 mobilium,
646 667 755 750 vigore
771 668 882 746 mutui,
908 671 963 732 aut
980 665 1091 748 trafici,
1116 669 1165 736 vel
1182 668 1398 752 compagniae,

159 773 215 838 vel
237 790 276 838 ex
298 773 400 855 pretio
421 771 611 839 venditionis
642 773 703 837 sibi
733 771 845 850 iactae,
875 779 931 838 aut
953 771 1063 852 uigore
1098 773 1307 840 restitutionis
1341 772 1400 841 sibi

158 877 326 944 debendae
349 876 389 942 do
412 895 448 942 re
471 877 531 942 sibi
554 877 630 942 data
662 877 702 942 ad
725 877 924 956 aemandum,
949 877 999 943 vel
1024 879 1153 956 similia3
1188 883 1263 944 ωηο
1298 880 1401 944 dictus

156 988 292 1049 vocatus
314 999 419 1048 coram
449 983 517 1064 ipso
541 982 692 1064 regimine
722 989 870 1050 teneatur
899 983 1005 1048 statim
1029 984 1149 1065 absque
1173 984 1298 1049 termini
1322 983 1399 1050 dila-

157 1089 247 1156 tione
277 1089 445 1156 summaria
473 1089 675 1170 respondere,
707 1107 769 1156 non
800 1089 998 1156 obstantibus
1025 1087 1124 1171 ferljs,
1147 1089 1197 1155 vel
1225 1089 1398 1156 obstaculis

158 1195 234 1276 alijs
258 1193 411 1277 dilatoriis
434 1193 693 1276 quibuscumque,
718 1213 799 1276 quae
822 1193 854 1258 in
877 1195 925 1260 his
942 1195 1065 1260 casibus
1082 1194 1279 1260 decreuimus
1294 1195 1397 1261 locum

156 1316 225 1364 non
246 1297 365 1364 habere
388 1302 422 1363 et
443 1298 581 1364 rationes
603 1297 715 1378 tretici,
740 1317 796 1364 seu
813 1299 1016 1381 compagnias
1039 1305 1215 1366 monstrare
1239 1303 1272 1366 et
1294 1301 1396 1364 calcu·

157 1405 226 1469 lum
249 1403 382 1469 rationis
403 1421 532 1486 ponere.
567 1403 608 1468 Et
631 1404 770 1486 regimen
794 1411 941 1470 teneatur
962 1405 1085 1469 vinculo
1108 1405 1275 1472 iuramenti
1299 1422 1395 1488 super

156 1509 211 1574 bis
235 1510 404 1576 summania
425 1508 597 1592 procedere
612 1516 722 1575 contra
737 1509 911 1576 debitorem
927 1509 967 1575 ad
984 1511 1180 1588 sententiam,
1205 1527 1299 1592 qnam
1321 1527 1395 1576 reus

159 1616 382 1694 sententiatus,
407 1615 466 1680 nisi
489 1615 591 1697 primo
613 1615 737 1696 integre
760 1613 950 1682 satisfecerit
973 1614 1132 1691 creditori,
1157 1615 1309 1697 appelare
1333 1633 1396 1680 non

156 1721 271 1802 possit,
294 1737 353 1784 nec
375 1719 443 1785 eius
466 1720 636 1802 appellatio
660 1719 802 1785 admitti:
833 1720 890 1785 sed
920 1718 1005 1786 lacta
1034 1718 1251 1786 satisfactione
1274 1720 1398 1802 integra

157 1825 310 1891 creditori
333 1825 372 1891 de
394 1825 550 1891 contentis
571 1825 604 1890 in
627 1827 794 1902 sententia,
818 1825 889 1906 ipsa
911 1829 987 1889 tunc
1008 1823 1179 1906 appellatio
1199 1824 1274 1890 dicti
1289 1825 1396 1906 appel-

156 1930 257 1995 lantis
278 1948 337 2012 per
358 1929 637 2012 regimen·dabeat
659 1929 756 2011 recipi
780 1935 813 1994 et
834 1929 957 1994 admitti
981 1947 1050 1994 cunr
1073 1927 1265 2010 praefixione
1287 1927 1392 1994 idonei

157 2036 288 2101 termini
318 2035 358 2100 ad
384 2034 647 2116 prosequendum.
685 2035 729 2099 Et
757 2039 889 2114 cogatur
922 2053 979 2115 per
1008 2034 1149 2116 regimen
1183 2033 1322 2099 creditor
1351 2033 1392 2098 ad

156 2139 301 2205 dandum
316 2139 422 2206 statim
438 2137 637 2206 fideiussores
659 2139 799 2222 idoneos,
824 2137 864 2204 ad
880 2137 1002 2204 libitum
1019 2139 1209 2221 appellantis
1226 2138 1266 2204 de
1281 2137 1394 2204 stando

155 2249 193 2311 et
220 2245 360 2326 parendo
389 2245 449 2309 iuri
472 2243 503 2308 in
534 2245 753 2326 prosecutione
784 2249 816 2310 et
845 2250 962 2310 euentu
992 2243 1057 2308 litis
1088 2244 1188 2325 ipsius
1218 2243 1395 2310 sententiae

155 2349 347 2433 appellanti3
371 2353 426 2415 aut
448 2351 488 2414 ad
505 2349 725 2431 deponendum
740 2349 918 2414 immediate
939 2349 1148 2430 quantitatem
1165 2349 1264 2430 ipsam
1282 2365 1392 2428 recop-

152 2459 224 2520 tam
244 2471 362 2536 paenas
384 2453 591 2518 camerarium
615 2452 796 2520 Communis
819 2473 876 2536 per
897 2471 967 2518 enm
993 2459 1068 2518 tunc
1090 2451 1281 2518 semandum
1303 2470 1392 2516 man·

155 2560 236 2626 dato
259 2559 429 2642 regiminis,
460 2575 559 2640 voque
589 2558 629 2624 ad
659 2559 757 2640 ipsius
780 2558 844 2622 litis
867 2558 1130 2624 terminationem.
1165 2557 1209 2622 Et
1231 2557 1315 2638 quod
1339 2575 1391 2624 su-

155 2683 220 2746 pra
243 2664 360 2730 dictum
383 2667 433 2728 est
454 2664 486 2728 in
508 2661 650 2728 fauorem
673 2662 853 2742 forensium,
877 2661 909 2728 id
932 2661 1034 2727 simile
1054 2661 1185 2726 dicimus
1201 2661 1391 2727 seruandum

154 2773 271 2835 contra
285 2769 371 2850 ipsos
392 2766 542 2847 forenses,
566 2768 722 2834 vocandos
743 2767 775 2832 in
793 2767 904 2832 iuditio
920 2784 980 2848 per
994 2785 1207 2848 quoscumque
1222 2771 1391 2832 nostrates.

313 2965 381 3010 OAP·
405 2965 508 3008 obxrx.
532 2966 574 3008 DE
596 2965 698 3008 POENA
719 2965 783 3008 Non
806 2964 1060 3008 commoneamque
1083 2963 1246 3006 natumst.

202 3081 293 3160 Item,
319 3081 403 3163 quod
426 3081 612 3163 quicumque
628 3082 789 3164 receperit
811 3081 939 3164 aliquod
961 3082 1141 3147 tremissum
1171 3081 1393 3162 cuiuscumque

155 3187 276 3253 valoris
300 3191 333 3252 et
354 3185 539 3268 quantitatis
562 3188 602 3253 ab
625 3187 730 3268 aliqua
752 3205 949 3268 quacumque
979 3204 1117 3268 persona
1139 3185 1316 3252 destinante
1338 3203 1394 3251 vn·

157 3293 336 3372 decumque
357 3293 398 3358 ad
427 3290 565 3372 aliquam
594 3291 785 3356 nominatam
813 3309 991 3373 personam,
1024 3295 1089 3354 tam
1113 3287 1277 3368 Curzulae,
1301 3308 1395 3371 quam

157 3396 236 3460 alibi
259 3403 503 3462 commorantem
524 3402 672 3462 teneatur
684 3402 718 3462 ct
729 3395 844 3462 debeat
860 3397 977 3475 statim,
1002 3413 1096 3476 quam
1111 3395 1213 3476 primo
1225 3393 1266 3459 ad
1278 3394 1392 3474 locum,

157 3501 215 3568 vbi
229 3519 385 3584 personae
399 3501 484 3580 illae,
509 3500 622 3583 quibus
638 3501 773 3565 mittitur
795 3501 932 3584 stabunt,
956 3499 1144 3582 applicuerit
1159 3499 1226 3563 sine
1240 3497 1393 3578 temporis

157 3606 391 3674 intemniasione
417 3605 599 3671 tremissum
615 3611 649 3670 et
662 3605 746 3672 bona
760 3603 846 3670 illius
861 3605 983 3685 integre
999 3605 1118 3685 absque
1143 3601 1348 3668 diminutione
1362 3605 1397 3666 et

157 3711 279 3779 lesione
302 3715 514 3792 praesentare,
539 3714 572 3775 et
593 3708 779 3791 consignare
801 3709 889 3773 iuxta
911 3709 1162 3774 commissionem
1187 3705 1246 3771 sibi
1268 3704 1394 3785 factam,

158 3834 264 3900 poena
285 3832 510 3898 yperperorum
533 3814 671 3896 quinque
693 3814 865 3880 relectione
887 3812 1080 3890 damnomm,
1106 3811 1251 3894 expensis
1267 3813 1301 3874 et
1315 3809 1395 3875 inte·

157 3939 257 3988 resse.
287 3919 330 3986 Et
353 3919 379 3983 si
402 3919 580 3984 inuenietur
605 3919 688 3984 bona
710 3918 807 3999 ipsius
831 3916 969 3982 tramissi
992 3916 1159 3982 retinuisse
1182 3921 1215 3982 et
1236 3913 1305 3980 eius
1325 3913 1394 3979 veni

160 4026 348 4107 deputasse,
383 4023 468 4090 bona
489 4023 559 4101 illa,
594 4024 644 4089 vel
671 4029 793 4106 partem
820 4023 944 4088 illomm
971 4020 1173 4087 abscondisse
1196 4025 1229 4085 et
1250 4036 1394 4102 negasse,

159 4129 254 4196 cadet
275 4129 316 4194 ad
338 4147 472 4210 poenam
494 4129 688 4211 praedictam
712 4137 745 4194 et
766 4129 807 4192 ad
831 4127 1034 4194 relectionem
1051 4127 1095 4191 rei
1111 4125 1143 4190 in
1160 4125 1299 4209 duplum,
1324 4142 1396 4190 cum

160 4233 330 4302 relectione
353 4233 538 4300 damnorum
563 4240 596 4298 et
610 4251 818 4314 expensarum
842 4238 875 4298 et
896 4233 1060 4298 interesse.

160 4431 229 4476 (lfl’.
253 4431 347 4474 (lIrXX.
377 4431 458 4482 Quom
481 4430 603 4472 Possum
624 4429 758 4472 INUIOEH
780 4429 999 4474 adornandum!
1022 4429 1236 4472 scamandrum
1258 4427 1396 4470 masuam

705 4535 858 4577 commum.

200 4653 291 4736 Item,
316 4649 400 4733 quod
423 4667 540 4728 omnes,
565 4655 597 4716 et
619 4649 763 4731 singulae
786 4668 907 4732 poenae
932 4649 1225 4715 condemnationum
1248 4647 1392 4712 crimina·

157 4758 236 4826 lium
259 4756 482 4838 cuiuscumque
498 4755 693 4837 quantitatis,
717 4753 853 4820 latamm
868 4771 927 4836 per
941 4753 1081 4838 regimen
1097 4753 1263 4833 Curnulao,
1286 4756 1396 4822 contra
