3434 5368
590 1389 1036 1495 PRAEFATIO.

189 1699 394 1840 Literarum
407 1775 585 1857 artiumque
606 1772 767 1841 academia
787 1771 953 1839 Slavonrm
965 1772 1216 1838 meridionalium
1228 1781 1432 1841 monuments

191 1877 510 1962 historico-juridica
532 1879 698 1946 Slavorum
721 1877 972 1944 meridionalium
989 1877 1084 1944 edere
1103 1876 1240 1942 instituit
1259 1893 1432 1961 eorumque

192 1983 389 2051 edendorum
406 2003 512 2051 euram
535 1983 611 2050 mihi
634 1983 799 2051 commisit.

242 2086 345 2156 Huius
367 2089 414 2154 rei
436 2089 579 2156 ordinem
602 2095 699 2170 atque
728 2088 882 2154 rationem
905 2087 999 2152 talem
1022 2085 1431 2169 academia-comprobavit,

193 2197 235 2258 ut
256 2199 423 2274 antequam
447 2195 570 2278 reliqua
600 2199 805 2261 monumenta
826 2193 859 2256 in
881 2191 983 2257 lucem
1006 2190 1179 2272 prodirent
1212 2195 1333 2255 statuta
1354 2195 1429 2256 ante

194 2297 302 2364 omnia
324 2297 478 2380 ampliora
500 2305 533 2364 et
560 2299 665 2382 leges,
696 2315 778 2378 quae
807 2295 941 2362 maxime
965 2295 1050 2377 apud
1073 2293 1187 2362 Slavos
1209 2292 1431 2360 meridionales

193 2395 380 2486 viguissent
406 2403 586 2482 ederentur,
609 2403 676 2469 sive
691 2400 794 2468 adhuc
809 2399 871 2466 iam
886 2400 971 2484 typis
991 2419 1141 2483 expressa
1163 2404 1246 2478 sunt,
1270 2398 1336 2466 sive
1352 2416 1430 2462 nuu-

193 2523 291 2588 quam
314 2505 449 2573 antehae
470 2507 596 2573 emissa.

239 2609 297 2676 Cui
319 2612 435 2678 rationi
458 2611 685 2678 ab‘aoademia
706 2608 923 2693 praescriptae
945 2627 996 2675 me
1018 2608 1190 2692 applicans,
1221 2607 1295 2674 viris
1319 2607 1429 2692 doctis,

193 2714 251 2795 qui
269 2715 346 2782 iuris
368 2715 521 2784 historiae
543 2714 775 2799 perquirendae
805 2732 934 2796 operam
965 2719 1085 2778 navant
1106 2712 1306 2795 studiumque
1328 2729 1429 2792 suum,

193 2823 364 2885 statuta
396 2825 522 2903 atque
554 2820 674 2902 leges
707 2818 904 2886 civitatis
938 2823 980 2886 et
1010 2815 1176 2883 insulae
1210 2808 1432 2882 (iuraulae'

192 2922 298 3005 primo
321 2922 390 2991 loeo
412 2925 485 2990 ideo
506 2925 615 3004 trado,
648 2925 723 3007 quia
744 2924 828 2990 iuter
850 2923 963 3015 omnia,
988 2941 1069 3006 quae
1089 2920 1173 3005 apud
1197 2919 1308 2988 Siavos
1330 2921 1424 2987 meri·

193 3027 338 3094 dionaies
362 3033 487 3094 exstant
508 3029 602 3096 huius
625 3029 752 3113 generis
773 3033 978 3095 monumenta
999 3025 1320 3109 historico-juridica,
1344 3025 1426 3092 anti-

192 3133 346 3216 quissima
368 3139 451 3200 sunt.

164 3271 173 3296 ,
239 3237 445 3304 Monumenta
465 3238 520 3305 illo
544 3256 636 3320 quem
658 3239 754 3305 modo
770 3237 862 3303 attuli
876 3235 970 3302 titulo
987 3233 1146 3317 inscripta,
1170 3232 1258 3301 hisce
1273 3233 1429 3318 capitibus

192 3343 373 3410 enarranda
394 3361 465 3410 esse
488 3350 583 3426 puto:

237 3446 262 3511 Ι.
286 3445 485 3530 Confirmatio
501 3455 529 3511 et
545 3447 752 3531 oupmentotio
767 3452 955 3510 statutorum
970 3443 1103 3510 civitatis
1119 3443 1292 3510 aetantes
1310 3441 1428 3509 Ostrea·

191 3551 251 3630 loe,
275 3559 409 3636 tempore
431 3549 727 3638 Morsitiisteorpie'
748 3551 867 3616 comitis
887 3547 984 3631 faeta.

235 3655 276 3722 ΙΙ.
300 3653 396 3720 Liber
418 3655 518 3740 lepram
539 3677 576 3722 ee
596 3661 786 3720 statutorum
807 3654 941 3719 civitatis
963 3661 991 3717 et
1012 3652 1135 3718 iresaloe
1159 3650 1323 3717 anrzuloe.

235 3759 293 3826 III.
317 3758 564 3842 Reformatiooes
585 3761 752 3825 eommunis
778 3757 941 3824 Orerzulae.

135 3928 136 3932 ,
236 3864 291 3930 fv.
315 3861 455 3930 litterae
481 3863 605 3930 ducales
635 3864 774 3950 aliaeque
801 3863 977 3942 decisiones,
1005 3860 1173 3945 pririlepia
1202 3861 1428 3927 communitatis

190 3991 229 4036 ae
252 3967 464 4034 universatis
482 3969 593 4054 popula*
614 3975 642 4034 et
664 3969 786 4033 insulae
811 3966 966 4032 Oreraotoe
987 3960 1159 4032 attinentes.

238 4072 328 4151 Quae
351 4074 394 4139 sit
416 4071 500 4139 inter
516 4073 655 4156 singulas
672 4073 730 4139 has
745 4071 960 4156 portassetis,
984 4071 1093 4152 paucis
1108 4069 1294 4151 explanetur
1309 4069 1424 4136 verbis.

236 4177 366 4244 Librum
390 4176 494 4259 legum
516 4195 554 4242 aa
569 4182 759 4243 statutorum
776 4193 858 4242 anno
877 4181 968 4240 1214.
991 4181 1093 4242 ortum
1121 4192 1202 4252 esse,
1226 4173 1430 4258 inscriptione

194 4301 257 4348 sua
279 4281 406 4363 quidem
429 4281 509 4348 iiber
524 4281 592 4364 ipss
615 4281 742 4366 indicat,
767 4280 824 4346 sed
848 4279 874 4344 si
898 4283 1018 4346 statuta
1041 4277 1118 4361 ipsa,
1144 4279 1250 4361 qualia
1268 4279 1299 4344 in
1327 4277 1429 4344 altera

191 4385 290 4452 huius
313 4385 460 4451 editionis
482 4391 574 4468 parte
598 4389 725 4452 exstant
753 4383 998 4466 inspexerimus,
1023 4401 1075 4448 res
1098 4382 1189 4448 nobis
1211 4400 1342 4464 prorsus
1365 4383 1429 4448 alia

190 4489 430 4569 observabitur,
454 4508 556 4572 neque
580 4487 748 4555 difficulter
778 4489 868 4554 nobis
891 4485 1158 4569 persuadebimus,
1182 4485 1305 4569 magnis
1328 4503 1428 4552 anno·

189 4614 264 4661 rum
286 4593 460 4660 intervallis
484 4593 624 4678 singulas
644 4594 737 4658 huius
759 4593 831 4659 libri
853 4597 961 4674 partes
984 4591 1112 4657 distare.
1136 4588 1200 4656 Sed
1224 4595 1344 4671 quanta
1366 4589 1431 4656 sint

189 4701 274 4766 haee
289 4691 439 4766 annorum
455 4699 632 4783 intervalla,
651 4717 711 4782 que
727 4697 820 4765 modo
834 4697 1026 4778 antiquiores
1043 4701 1149 4778 partes
1165 4713 1185 4761 a
1200 4694 1428 4778 posterioribus

192 4804 418 4873 additament-is
448 4803 686 4871 distribuendae
716 4803 793 4884 sint,
826 4801 875 4870 vel
906 4799 990 4884 quod
1019 4799 1102 4868 idem
1125 4803 1191 4882 est,
1222 4817 1286 4881 qua
1307 4799 1428 4866 ratione
