3434 5368
1357 433 1418 504 vn

182 640 445 708 LVIII—LXIX.
469 643 541 710 libri
564 644 668 729 legum
688 663 726 710 ao
742 651 945 732 statutorum,
968 664 1070 728 eaque
1085 646 1218 728 primam
1235 641 1333 712 luisse
1355 663 1420 710 am·

182 745 405 828 plificationem
430 749 855 830 principaliumstatutorum
870 768 1044 816 censemus.

223 850 351 916 Statuta
374 852 499 918 noviter
521 853 629 918 addita
647 855 721 934 'pari
745 855 838 921 modo
861 855 909 918 uti
932 860 966 920 et
987 861 1096 920 vetera
1118 855 1159 920 ab
1182 855 1325 922 omnibus
1341 873 1415 922 esse

178 956 376 1022 obseruanda
408 956 567 1022 Marsilius
599 957 735 1041 Georgia
766 959 925 1038 decrevit,
953 959 1174 1042 judicibusque
1203 957 1417 1042 praescripsit,

178 1067 223 1138 ut,
250 1061 397 1143 „quando
414 1061 569 1144 incipiunt
584 1070 618 1128 et
634 1063 790 1144 recipiunt
805 1061 942 1130 officium
958 1063 1125 1142 iudicatus,
1152 1063 1289 1130 debeant
1310 1066 1415 1131 iurare

178 1166 212 1230 in
233 1166 306 1234 istis
330 1166 467 1244 statutis
492 1167 574 1232 sicut
589 1173 619 1234 el
636 1167 667 1232 in
684 1167 754 1234 aliis
768 1169 883 1246 iurant,
907 1168 1013 1236 lacere
1027 1169 1184 1234 iusticiam
1201 1177 1234 1235 et
1249 1170 1418 1252 racionem,

180 1278 213 1337 ct
233 1276 402 1338 teneantur
423 1289 482 1352 per
504 1277 733 1338 sacramentum
757 1272 797 1338 da
819 1273 887 1340 istis
909 1275 991 1339 sicut
1013 1274 1053 1340 de
1076 1274 1176 1340 aliis“.

223 1375 422 1442 Necessitate
445 1383 581 1460 cogente
603 1383 723 1442 statuta
738 1383 772 1444 et
786 1384 900 1460 postea
923 1377 1055 1444 diversis
1078 1378 1329 1459 ordinationibus
1353 1399 1418 1446 arn·

180 1479 321 1564 plificata
343 1487 417 1546 sunt
440 1488 473 1546 et
496 1482 652 1564 suppleta,
676 1483 777 1548 donec
802 1483 916 1560 omnia,
940 1481 1043 1550 denuo
1066 1484 1234 1564 recensita,
1265 1485 1418 1552 inunum

181 1587 310 1652 redacta
332 1592 406 1651 sunt
427 1585 584 1652 volumen.

224 1689 350 1758 Novum
372 1689 433 1756 hoc
454 1691 601 1758 volumen
623 1692 655 1756 in
678 1691 738 1758 baa
760 1697 870 1758 nostra
885 1692 1025 1758 editione
1046 1692 1104 1758 sub
1119 1711 1167 1758 nr.
1184 1693 1225 1758 Il.
1243 1691 1289 1758 uti
1307 1692 1419 1760 liber

181 1795 314 1876 legum
346 1813 390 1859 ac
422 1799 676 1862 statutorum
709 1797 907 1862 ciuitatis
938 1801 978 1862 et
1007 1797 1174 1863 insulae
1208 1795 1417 1865 Curzulae

180 1899 263 1983 typis
286 1899 405 1966 editum
431 1904 544 1966 exstat.

224 2003 295 2081 Quo
319 2009 423 2069 autent
449 2011 592 2086 tempore
616 2023 698 2070 nova
720 2003 800 2069 haec
814 2005 954 2070 redactio
979 2005 1021 2069 sit
1036 2005 1186 2086 perlecta,
1204 2007 1417 2087 quaerendum

183 2115 240 2184 est,
266 2127 337 2174 cum
360 2109 464 2189 legum
488 2109 569 2175 liber
592 2109 661 2190 ipse
685 2109 772 2174 nulla
794 2127 925 2190 prorsus
949 2109 1090 2191 proferat
1113 2109 1311 2176 adminicula.

226 2212 258 2280 Si
282 2231 331 2297 ea,
357 2232 438 2294 quae
460 2231 528 2295 cap.
553 2213 645 2279 CLX.
676 2213 813 2280 Reform.
845 2214 931 2298 (pag.
966 2215 1040 2295 113)
1065 2213 1104 2280 da
1132 2215 1363 2296 approbatione
1386 2221 1419 2282 et

183 2317 432 2383 autenticatioue
455 2318 654 2398 antiquarum
677 2317 938 2384 consuetudinum
956 2337 975 2382 a
991 2318 1149 2384 nobilibus
1171 2318 1212 2383 ad
1234 2318 1294 2385 hoc
1317 2319 1416 2400 depu-

184 2422 259 2486 tatis
283 2420 316 2485 in
340 2421 465 2502 scriptis
488 2429 719 2504 resumpturum
745 2420 929 2500 afferuntur,
954 2422 1136 2505 diligentius
1158 2421 1372 2504 respiciamus,
1397 2443 1417 2488 a

180 2543 255 2590 vcro
278 2527 329 2591 vir
352 2525 577 2612 aberrabimus,
603 2527 630 2592 si
653 2531 775 2593 statuta
796 2528 829 2592 in
852 2545 921 2592 eam
944 2525 1086 2606 formam,
1119 2545 1181 2609 qua
1203 2527 1236 2591 in
1259 2527 1364 2608 legum
1380 2545 1419 2594 ac

181 2635 374 2696 statutomm
390 2631 471 2697 libro
484 2631 525 2696 ad
537 2649 595 2697 nos
608 2637 830 2714 pervenerunt,
853 2651 936 2699 auno
952 2632 1078 2698 circiter
1096 2635 1186 2696 1432.
1203 2631 1332 2697 redacta
1347 2649 1418 2699 esse

181 2733 385 2800 affirmemus.

222 2837 313 2904 Haeo
335 2846 446 2905 nostra
468 2841 625 2906 sententia
655 2858 691 2906 eo
722 2837 839 2905 firmari
872 2839 1012 2914 videtur,
1044 2837 1128 2920 quod
1158 2837 1212 2904 ille
1243 2839 1349 2922 legum
1379 2857 1417 2906 ac

182 2949 372 3009 statutorum
385 2944 466 3010 liber
479 2944 597 3010 nullam
608 2944 704 3026 plane
717 2943 944 3010 ordinationem
957 2943 1125 3008 recentiori
1142 2951 1284 3024 tempore
1299 2943 1416 3010 factam

187 3048 329 3126 exbibet3
354 3054 427 3130 post
448 3067 563 3114 annum
589 3054 693 3114 autem
721 3054 822 3126 1420,
848 3066 909 3129 quo
932 3065 1014 3112 anno
1039 3047 1149 3112 civitas
1166 3053 1199 3112 et
1213 3047 1318 3114 insula
1341 3047 1419 3114 Cur·

184 3153 274 3219 aulae
296 3151 491 3218 Venetorum
507 3153 619 3218 dicioni
636 3158 688 3217 est
704 3153 855 3234 subjecta,
884 3151 988 3217 omnia
1005 3149 1161 3218 (turtulae
1177 3157 1298 3246 statuta
1313 3153 1417 3218 denuo

184 3257 317 3322 collecta
332 3263 429 3338 atque
441 3258 472 3322 iu
483 3277 580 3321 uuum
596 3257 726 3323 redacta
737 3276 807 3322 esse
819 3256 964 3322 volumen
982 3261 1122 3322 statuere
1137 3274 1268 3323 necesse
1283 3257 1419 3322 videtur.

184 3361 274 3439 Quod
294 3362 420 3442 quidem
443 3362 474 3426 in
500 3360 777 3427 reformationibus
806 3360 983 3444 complures
1014 3360 1228 3427 ordinationes
1259 3361 1321 3426 iam
1344 3369 1418 3427 ante

183 3486 210 3530 a,
238 3471 331 3531 1432.
355 3467 518 3532 institutae
542 3467 760 3549 reperiuntur,
793 3466 824 3529 id
855 3485 916 3529 nou
947 3472 1012 3530 tam
1041 3466 1146 3546 gravis
1173 3483 1244 3530 esse
1265 3468 1414 3533 moment'

180 3571 375 3652 putaverim,
398 3577 451 3650 ut,
483 3590 575 3653 quam
599 3589 695 3653 supra
716 3570 912 3636 laudavimus
941 3571 1127 3636 sententiam
1144 3577 1287 3636 evertere
1311 3577 1417 3652 queat,

181 3693 253 3738 nam
278 3691 383 3740 rerum
415 3681 548 3740 naturae
578 3677 638 3757 ipsi
661 3680 746 3742 certe
776 3680 1019 3740 cousentaneum
1047 3681 1111 3752 ast,
1143 3673 1374 3754 ordinationes,
1398 3693 1418 3740 a

185 3778 345 3844 nobilibus
367 3779 408 3844 ad
430 3779 672 3844 consuetudines
696 3779 885 3862 redigendas
909 3779 1063 3860 delegatis
1083 3783 1139 3844 aut
1155 3797 1263 3844 errore
1280 3779 1415 3862 quodam

180 3889 236 3949 aut
257 3883 438 3966 ignorantia
460 3883 600 3966 omissas,
625 3884 658 3948 in
681 3901 763 3948 nora
786 3883 1043 3950 relounationum
1075 3883 1258 3949 collectione
1281 3901 1416 3965 ponere;

181 4006 264 4070 quae
288 3987 432 4053 collectio
456 3987 523 4052 sine
546 3987 642 4052 dubio
665 3987 761 4068 paulo
786 3994 856 4069 post
879 3988 983 4070 legum
1004 4005 1042 4052 ao
1057 3993 1248 4054 statutorum
1271 3987 1344 4053 libri
1366 4006 1415 4054 re-

180 4085 356 4158 dactionem
380 4091 558 4157 absolutam
583 4093 709 4173 incepta
731 4099 788 4158 est.

220 4195 312 4261 Hanc
332 4195 363 4260 in
383 4195 600 4261 collectionem
615 4201 741 4277 praeter
756 4193 935 4261 huiusmodi
951 4196 1165 4263 ordinationes
1181 4203 1256 4262 ante
1273 4215 1301 4262 a.
1323 4200 1416 4262 1232.

181 4307 250 4366 rate
279 4299 380 4365 facms
409 4299 567 4382 generalis
598 4317 723 4381 quoque
753 4299 874 4366 consilii
904 4301 1039 4366 civitatis
1069 4307 1103 4364 et
1132 4301 1255 4366 insulae
1284 4299 1414 4366 decreta

181 4405 275 4487 edita,
299 4409 466 4485 postquam
490 4409 632 4468 velerum
656 4409 847 4468 statutorum
871 4404 1013 4470 collectio
1038 4403 1179 4484 perlecta
1202 4409 1269 4479 est,
1292 4403 1340 4467 uti
1362 4421 1417 4466 ne·

180 4511 311 4576 cessitas
333 4508 489 4590 exigebat,
514 4505 751 4592 referebantur,
776 4509 889 4588 partim
913 4515 949 4572 ut
971 4509 1106 4589 pristina
1128 4508 1194 4572 sive
1222 4511 1330 4573 vetera
1352 4513 1417 4572 sta·

180 4621 251 4680 tuta
273 4611 531 4690 reformarentur,
555 4612 670 4694 partim
689 4617 724 4677 ut
739 4631 837 4677 novae
854 4611 1050 4678 conditiones
1067 4611 1296 4678 ordinarentur.
1320 4611 1417 4678 Jussu

179 4719 253 4786 dein
275 4718 398 4786 comitis
422 4717 573 4800 Stephani
590 4716 697 4800 Magni
709 4715 787 4784 baec
807 4716 935 4783 decreta
947 4717 979 4782 in
992 4735 1088 4784 unum
1112 4716 1257 4785 volumen
1282 4715 1417 4784 collecta
