3396 5402
363 387 428 447 112

358 591 444 671 quod
473 589 589 658 amodo
611 592 643 656 in
665 594 761 657 antea
783 610 876 658 omne
897 592 1012 666 animal
1028 591 1139 674 maius,
1162 593 1309 662 videlicet
1323 594 1483 678 equinum,
1505 594 1596 663 boni-
1692 605 1694 640 ²

359 713 451 774 num,
473 697 628 762 asininum
651 697 873 778 reperiendum
895 697 928 762 in
950 698 1069 780 campis
1099 698 1263 766 vinearum
1285 717 1437 783 pascere,
1469 699 1596 767 soluere

361 798 493 879 debeat,
517 805 551 866 et
571 801 604 865 in
626 819 760 883 poenam
783 800 916 880 incidat,
940 806 1005 867 tam
1025 801 1065 869 de
1080 801 1147 882 die,
1171 821 1264 886 quam
1281 803 1321 869 de
1336 809 1428 870 nocte
1449 803 1483 868 in
1506 821 1597 886 gros-

357 921 410 968 sos
433 923 487 970 sen
509 923 567 987 pro
589 923 776 987 unoquoque
800 907 910 988 capite.
942 905 985 971 Et
1006 907 1129 990 pudarij
1154 907 1297 990 deputed
1312 912 1481 976 teneantur
1503 925 1597 974 accu-

359 1009 514 1075 sationem
544 1008 649 1076 facere
678 1009 761 1076 inira
789 1013 958 1077 terminum
989 1011 1110 1077 dierum
1140 1017 1211 1078 octo
1238 1011 1332 1080 odie
1362 1011 1467 1078 damni
1498 1013 1593 1092 iilati3

359 1112 442 1178 inira
464 1132 557 1195 quem
579 1115 745 1181 terminum
768 1117 795 1181 si
817 1135 880 1182 non
902 1115 1023 1194 iecerit,
1048 1105 1140 1190 addat
1160 1117 1193 1182 in
1215 1135 1350 1200 poenam
1365 1135 1595 1201 yperperorum

360 1237 389 1282 v.
412 1237 470 1302 pro
493 1219 662 1287 medietate
685 1219 849 1287 Communi
865 1225 899 1286 et
913 1221 976 1287 alia
997 1221 1181 1288 accusatori.
1205 1221 1266 1301 Qui
1288 1221 1411 1306 pudorij
1426 1214 1596 1288 teneantur

359 1323 400 1388 od
423 1326 693 1392 emendantionem
718 1326 758 1392 de
781 1327 924 1394 omnibus
947 1332 982 1392 ct
1004 1327 1136 1411 singulis
1168 1327 1289 1394 damnis
1311 1327 1344 1394 in
1366 1327 1465 1394 uncis
1489 1333 1525 1392 et
1546 1347 1596 1394 ar·

359 1429 488 1497 boribus
499 1432 731 1512 possesisonnm
744 1450 852 1498 eorum
863 1432 1024 1498 custodiae
1035 1431 1268 1514 suppositarum
1287 1451 1382 1514 super
1397 1449 1508 1499 eorum
1523 1451 1596 1515 pro-

357 1535 434 1618 prijs
445 1535 545 1620 bonis,
562 1537 622 1602 nisi
632 1537 877 1603 monstrauerint
887 1541 1020 1619 patrono
1034 1537 1181 1602 damnum
1192 1555 1296 1619 passo,
1313 1537 1463 1604 damnum
1478 1537 1595 1604 dantes

358 1645 392 1703 et
415 1639 496 1704 vltra
518 1640 769 1707 emendationem
792 1641 898 1708 damni
920 1641 981 1724 ipsi
1002 1641 1125 1724 pudorij
1150 1641 1276 1708 soluere
1300 1641 1437 1708 debeant
1451 1660 1595 1724 poenam,

358 1761 453 1832 quam
476 1743 713 1812 damnificantes
736 1745 916 1813 huiusmodi
938 1746 1084 1828 perluere
1106 1747 1306 1814 tenebantur.

360 1959 426 2004 ΟΔΡ.
450 1961 542 2003 cnvn.
575 1961 657 2012 Quom
680 1960 815 2004 remmom
842 1961 1069 2005 Possmssmltum
1095 1961 1219 2006 Possm
1247 1962 1404 2004 mmmmm
1426 1961 1595 2004 ANMHA.

402 2068 482 2134 Item
504 2073 631 2150 captum
653 2066 714 2134 fuit
736 2068 896 2148 similiter,
924 2069 1050 2150 quodsi
1073 2069 1156 2150 quod
1179 2069 1294 2135 animal
1316 2070 1417 2136 maius
1440 2089 1481 2136 ex
1501 2087 1595 2151 proe-

360 2172 452 2238 dictis
474 2173 582 2252 unios,
613 2173 663 2239 vel
686 2174 794 2256 plures
817 2174 1032 2256 reperirentur
1054 2173 1202 2240 damnum
1226 2174 1303 2240 dare
1325 2174 1358 2238 in
1380 2191 1459 2255 vua,
1483 2173 1595 2250 vineis,

358 2277 409 2343 vel
431 2277 598 2345 arboribus
627 2295 685 2360 per
715 2282 882 2360 patronum
911 2278 1039 2356 vineae,
1070 2279 1121 2344 vel
1150 2279 1218 2345 eius
1239 2278 1400 2358 famulum,
1425 2277 1475 2344 vel
1498 2278 1595 2344 alium

358 2383 398 2448 de
421 2382 489 2448 eius
512 2381 638 2462 familia,
663 2384 732 2465 capi
754 2383 875 2466 possint
897 2383 974 2450 talia
996 2383 1143 2448 animatia
1166 2384 1313 2450 damnum
1336 2383 1453 2468 dantia,
1478 2400 1594 2464 seque·

357 2487 451 2552 strari
472 2493 505 2553 et
526 2488 668 2570 retineri,
701 2488 752 2554 vel
773 2488 814 2554 ad
836 2489 954 2555 curiam
977 2488 1049 2554 duci
1071 2494 1104 2556 et
1126 2507 1190 2555 non
1211 2489 1347 2556 relaxari
1366 2488 1459 2555 modo
1476 2489 1595 2571 aliquo,
1693 2487 1694 2490 ’

360 2591 461 2658 donec
483 2592 567 2658 dicto
590 2597 724 2676 patrono
748 2592 943 2660 satisfactum
965 2592 1063 2660 fuerit
1084 2593 1216 2677 integre,
1240 2598 1305 2660 tam
1321 2593 1361 2660 de
1373 2593 1597 2660 emendatione
1693 2623 1694 2658 r

358 2695 473 2776 damni,
497 2715 591 2780 qnam
614 2699 655 2763 de
675 2703 768 2780 parte
790 2716 928 2781 poenae,
955 2698 1100 2764 videlicet
1122 2698 1300 2766 medietatis
1323 2699 1363 2782 vj.
1387 2699 1594 2783 contingenti.
1692 2721 1694 2792 j

357 2801 401 2866 Et
424 2819 549 2884 semper
570 2809 768 2870 sacramento
792 2809 857 2870 stet
878 2803 1068 2886 reperientis
1090 2803 1332 2886 praedictorum.

506 3017 572 3062 (1Ᾰῖ.
597 3018 702 3061 onvm.
727 3018 809 3070 Quom
831 3017 918 3060 NEMO
941 3019 1047 3062 VADA'P
1069 3018 1129 3061 PER
1151 3017 1270 3062 omos
1293 3018 1446 3062 vmmnmos

432 3105 475 3148 Am
498 3105 708 3149 comentibus
731 3105 862 3149 mmmos
884 3105 1027 3150 mosmos
1049 3105 1211 3150 REMANSOS
1233 3106 1307 3150 POST
1329 3105 1513 3150 mmmmm.

399 3215 481 3280 Item
504 3217 630 3294 captum
653 3212 714 3278 fuit
735 3213 860 3278 nemine
884 3211 1093 3296 discrepante,
1117 3214 1202 3295 quod
1224 3214 1339 3280 amodo
1361 3214 1393 3279 in
1416 3217 1513 3280 antea
1536 3212 1593 3278 ali-

356 3319 426 3400 quis
450 3336 515 3383 non
544 3319 646 3402 possit
676 3319 723 3385 ire
751 3337 809 3400 per
838 3335 965 3400 campos
995 3319 1158 3385 vinearum
1185 3323 1258 3401 post
1286 3317 1470 3398 vindemias,
1494 3319 1541 3383 rti
1562 3317 1596 3382 in

356 3424 497 3506 elapsum
522 3429 572 3490 est
594 3423 792 3505 permissum,
824 3423 1039 3504 recuperando
1069 3441 1210 3490 remmus
1240 3440 1402 3490 remansos
1425 3423 1457 3488 in
1481 3422 1593 3489 alienis

355 3528 466 3608 vineis,
490 3545 592 3611 poena
613 3545 839 3610 yperperorum
861 3547 890 3590 v.
915 3546 972 3610 pro
995 3527 1137 3610 quolibet
1158 3527 1413 3606 contrafaciente‚
1436 3526 1591 3608 adquam

355 3651 489 3715 poenam
518 3631 659 3699 similiter
687 3631 828 3697 incidant
856 3631 991 3715 pudarij,
1022 3633 1075 3714 qui
1104 3637 1214 3700 contra
1243 3631 1344 3699 dictos
1366 3631 1590 3714 delinquentes

357 3740 587 3806 accusationem
610 3756 673 3803 non
696 3736 835 3803 fecerint.
1435 3745 1439 3754 '

357 3949 423 3992 OAP·
447 3947 530 3990 cmtx.
560 3947 602 3988 DE
625 3943 872 3988 oomsmmsnlomm
902 3945 1016 3989 sisinn
1046 3945 1080 3986 IN
1109 3944 1199 3987 mmm
1227 3945 1428 3998 customens
1460 3945 1590 3989 mmmm.
1692 3919 1694 3948 ¹

397 4056 435 4120 In
458 4053 576 4120 Christi
599 4053 724 4120 nomine
746 4051 863 4126 Amen„
881 4051 1078 4134 Mocccxxxij.
1103 4051 1278 4118 indictione
1300 4072 1329 4117 x.
1349 4052 1400 4120 die
1414 4053 1593 4135 penultimo

356 4161 473 4226 mensis
496 4158 688 4225 Decembris.
712 4158 750 4222 ln
772 4157 866 4240 pleno
889 4162 922 4222 et
943 4157 1082 4241 generali
1103 4157 1233 4223 consilio
1255 4158 1391 4224 ciuitatis
1412 4165 1447 4224 et
1467 4159 1594 4225 insrdse

357 4263 514 4330 Curzulae
544 4264 585 4329 ad
614 4281 724 4328 sonum
754 4279 926 4343 campanae
955 4279 1096 4343 voceque
1124 4262 1288 4344 praeconis
1318 4280 1406 4330 more
1434 4263 1532 4330 solito
1559 4265 1594 4329 in

354 4369 489 4436 ccclesia
511 4367 616 4434 Sancti
640 4366 740 4432 Marci
763 4368 803 4433 de
826 4365 963 4432 Curzula
985 4367 1173 4446 coadunato,
1196 4368 1228 4431 in
1253 4385 1316 4449 quo
1338 4367 1468 4434 fuerunt
1489 4368 1594 4438 consi-

355 4475 437 4540 liarii
459 4474 540 4539 vltra
561 4472 790 4556 qninquaginta
811 4472 957 4557 quinque,
980 4475 1186 4554 praesentata
1208 4470 1267 4537 fuit
1289 4472 1444 4553 quaedam
1471 4473 1594 4540 ducalis

355 4579 442 4645 bnlla
464 4585 496 4644 et
517 4579 625 4644 littera
653 4597 691 4643 ex
720 4583 813 4658 parte
843 4576 1054 4642 dominitionis
1088 4575 1230 4644 Venetae
1264 4577 1295 4642 in
1328 4579 1433 4644 missis
1463 4578 1592 4646 domino

355 4683 522 4750 Francisco
546 4683 683 4765 Georgia
707 4681 820 4749 Comiti
843 4679 1001 4748 Curzulae
1026 4699 1084 4762 per
1106 4697 1168 4746 ser.
1192 4681 1348 4748 Marinum
1369 4681 1450 4750 Ziiio
1472 4681 1594 4751 Amba·
1693 4773 1694 4778 Ἰ
