3376 5392
322 411 382 470 152

319 619 471 700 magister
492 616 640 692 loannes,
664 631 736 679 cum
758 614 860 696 pisces
883 615 1023 696 piscatus
1045 611 1149 692 luerit,
1173 612 1273 694 primo
1289 609 1361 676 illos
1376 607 1554 676 conducere

323 723 364 788 od
385 721 549 804 piscarium
572 719 735 806 Ourzulse,
760 737 853 800 qnam
876 719 950 785 alibi
972 718 1120 796 uendere,
1144 736 1200 783 seu
1222 715 1317 781 uendi
1336 714 1454 788 iacere,
1477 731 1552 780 con·

318 826 404 892 tinne
427 825 498 891 illos
524 825 659 890 tenendo
692 823 873 891 uendeudos
895 823 943 912 ad
958 823 1124 906 piscariam
1153 820 1332 887 uolentibus
1363 837 1471 885 emere
1493 837 1552 900 per

320 932 398 996 duas
427 930 522 995 boras
552 935 719 1012 postquam
742 929 896 994 cumillis
925 927 1140 1010 applicauerit,
1172 931 1205 990 et
1233 926 1261 991 si
1282 923 1365 992 torte
1399 923 1553 990 acciderit

318 1037 420 1117 ipsum
442 1036 628 1118 magistrum
649 1035 803 1100 Joannem
825 1034 966 1116 reperire
987 1051 1051 1098 non
1073 1049 1168 1114 posse
1191 1031 1223 1095 in
1246 1027 1383 1096 Gurzula
1404 1029 1551 1094 homines

317 1140 462 1206 iuuantes
485 1140 527 1205 ad
548 1140 731 1230 piscandum
761 1157 831 1206 oum
861 1142 963 1204 tracta
984 1143 1016 1204 et
1037 1153 1167 1202 necesse
1197 1133 1292 1200 luerit
1313 1133 1385 1202 illos
1406 1133 1551 1200 hominos

318 1245 351 1309 in
372 1245 502 1326 Puncta,
526 1245 578 1310 uel
601 1245 676 1310 alibi
706 1245 845 1310 locorum
876 1241 1143 1308 circumstantium
1173 1239 1321 1323 reperire,
1353 1239 1408 1322 qui
1431 1238 1553 1303 uellent

319 1355 409 1416 entra
431 1347 599 1415 Ourzulam
621 1349 764 1432 recipere
786 1365 896 1414 eorum
917 1351 1039 1430 partem
1062 1351 1095 1412 et
1116 1354 1241 1429 partem
1264 1344 1386 1410 duanae
1408 1343 1552 1410 locorum

320 1454 500 1522 eorumdem
523 1459 556 1520 et
578 1461 652 1521 tuno
681 1453 764 1520 dicto
796 1455 948 1538 magistro
973 1451 1090 1518 Joanni
1119 1469 1177 1532 per
1208 1447 1395 1514 duanarium
1411 1447 1552 1540 :duanae

320 1556 475 1626 cornutae
497 1559 646 1642 imputari
667 1577 730 1624 non
744 1559 846 1642 possit
861 1575 919 1623 nec
932 1559 1037 1641 ipsum
1051 1555 1213 1624 molestari
1227 1573 1282 1638 pro
1298 1553 1403 1618 duona
1417 1551 1551 1634 piscium

319 1663 561 1746 praedictorum.
992 1675 993 1680 ’

363 1765 483 1844 Quarto
505 1771 726 1834 concesserunt
740 1765 801 1848 ipsi
818 1765 970 1848 magistro
986 1763 1102 1830 Josnni
1118 1755 1282 1846 stipulanti
1297 1782 1355 1845 per
1369 1781 1405 1828 se
1422 1761 1551 1843 suisque

319 1870 499 1953 heredibus,
522 1879 556 1937 et
578 1871 808 1938 successoribus
831 1889 948 1950 eorum,
973 1870 1042 1952 ipse
1063 1870 1214 1953 magister
1235 1869 1386 1946 loannes,
1410 1866 1481 1932 eius
1495 1867 1550 1931 be·

321 1975 414 2042 redes
436 1981 469 2042 et
491 1975 719 2043 descendentes
742 1977 805 2042 sint
826 1973 963 2058 exempti
985 1981 1019 2040 et
1041 1973 1194 2040 immunes
1215 1973 1256 2039 ab
1279 1971 1425 2040 omnibus
1439 1975 1473 2038 et
1489 1971 1551 2037 sin-

320 2081 402 2165 gulis
432 2081 589 2160 oneribus,
622 2080 771 2152 custodiis
798 2087 831 2147 et
862 2080 1039 2146 custodiatu
1061 2085 1094 2146 et
1116 2080 1155 2144 ab
1187 2079 1329 2144 omnibus
1359 2082 1394 2142 et
1416 2075 1550 2159 singulis

320 2185 458 2267 seruitiJ‘s
480 2191 514 2251 et
536 2187 682 2267 operibus
705 2186 875 2252 communis
891 2184 1055 2264 Curzulae,
1080 2183 1130 2249 uel
1146 2182 1282 2265 angariis
1299 2183 1551 2264 quibuscumque

320 2290 374 2372 qui
395 2289 459 2355 ullo
481 2309 629 2372 umquam
641 2297 782 2373 tempore
799 2289 963 2356 occasione
979 2289 1118 2356 cuiusuis
1134 2285 1324 2372 &granaminis
1340 2306 1404 2353 non
1419 2285 1550 2352 ualeant

320 2395 457 2477 grauari,
482 2413 540 2460 nec
562 2394 748 2480 astringent.

363 2497 480 2576 Quinto
510 2505 734 2566 concesserunt
764 2500 848 2566 dicto
878 2499 1030 2582 magistro
1057 2497 1172 2564 loanni
1194 2503 1229 2562 ut
1252 2515 1348 2578 supra
1371 2495 1551 2579 stipulanti,

320 2605 354 2666 et
376 2602 478 2668 eidem
501 2603 594 2670 liceat
616 2604 657 2668 ad
680 2605 747 2670 eins
770 2604 892 2675 libitum
916 2621 1113 2686 quocumque
1128 2601 1266 2668 uoluerit
1280 2601 1384 2685 possit
1398 2602 1447 2667 ire
1462 2607 1551 2666 extra

322 2702 489 2780 Curzulam
511 2727 568 2789 per
583 2713 655 2773 tres
678 2727 800 2775 menses
823 2709 897 2774 anni
920 2709 1113 2791 singulorum
1142 2725 1296 2773 annorum
1317 2704 1498 2772 futurorum
1519 2707 1552 2770 in

322 2809 458 2876 diuersis
487 2813 609 2877 uicibus
633 2831 689 2893 pro
720 2815 786 2880 eius
816 2813 1007 2894 exequendis
1037 2813 1183 2894 seruitijs
1217 2811 1385 2876 dummodo
1416 2810 1552 2876 relasset

321 2914 388 2980 eius
411 2915 479 2980 loco
502 2936 598 2981 unum
631 2924 793 3000 expertum
806 2919 847 2986 in
870 2924 938 2984 arte
960 2918 1135 2998 barbariae,
1166 2917 1220 2998 qui
1242 2917 1355 2982 idonee
1377 2917 1499 2982 seruiat
1520 2915 1552 2980 in

323 3019 459 3087 Curzula
481 3021 520 3086 de
542 3023 611 3103 ipsa
633 3028 702 3088 arte
723 3023 867 3088 omnibus
890 3023 1111 3105 indigentibus.

365 3123 461 3193 Sexto
484 3132 706 3193 concesserunt
728 3133 761 3194 et
783 3127 940 3194 dederunt
963 3127 1064 3193 eidem
1087 3131 1242 3207 utsupra
1264 3125 1428 3207 stipulanti
1452 3125 1552 3192 libere

321 3229 408 3298 etin
430 3237 616 3313 perpetuum
638 3237 733 3313 prout
755 3237 789 3299 et
810 3233 891 3298 sicut
913 3232 975 3314 ipsi
995 3233 1145 3314 magistro
1167 3230 1283 3296 loanni
1304 3231 1337 3294 in
1360 3231 1429 3294 eius
1449 3231 1551 3312 primo

321 3335 539 3417 aduentuper
568 3335 670 3417 ipsum
701 3353 864 3403 commune
893 3337 1083 3420 promissum
1114 3335 1227 3416 extitit,
1258 3335 1361 3401 locum
1393 3335 1551 3402 cisternae

320 3439 408 3504 iuxta
430 3439 594 3506 ecclesiam
625 3439 726 3506 sancti
755 3441 917 3508 Michaelis
940 3447 972 3507 et
995 3441 1073 3506 alios
1096 3439 1185 3524 fines
1216 3440 1271 3506 ubi
1293 3438 1403 3506 ualeat
1425 3439 1552 3505 domum

321 3541 381 3609 sibi
403 3542 516 3622 facere,
546 3544 599 3609 nel
621 3543 817 3631 bottecbam3
849 3551 881 3612 et
902 3545 987 3610 ultra
1009 3543 1091 3610 banc
1114 3544 1244 3610 ducatos
1275 3543 1381 3610 decern
1407 3563 1445 3609 ex
1468 3561 1551 3610 com-

321 3647 406 3712 muni
428 3665 484 3728 pro
508 3653 595 3713 resto
618 3648 801 3714 ducatorum
824 3649 936 3731 uiginti
951 3649 1011 3714 sibi
1027 3651 1251 3730 promissorum
1264 3649 1298 3714 in
1313 3649 1381 3716 eius
1398 3648 1547 3728 aduentu,

326 3752 365 3816 de
389 3751 501 3833 quibus
524 3751 633 3818 decem
655 3752 717 3818 iam
739 3754 859 3835 recepit
882 3759 914 3820 et
936 3753 1055 3818 babuit.
1464 3741 1467 3744 ’

364 3855 503 3938 Septimo
527 3863 747 3942 concesserunt
770 3863 803 3924 et
826 3857 902 3923 dare
922 3859 1136 3940 promiserunt
1157 3857 1259 3924 eidem
1273 3857 1423 3940 magistro
1436 3856 1552 3923 Joanni

321 3957 485 4042 stipulanti
508 3965 630 4026 tantum
653 3961 692 4027 de
714 3962 883 4042 lignamine
913 3963 1018 4044 napini
1040 3963 1081 4028 ad
1103 3981 1258 4044 expensas
1285 3955 1458 4029 communis
1480 3980 1551 4030 con·

322 4063 407 4129 ducti
437 4065 470 4128 in
499 4063 635 4130 Curzula
663 4072 815 4147 quantum
846 4067 906 4132 sibi
936 4065 1070 4133 sufficiet
1098 4085 1156 4149 pro
1186 4071 1350 4132 manatura
1379 4065 1553 4148 pauimenti

322 4167 426 4234 dictae
456 4167 566 4235 domus
596 4174 628 4234 et
653 4189 710 4251 pro
741 4175 905 4236 traunturs
935 4173 1010 4237 tecti
1040 4171 1141 4254 ipsius
1172 4171 1292 4237 domus.
1323 4170 1550 4237 Promittantes

291 4327 297 4358 Α,
321 4271 396 4338 dicti
419 4271 562 4338 dominus
584 4291 697 4353 comcs,
714 4275 832 4341 iudices
856 4283 889 4340 et
910 4275 1031 4341 nobiles
1053 4275 1178 4340 nomine
1200 4275 1304 4342 meae
1319 4276 1551 4343 communitatis

322 4381 355 4443 et
376 4378 588 4443 uniuersitatis
611 4377 765 4444 Ourzulae
789 4380 872 4446 dicto
895 4379 1046 4462 magistro
1073 4379 1189 4446 Joanni
1211 4379 1377 4462 stipulanti
1397 4386 1435 4444 ut
1457 4399 1551 4462 supra

322 4499 379 4564 pro
393 4500 437 4560 se,
461 4483 587 4565 suisque
601 4483 768 4550 heredibus
783 4491 816 4550 ct
831 4486 1064 4565 succesoribus3
1087 4503 1124 4550 sc
1145 4485 1229 4550 idem
1245 4485 1396 4568 magister
1411 4485 1548 4552 loannes

323 4603 382 4668 per
405 4605 449 4667 se,
474 4605 610 4669 suosque
636 4587 770 4654 heredes
801 4577 848 4656 et¹
863 4608 1060 4658 successores
1084 4589 1175 4656 dietis
1191 4589 1317 4656 domino
1334 4589 1451 4670 comiti,
1475 4591 1549 4654 iudi-

319 4691 412 4759 cibus
442 4697 475 4762 et
504 4691 658 4760 nobilibus
692 4693 917 4776 stipulantibus
946 4699 979 4761 et
1008 4695 1232 4777 recipientibus
1267 4695 1392 4761 nomine
1423 4701 1457 4761 et
1484 4695 1549 4760 uice
