3416 5350
1368 477 1408 539 99

150 695 225 760 sue
251 681 338 760 curie
364 679 439 745 dicti
463 679 653 760 communis;
676 679 717 746 ad
740 679 808 763 hoc,
832 679 918 762 quod
941 681 1010 762 ipsa
1031 681 1114 746 bona
1129 680 1337 763 pignorentur
1360 681 1411 747 uel

149 783 348 850 alienentur
372 803 429 866 pro
452 783 590 850 utilitate
613 784 673 850 uel·
689 785 881 850 necessitate
906 783 1062 849 dictorum
1085 783 1286 866 pupillorum,
1312 783 1410 850 inrio-

148 904 282 968 sorum,
313 897 420 956 mente
444 894 619 970 captorum,
650 889 818 954 surdorum
841 896 874 955 et
897 895 1066 954 mutorum.
1107 888 1200 954 Etsi
1224 889 1318 954 aliter
1340 889 1412 970 ipse

149 990 268 1057 bonal
292 993 510 1074 pignorentur,
535 993 733 1072 alienentur,
767 993 818 1058 uel
843 993 949 1074 aliquo
972 991 1064 1058 titulo
1087 992 1118 1056 in
1142 991 1237 1057 aliurn
1262 991 1412 1060 transfer-

151 1101 291 1179 rentur,
316 1115 379 1162 non
402 1103 512 1163 teneat
535 1113 595 1163 nec
617 1095 725 1162 ualeat
748 1096 816 1177 ipso
840 1096 919 1162 iure.

244 1327 313 1370 ΟᾸΡ.
337 1326 422 1368 exn.
448 1327 531 1378 Quom
552 1326 652 1368 Pluma
676 1327 740 1370 NON
762 1328 866 1370 Possm
888 1327 1048 1370 ammana
1071 1327 1154 1370 Bona
1177 1327 1338 1370 FMOBUH.

215 1441 297 1508 ltem
321 1446 475 1508 statutum
499 1449 533 1508 et
555 1444 734 1509 ordinatum
759 1447 817 1522 est,
841 1443 926 1523 quod
950 1447 1040 1524 pater
1063 1461 1125 1508 non
1148 1443 1250 1523 possit
1273 1443 1413 1508 alienare

155 1545 255 1611 bona
284 1551 318 1611 et
347 1547 559 1628 proprietates
589 1547 743 1614 bonorum
776 1547 954 1625 stabilium,
987 1565 1049 1626 que
1082 1550 1243 1628 pertinent
1266 1547 1307 1612 ad
1331 1545 1414 1612 filios

159 1665 249 1716 suos
272 1668 311 1715 ex
333 1649 513 1716 hereditate
535 1649 657 1732 matris,
682 1650 734 1714 uel
759 1651 893 1715 aliorum
918 1650 1234 1732 consanguineorum,
1260 1649 1312 1714 uel
1336 1667 1414 1730 qua-

160 1769 309 1834 cumque
341 1753 381 1819 de
410 1771 507 1818 causa
537 1753 598 1834 ipsi
630 1752 684 1836 filij
716 1752 872 1820 habereut
894 1753 978 1820 bona
1001 1753 1144 1832 stabilia,
1175 1753 1242 1820 sine
1265 1771 1415 1834 expresso

160 1871 330 1921 consensu
353 1853 490 1920 filiorum
512 1873 659 1936 suornm;
684 1857 757 1921 dum
777 1862 884 1922 tamen
899 1855 993 1939 tilius,
1019 1857 1072 1938 qui
1090 1857 1284 1922 consentiret
1299 1857 1415 1922 aliena·

165 1959 265 2038 tioni,
296 1961 338 2025 sit
372 1960 474 2025 maior
507 1960 615 2026 decom
650 1967 684 2026 et
709 1967 785 2049 ¹octo
816 1961 916 2026 annis.
948 1960 989 2025 Et
1024 1959 1067 2026 si²
1103 1959 1186 2025 filius
1209 1965 1295 2026 esset
1316 1961 1418 2026 minor

163 2061 279 2144 xviij
305 2063 404 2142 annis,
429 2063 632 2130 nullomodo
656 2071 766 2130 teneat
789 2064 944 2131 confessio
969 2065 1036 2129 eius
1059 2063 1091 2128 in
1115 2063 1199 2128 dictu
1215 2064 1414 2143 alienatione,

169 2165 272 2231 etiam
303 2166 329 2231 si
353 2165 562 2233 iuramentum
586 2167 626 2232 ad
650 2168 710 2234 hoc
732 2173 908 2250 prestaret:
945 2167 1002 2233 sed
1025 2168 1052 2233 si
1074 2172 1162 2232 esset
1184 2167 1285 2232 maior
1307 2166 1413 2251 xviij

168 2269 266 2334 annis
290 2275 323 2334 et
346 2271 524 2336 consentiat
546 2271 615 2352 ipse
640 2271 832 2356 alienationi,
864 2277 1045 2338 contractus
1070 2272 1177 2336 ualeat
1200 2275 1233 2336 et
1254 2275 1363 2337 teneat
1385 2271 1418 2335 in

170 2378 335 2452 eternum.

221 2475 377 2542 Similiter
398 2477 431 2542 in
454 2484 555 2544 matre
578 2479 618 2544 de
641 2481 733 2544 bonis
749 2480 890 2561 paternis
907 2480 989 2545 idem
1006 2479 1173 2544 statuimus
1196 2484 1230 2545 et
1246 2495 1420 2544 censemus.

253 2705 322 2748 CAP.
346 2705 446 2750 mxxu.
470 2709 512 2750 DE
534 2709 667 2753 normes
691 2711 730 2752 ΕΤ
753 2709 844 2753 Bolus
868 2709 1036 2753 nnuman
1059 2709 1123 2752 NON
1147 2707 1348 2750 manaams.

222 2837 303 2903 ltem
327 2838 484 2903 statutum
502 2835 536 2894 et
552 2827 732 2894 ordinatum
748 2831 807 2906 est,
832 2825 916 2907 quod
933 2831 1099 2890 constante
1115 2824 1314 2890 matrimonio
1331 2823 1424 2889 dotes

176 2945 212 3007 et
233 2939 320 3006 bona
343 2938 471 3006 stabilia
493 2931 659 2998 mulierum
683 2929 768 2994 nullo
790 2931 882 2996 modo
906 2931 1030 3010 possint
1046 2928 1177 2993 alienari
1195 2947 1251 3009 per·
1267 2927 1423 3005 maritum,

173 3063 280 3126 neque
303 3063 361 3126 per
384 3057 522 3118 uxorem,
545 3053 648 3116 neque
673 3053 729 3114 per
753 3039 930 3113 utrumque,
967 3032 1062 3096 etiam
1087 3031 1113 3096 si
1138 3031 1304 3110 utriusque
1327 3031 1425 3094 inter·

176 3148 306 3213 uenerit
329 3148 549 3220 iuramentum,
584 3139 659 3219 quia
681 3137 842 3218 publicum
864 3135 942 3200 utile
967 3135 1042 3217 est³,
1075 3154 1114 3199 ne
1146 3134 1295 3200 mulieres
1322 3152 1424 3198 rema·

176 3257 277 3319 neaut
299 3251 453 3328 indotate,
478 3252 511 3313 et
534 3243 562 3309 si
585 3241 773 3309 deueneriut
795 3241 827 3305 iu
851 3245 1090 3322 paupertatem,
1122 3239 1235 3305 leuiter
1264 3238 1297 3302 in
1321 3237 1424 3302 anime

177 3365 215 3424 et
238 3359 269 3421 iu
295 3373 427 3436 corpore
451 3353 584 3434 possent
606 3349 751 3411 ineurere
774 3343 948 3426 pericnlum
972 3353 1005 3409 et
1028 3347 1200 3424 peccatum.

226 3459 378 3525 Similiter
408 3457 503 3522 etiam
535 3453 702 3518 statuimus
726 3455 759 3513 et
782 3448 980 3524 ordinamus,
1015 3447 1099 3528 quod
1130 3465 1207 3511 uxor
1229 3465 1286 3526 pro
1310 3445 1425 3510 marito

179 3581 245 3630 nou
275 3563 379 3644 possit
410 3579 445 3625 se
477 3557 638 3640 obligare,
668 3571 728 3618 nec
750 3553 834 3618 bona
857 3569 933 3629 sua,
965 3569 1025 3616 nec
1048 3551 1148 3630 possit
1170 3547 1343 3614 fideiubere
1366 3563 1424 3628 pro

179 3667 315 3747 marito,
351 3684 409 3731 neo
432 3682 491 3746 pro
515 3661 622 3741 aliqua
645 3675 790 3739 persona,
815 3655 929 3720 etiam⁴
952 3653 977 3718 si
1002 3653 1194 3718 interueniat
1214 3654 1424 3716 iuramentum

178 3770 340 3848 mulieris3
367 3773 400 3833 et
423 3769 449 3832 si
473 3759 702 3842 contrafieren,
726 3761 794 3840 ipso
818 3757 887 3824 iure
910 3775 973 3823 non
989 3756 1122 3834 ualeat⁶,
1147 3756 1205 3821 sub
1227 3771 1425 3836 quacumque

180 3874 285 3941 forma
301 3871 396 3939 fieret
419 3873 600 3936 contractus
624 3864 675 3929 uel
699 3863 794 3931 etiarn
818 3861 989 3943 obligatio,
1013 3879 1082 3924 curn
1099 3860 1249 3924 iniustum
1266 3859 1317 3936 sit,
1342 3856 1427 3938 quod

178 3977 328 4043 mulieres
360 3993 418 4057 pro
452 3971 564 4038 alienis
595 3968 731 4050 negotijs
761 3985 796 4032 se
828 3965 966 4031 debeant
996 3963 1154 4044 obligare,
1189 3963 1263 4044 quia
1295 3967 1428 4044 propter

178 4081 387 4162 fragilitatem
422 4083 534 4156 nature
565 4074 733 4138 mulierum
764 4071 831 4152 ipse
863 4069 1012 4134 mulieres
1046 4069 1108 4132 cito
1141 4071 1273 4148 proptor
1307 4063 1426 4132 alienas

185 4185 398 4268 obligationes
421 4183 460 4248 ad
485 4179 642 4246 miseriem
666 4183 699 4242 et
719 4177 939 4257 paupertatem
963 4170 1098 4237 faciliter
1121 4171 1334 4252 peruenirent.

225 4288 375 4371 Exceptis
408 4285 534 4352 casibus
564 4279 791 4363 infrascriptis
824 4277 994 4358 inquibus
1026 4275 1139 4340 mulier
1162 4274 1264 4356 possit
1286 4272 1426 4338 alienare

229 4479 240 4516 ¹
262 4483 354 4542 Deest
377 4497 425 4555 up.
450 4478 559 4554 Ljub.
630 4471 643 4508 ⁹
666 4475 756 4532 Deest
778 4473 807 4529 in
831 4471 908 4530 cod.
932 4470 1038 4530 acad.
1062 4469 1097 4527 Α.
1171 4465 1293 4526 ³Ood.
1318 4465 1426 4524 acad.

181 4571 208 4630 B
242 4573 272 4628 et
306 4585 356 4642 ap.
392 4565 519 4640 Ljnb.:
558 4562 693 4639 ,publice
735 4557 867 4616 utilitatis
902 4550 977 4616 est“.
1060 4553 1071 4586 ⁴
1101 4554 1155 4629 Ap.
1182 4553 1310 4628 Ljub.:
1350 4551 1427 4626 „et“.

185 4653 199 4690 ⁶
232 4653 320 4716 eod.
354 4651 463 4711 acad,
499 4652 523 4708 B
559 4653 588 4707 et
618 4665 666 4722 ap.
699 4645 821 4720 lrjub.:
856 4647 904 4726 „et
934 4644 957 4702 si
990 4659 1046 4720 qua
1078 4633 1211 4701 tierent“.
1285 4636 1429 4696 libio:

184 4739 357 4822 ,ualeant“‚
1308 4822 1327 4856 a
