3434 5368
291 397 355 466 ΧΠ

333 608 395 690 (nd
409 606 494 691 111.)
511 608 784 677 Reformationnm
802 610 997 677 collectionis
1009 614 1137 691 practer
1147 609 1314 674 nonnullas
1330 609 1529 691 nuperrime,

291 731 330 780 ex
352 713 490 779 editione
520 713 644 782 Veneta
669 723 705 781 ut
734 716 879 797 equidem
908 721 1003 798 puto,
1026 711 1129 779 lactas
1153 713 1379 795 descriptiones
1402 713 1535 796 singula

291 819 507 885 tantummodo
518 820 633 886 cadius
642 821 835 888 membranei
844 820 1048 901 manuscripti
1059 819 1236 903 fragmenta
1246 818 1400 884 Ournulae
1409 820 1529 884 inveni.

336 920 419 987 Sunt
440 928 546 989 autem
569 925 600 988 in
623 923 698 990 lolio
720 926 837 1006 scripta
860 943 954 990 manu
978 924 1092 1008 lepida,
1116 923 1250 989 literulis
1273 923 1368 987 clarIs
1385 931 1418 989 et
1439 941 1530 988 com-

291 1027 414 1109 positis,
430 1027 563 1109 singulis
577 1029 721 1095 versibus
736 1029 828 1096 lineis
842 1029 1007 1096 distinctis.
1033 1029 1259 1110 Inscriptiones
1275 1027 1413 1109 capitum
1427 1027 1530 1094 rnbro

290 1130 396 1198 colore
418 1137 493 1198 sunt
521 1133 642 1215 pictae,
673 1133 768 1198 nullis
799 1139 905 1199 autem
936 1135 1073 1200 uumerIs
1105 1133 1256 1218 signatae.
1292 1131 1443 1215 Magnas,
1466 1151 1530 1215 per

292 1241 429 1318 quatuor
463 1255 573 1304 uersus
609 1257 644 1304 se
675 1238 883 1304 extendentes
914 1239 1023 1304 literas
1055 1239 1191 1319 capItum
1223 1236 1360 1302 initiales
1391 1236 1532 1320 scriptor

291 1341 437 1408 caeruleo
459 1359 497 1406 ec
520 1341 615 1407 rubro
639 1343 743 1410 colore
766 1342 895 1425 pulchre
918 1345 1092 1408 exornant.
1117 1342 1209 1407 llatio
1231 1341 1388 1408 scribendi
1409 1341 1524 1407 eadem

291 1443 441 1524 iereest,
465 1447 601 1528 quaein
624 1448 731 1514 codice
757 1447 833 1532 Cup.

337 1550 529 1634 Fragmenta
550 1551 630 1618 baec
652 1554 732 1617 tanti
754 1552 847 1618 modo
878 1551 971 1634 pretii
1003 1551 1078 1616 mihi
1101 1569 1170 1617 esse
1194 1551 1353 1630 uidentur,
1378 1550 1461 1633 quod
1484 1569 1527 1616 ex

294 1654 342 1734 iis,
366 1672 435 1721 cum
459 1655 543 1721 haud
566 1657 665 1722 multo
689 1663 762 1739 post
784 1657 851 1722 cod.
879 1656 953 1741 Cup.
978 1675 1054 1740 ergo
1076 1657 1272 1722 alterosaec.
1297 1655 1366 1720 XV.
1394 1655 1526 1722 dimidio

292 1761 471 1842 conscripta
493 1761 564 1846 sint,
588 1761 855 1829 ReformatIonum
880 1761 1096 1828 collectionem
1116 1759 1267 1842 Stephani
1284 1760 1391 1844 Magni
1404 1761 1527 1826 comitis

292 1866 487 1947 temporibus
510 1864 667 1932 adfinem
690 1867 876 1948 perductam
899 1886 970 1932 esse
993 1868 1071 1932 satta
1095 1867 1199 1932 lucide
1222 1871 1363 1948 apparet

335 1969 471 2036 Ratione
493 1969 603 2036 habita
625 1989 742 2052 conum,
767 1972 850 2054 quod
873 1971 1050 2052 fragmenta
1071 1971 1151 2036 haec
1181 1988 1298 2052 paucas
1327 1970 1447 2051 aliquot
1473 1988 1525 2035 re-

291 2073 497 2140 formationes
527 2093 570 2140 sc,
601 2075 696 2140 finem
727 2095 794 2158 cap.
827 2075 940 2141 CVIII.
965 2082 1061 2157 atque
1088 2094 1177 2158 capp.
1202 2074 1443 2141 CIX—CXVI.
1473 2073 1524 2139 ed.

293 2185 422 2246 nostrae
445 2180 615 2265 continent,
640 2180 679 2244 ab
703 2180 842 2246 edicione
864 2187 969 2245 autem
992 2181 1117 2246 Veneta
1139 2179 1332 2246 nullomodo
1349 2178 1525 2258 differrant,

293 2283 462 2350 editionem
485 2289 685 2366 praesentem
708 2284 878 2350 secundum
903 2285 1072 2351 editionem
1094 2283 1239 2350 Venetiis
1261 2283 1325 2348 iam
1339 2282 1455 2348 factam
1477 2284 1525 2348 in-

295 2389 406 2464 struxi,
428 2387 490 2454 boc
512 2387 612 2454 solum
637 2389 816 2454 discrimine
838 2388 1035 2470 interposito,
1059 2395 1096 2452 ut
1117 2388 1149 2452 in
1172 2388 1356 2453 collectione
1372 2386 1525 2452 reforma-

293 2491 413 2557 tinnum
437 2511 504 2574 cap.
522 2490 585 2558 CC.
602 2491 747 2558 ultimum
763 2494 932 2577 posuerim,
950 2495 1023 2574 quia
1039 2493 1098 2558 hoc
1114 2499 1209 2574 caput
1223 2492 1367 2556 ultimum
1383 2498 1527 2574 tempore

294 2594 447 2677 Stephani
462 2595 714 2680 Magnlcomitis
731 2599 819 2681 cujus
832 2599 923 2680 Jussu
936 2597 1078 2663 collectio
1093 2596 1149 2661 illa
1164 2596 1248 2662 facte
1263 2602 1321 2675 est,
1339 2601 1527 2678 conceptum

295 2719 366 2766 ease
389 2701 523 2766 videtur.

336 2802 400 2871 Sed
423 2823 494 2870 cum
516 2803 772 2872 Reformationes
797 2804 980 2872 Communis
1002 2805 1158 2872 Gurzulae
1174 2823 1401 2888 saepenumero
1418 2804 1526 2871 Statu-

291 2913 359 2974 tum
382 2915 473 2976 uetus
496 2909 676 2993 respiciant,
700 2911 858 2992 quomodo
882 2911 1025 2994 singulae
1049 2929 1157 2976 eurum
1181 2911 1394 2977 ordinationes
1410 2929 1444 2976 se
1459 2929 1528 2976 rno-

292 3011 430 3100 difieent,
453 3015 621 3097 suppleant
643 3016 693 3082 vel
717 3019 843 3082 omnino
871 3015 954 3081 inter
983 3034 1018 3082 se
1041 3015 1243 3094 cohaereant,
1271 3015 1527 3082 adnotationibus

293 3119 484 3186 adumbrare
506 3119 621 3185 studui.

336 3261 379 3271 —
395 3222 487 3302 Quod
503 3230 608 3292 autem
626 3225 666 3290 ad
682 3225 850 3291 editIonem
871 3224 1068 3292 Statutorum
1085 3232 1118 3291 et
1133 3221 1413 3302 Reformationum
1431 3243 1528 3306 supra

290 3327 353 3393 iam
369 3335 655 3408 commemoratam,
673 3331 796 3409 attInet,
814 3331 1009 3397 occasIonem
1026 3350 1083 3396 seu
1099 3349 1227 3396 causam
1243 3329 1272 3395 ei
1289 3329 1378 3395 dedit
1391 3347 1529 3412 sequeus
1625 3388 1629 3392 .

292 3432 449 3529 generalis
472 3433 682 3516 proveditoris
705 3435 883 3501 Delmatiae
898 3441 931 3502 et
946 3435 1098 3502 Albaniae
1114 3435 1262 3518 provisio,
1287 3452 1382 3516 quam
1404 3436 1436 3500 in
1458 3435 1529 3518 ipsa

293 3537 434 3604 editione
456 3539 556 3620 pulmo
578 3539 647 3605 loco
670 3539 818 3622 legimus:

307 3701 310 3710 ,
338 3640 420 3724 ,Not
445 3641 522 3706 Gio:
546 3641 682 3708 ButtIsta
709 3643 856 3706 Grimnui
875 3665 932 3728 per
955 3643 987 3708 la
1009 3645 1151 3709 sereniss.
1170 3645 1228 3729 sip.
1253 3643 1288 3707 di
1315 3641 1450 3726 Venetia,
1474 3651 1529 3710 cte.

292 3745 474 3830 proceditur·
493 3748 636 3831 pcnerulo
659 3749 692 3811 bt
715 3745 878 3812 Delmatia
901 3757 928 3812 ct
951 3747 1098 3812 Albanio.
1353 3812 1357 3824 ,

335 3849 362 3914 Il
385 3855 504 3916 statuto
521 3851 604 3918 delle
620 3851 703 3935 leggi
724 3851 900 3932 muntcipali
917 3852 1002 3919 della
1017 3853 1094 3918 cittb
1109 3852 1141 3916 di
1158 3851 1293 3918 Curzola
1309 3853 1529 3919 attrouandosi

291 3955 494 4022 manuscritto
512 3974 601 4021 corre
618 3956 732 4022 rischIo
755 3957 910 4034 euidentc,
936 3956 992 4022 che
1015 3957 1164 4022 smarisca
1186 3961 1205 4021 h
1228 3957 1417 4040 pregiuditio
1444 3957 1527 4038 degl’

288 4060 435 4126 interessi
448 4060 479 4124 di
492 4059 586 4142 quell‘
600 4059 766 4139 habitanti,
792 4061 813 4124 il
830 4061 887 4126 ebe
904 4061 1037 4126 volendo
1054 4063 1105 4128 noi
1122 4061 1274 4126 diuertire
1290 4061 1359 4126 eoll'
1374 4061 1530 4142 essempio

290 4164 364 4230 dell’
376 4163 457 4230 altre
480 4165 556 4230 cittt
579 4164 664 4230 della
685 4165 854 4248 prouIncie‚
880 4166 1080 4230 terminiomo
1104 4165 1173 4231 coll'
1187 4167 1340 4231 suttoritt
1363 4165 1414 4230 dal
1436 4183 1531 4249 gene·

292 4269 392 4334 relato
416 4272 534 4344 nostro,
560 4269 617 4334 che
645 4269 665 4334 li
694 4268 811 4350 signori
842 4269 957 4352 giudici
981 4269 1013 4335 di
1037 4269 1142 4351 quella
1172 4267 1340 4353 magnifica
1369 4271 1529 4334 remunito

293 4378 326 4438 et
348 4373 419 4439 altri
441 4376 462 4438 a
484 4373 534 4438 chi
556 4373 698 4438 iucombe
730 4373 874 4440 debbano
906 4373 958 4438 uel
989 4375 1123 4439 termine
1152 4373 1183 4440 di
1206 4373 1283 4438 mesi
1307 4377 1356 4439 tre
1380 4373 1528 4456 prossimi

295 4477 395 4542 bauer·
417 4476 497 4543 latto
522 4483 661 4560 stampas
684 4497 755 4544 esso
779 4483 898 4543 statuto
922 4483 942 4543 t
964 4498 1055 4559 spese
1086 4481 1163 4560 perd
1195 4477 1277 4543 della
1308 4479 1474 4556 comunitb,
1499 4479 1531 4545 le

297 4581 382 4664 quali
406 4583 587 4651 douerauuo
612 4603 700 4649 esser·
730 4583 879 4664 preterito
911 4583 995 4650 nella
1025 4581 1245 4648 sodisfattione
1274 4603 1293 4646 a
1322 4583 1532 4666 qualsinoglia

297 4686 377 4754 altro
402 4689 567 4769 creditore,
591 4692 610 4754 b
633 4689 840 4769 beneficiato,
865 4695 897 4754 ct
920 4690 1037 4756 iucaso
1062 4686 1340 4768 d'inuobedienza‚
1363 4687 1490 4770 pessino
1507 4688 1529 4752 li
