3398 5354
342 541 403 606 180

335 744 376 810 ab
399 743 504 825 aliquo
527 749 678 811 extraneo
702 745 785 826 dicte
809 744 955 824 ciuitatis,
978 761 1035 810 seo
1058 743 1100 809 ab
1131 744 1242 824 aliquo
1265 743 1391 812 domino
1415 743 1564 828 spirituali

334 847 387 912 uel
410 850 585 930 temporali,
615 869 671 915 seu
694 849 906 915 ecclesiastico
930 848 982 914 uel
1004 848 1149 932 seculari,
1182 867 1241 930 per
1269 867 1365 931 quam
1395 855 1486 932 petat
1506 849 1559 913 sibi

334 951 471 1034 aliquam
495 955 713 1020 remissionem
737 953 789 1018 uel
812 954 945 1035 gratiam
968 951 1047 1032 fieri,
1067 970 1128 1035 que
1145 960 1253 1034 posset
1268 971 1340 1019 esse
1355 953 1386 1018 in
1405 953 1563 1018 damnum¹

335 1065 368 1121 et
390 1057 592 1138 preluditium
615 1059 846 1124 communitatis
870 1055 1000 1140 Spalati‚
1025 1076 1080 1122 seu
1106 1055 1153 1119 in’
1176 1058 1368 1138 uituperium
1392 1058 1562 1140 potestatis,

337 1162 389 1240 qui
414 1179 471 1242 pro
494 1167 636 1242 tempora
658 1160 755 1227 fuerit
777 1162 809 1225 in
832 1161 961 1226 ciuitate
979 1160 1153 1244 predicta³;
1176 1161 1336 1245 uidelicet,
1360 1161 1446 1244 qood
1461 1167 1564 1227 contra

334 1282 406 1330 eum
430 1283 492 1330 oon
514 1266 704 1346 procedatur
727 1267 892 1332 occasione
915 1265 1047 1331 alicuius
1070 1262 1214 1346 maleficij
1231 1285 1291 1348 per
1306 1285 1379 1332 eum
1403 1265 1562 1342 commissi,

335 1368 387 1434 uel
418 1368 503 1450 quod
537 1369 596 1435 sibi
632 1370 738 1450 aliqua
772 1370 1008 1436 condemnatio¹
1042 1375 1232 1449 cassaretur,
1268 1370 1320 1436 uel
1353 1371 1563 1437 remitteretur

337 1479 448 1538 contra
470 1492 551 1550 eum,
575 1473 626 1540 uel
650 1481 760 1539 contro
783 1474 919 1556 aliquem
944 1493 1035 1538 suum
1059 1475 1326 1555 consanguineum
1350 1493 1411 1540 non
1436 1473 1500 1539 fiat
1524 1473 1564 1538 Et

336 1577 388 1659 qui
423 1577 653 1658 contrafecerit
685 1579 717 1642 in
748 1578 877 1660 duplum
909 1578 1148 1645 condemnetur¹
1180 1579 1219 1645 de
1249 1599 1298 1664 eo,
1329 1581 1414 1662 quod
1437 1579 1564 1644 deberet

335 1681 561 1759 condemnarit
586 1683 639 1748 uel
662 1683 701 1748 de
725 1682 779 1748 illa
801 1683 1090 1763 condemnationen
1119 1701 1212 1764 quam
1235 1683 1415 1766 peteretur⁸
1438 1682 1559 1750 remitti

377 1785 421 1851 Et
443 1786 470 1852 si
491 1791 645 1868 potestas,
669 1787 723 1868 qui
745 1805 803 1869 pro
825 1793 971 1869 tempore
992 1785 1098 1867 luerit,
1122 1787 1282 1869 predictas
1304 1788 1428 1854 litteras
1448 1787 1480 1852 in
1495 1804 1562 1854 con·
1671 1869 1672 1883 ἵ

337 1890 407 1956 silio
430 1890 560 1972 legeret,
585 1891 637 1957 uel
659 1890 721 1972 legi
743 1888 872 1968 faceret,
896 1899 953 1956 aut
975 1891 1034 1957 sibi
1057 1889 1190 1970 lauerat
1214 1899 1270 1958 aut
1291 1892 1410 1974 aliquid
1434 1891 1474 1957 de
1494 1907 1561 1973 prq-

335 1993 427 2061 dictis
449 2001 652 2077 proponeret,
680 1995 785 2062 soluat
806 1996 961 2062 communi
984 1995 1025 2060 de
1048 2013 1106 2060 suo
1130 1995 1245 2062 salario
1267 2002 1393 2062 centum
1415 1995 1511 2062 libras
1532 2003 1562 2059 et
1672 2053 1673 2069 ,

334 2095 526 2178 reformatio,
550 2116 612 2180 que
636 2117 731 2181 super
754 2099 814 2164 hoc
836 2097 937 2178 fieret,
961 2099 1080 2164 nullam
1103 2099 1244 2166 obtineat
1264 2098 1466 2167 firmitatemr.

503 2345 570 2389 (ΝΡ.
594 2345 633 2389 ot.
658 2345 740 2398 QUOD
763 2346 885 2389 numus
907 2347 1069 2390 mumma
1092 2347 1230 2390 anema
1252 2347 1399 2391 commu.

376 2459 456 2525 Item
473 2465 629 2526 statutum
645 2467 678 2527 et
693 2461 871 2527 ordinatum
892 2467 951 2546 est,
976 2462 1060 2544 qood
1079 2463 1106 2528 ai
1126 2463 1195 2545 quis
1220 2481 1315 2530 ausus
1331 2461 1428 2530 fuerit
1442 2467 1558 2529 secreta
1673 2523 1674 2538 2

337 2565 458 2648 consillj
483 2565 535 2630 uel
559 2567 743 2644 sententias,
767 2567 949 2648 priusquam
974 2567 1097 2648 prolate
1121 2573 1235 2652 essent,
1259 2567 1421 2649 publicare
1445 2567 1496 2631 uel
1510 2565 1559 2630 ali·
1669 2589 1674 2669 .¹

336 2669 421 2751 quod
450 2685 608 2736 secretum
639 2671 758 2754 consilij
791 2689 848 2752 per
882 2677 1074 2754 potestatem
1108 2671 1161 2737 uel
1196 2678 1353 2738 rectorem
1386 2671 1559 2754 impositum
1671 2676 1672 2699 ¹

333 2773 426 2839 aliem
449 2774 602 2858 pandere,
634 2774 686 2840 uel
709 2775 882 2854 reuellare;
912 2781 1089 2857 potestates
1112 2783 1145 2844 et
1166 2783 1307 2842 rectores
1331 2778 1397 2842 sint
1419 2773 1560 2842 districti⁸

335 2876 460 2944 uinculo
485 2879 673 2946 sacramenti
694 2878 799 2946 lacere
822 2897 919 2962 super
940 2880 1000 2946 hoc
1031 2880 1214 2964 diligentem
1236 2887 1271 2946 et
1292 2881 1446 2947 solicitam
1467 2879 1559 2960 inqui·

334 2981 488 3049 sitionem.
523 2983 568 3048 Et
598 2983 653 3064 qui
681 2983 830 3050 iuuentus
853 2983 983 3049 larem't1¹
1002 2983 1169 3066 culpabilis
1198 2986 1231 3048 in
1260 2985 1422 3066 predictis,
1455 2984 1506 3048 uel
1532 2983 1559 3046 in
1672 3009 1674 3022 >

333 3085 439 3168 aliquo
464 3087 688 3170 predictorum,
712 3088 817 3154 soluat
839 3091 995 3154 communi
1018 3089 1180 3156 duodecim
1204 3089 1301 3155 libras
1321 3093 1355 3156 et
1369 3090 1411 3154 sit
1424 3089 1559 3171 priuatus

333 3199 475 3274 tempore
499 3192 616 3257 illius¹¹
639 3195 771 3258 rectoris
794 3193 834 3259 ab
858 3191 958 3259 ollitio
982 3195 1088 3275 curiq3
1112 3201 1146 3258 et
1160 3193 1348 3275 quicumque
1373 3193 1413 3260 de
1433 3192 1492 3259 hoc
1512 3210 1556 3258 ac-

333 3297 505 3378 cusarent,
527 3297 580 3364 uel
604 3297 846 3378 denuntiauerit„
871 3297 988 3366 habeat
1009 3299 1073 3362 xl·
1097 3298 1204 3365 soldos
1228 3305 1260 3365 et
1281 3303 1428 3364 teneatur
1449 3299 1482 3363 in
1496 3315 1557 3362 cre·
1672 3387 1673 3390 Ἴ

334 3399 451 3467 dentia.

378 3505 439 3586 Qui
461 3512 568 3573 autem
591 3508 797 3574 reuellauen't
815 3509 944 3592 aliquod
960 3515 1118 3576 secretum
1133 3515 1244 3576 contra
1259 3527 1420 3575 commune
1435 3505 1559 3590 spalat,

333 3611 402 3678 siue
421 3617 563 3694 tempore
578 3631 702 3696 guerre,
724 3615 792 3681 siue
810 3621 953 3695 tempore
967 3614 1063 3698 pacis,
1079 3615 1249 3697 potestatis
1265 3615 1396 3682 arbitrio
1410 3615 1558 3696 puniatur,
1672 3669 1673 3678 a

334 3715 479 3798 inspecta
501 3723 608 3785 autem
631 3719 811 3786 conditione
835 3737 970 3802 persone
993 3721 1203 3802 etqualitate
1226 3718 1313 3786 facti.

633 3968 699 4012 ΟΔΡ.
725 3969 777 4012 011.
802 3970 844 4011 DE
866 3969 1085 4014 mammona
1107 3970 1270 4012 numum

375 4081 456 4148 ltem
486 4090 640 4150 statutum
672 4093 705 4153 et
732 4088 914 4153 ordinatum
945 4095 1004 4166 est,
1039 4086 1173 4168 quodsi
1196 4085 1365 4168 aliquisin
1389 4089 1553 4152 suotasta·

332 4195 450 4267 mento,
483 4189 534 4254 uel
558 4189 669 4256 ultima
692 4191 857 4258 uoluntate
879 4193 1025 4272 instituit,
1058 4191 1111 4256 uel
1132 4189 1241 4256 fecit¹¹
1263 4189 1362 4256 lilium
1387 4209 1483 4271 suum,
1511 4186 1555 4252 uel
1671 4215 1672 4224 1

380 4379 493 4446 ¹Ood.
510 4385 615 4445 acad.
632 4386 673 4445 B:
691 4385 900 4467 „dampnum“.
949 4383 1030 4463 ¹Ap.
1047 4387 1072 4446 L
1077 4386 1172 4463 jub.:
1191 4381 1390 4470 „posterum“.
1441 4381 1554 4446 ¹ibid.:

333 4469 495 4552 ,Spalati“.
556 4469 677 4532 ‘Ood
701 4472 809 4532 acad.
827 4473 868 4534 B:
895 4473 1167 4550 „condempnatio“.
1227 4471 1371 4535 ¹ibld.:
1397 4473 1555 4549 „condemp

328 4554 443 4616 netnr“.
536 4555 688 4618 ¹ibid:
722 4555 977 4636 „condempnari“.
1070 4558 1224 4621 litia:
1257 4548 1553 4638 „condempnationo“.
1670 4569 1671 4590 ¹

333 4638 423 4718 “Ap
447 4643 473 4702 L
477 4643 574 4718 jub.:
599 4641 763 4724 „peterat“.
825 4643 837 4680 ⁹
862 4647 971 4709 ibid:
999 4651 1149 4722 „potestas
1164 4652 1194 4706 et
1208 4652 1304 4707 rector
1326 4651 1365 4706 slt
1386 4641 1553 4706 restricted.

337 4724 365 4761 ¹⁰
387 4728 498 4790 ibid:
526 4747 632 4807 „super
653 4731 740 4792 hoc“.
807 4729 833 4766 ¹¹
856 4733 966 4794 ibid:
990 4733 1133 4816 „ipsius“.
1198 4729 1226 4767 ¹¹
1247 4733 1359 4794 ibid:
1385 4729 1553 4810 „mutuant

333 4815 381 4872 uel
404 4811 537 4874 lecerit“.
