3388 5356
372 444 437 512 284

375 653 455 720 61661
461 675 513 720 um
536 675 643 734 capsae
658 661 870 720 communitatis
885 677 943 720 nna
958 659 1058 720 stetin
1073 657 1207 718 manibus
1221 657 1343 736 comitis
1360 657 1419 717 alia
1433 657 1463 717 iu
1476 655 1606 718 manibus
1677 615 1679 668 ³

463 745 571 822 judicis
587 747 707 806 senioris
723 753 752 807 ct
766 748 852 807 tertia
867 749 895 806 in
910 748 1043 808 manibus
1058 745 1217 804 camerarii.
1262 763 1292 820 p.
1310 747 1382 806 256.

375 828 568 894 6115666νὶ66
583 852 639 893 666
655 835 800 910 accipiant
814 833 869 894 nisi
887 835 923 895 de
939 853 998 894 xxx
1013 851 1109 892 nurrm.
1155 849 1184 908 p.
1203 835 1252 892 89.

374 915 616 982 coadunationes
631 938 687 980 non
707 921 778 982 liant
792 922 820 980 iu
837 923 954 983 civitate
969 925 999 982 et
1013 921 1108 980 insuda
1123 919 1186 980 sinc
1201 936 1339 994 expressa
1355 919 1471 978 licentia
1485 917 1605 978 comitia

374 1089 622 1172 coadunationes,
639 1113 696 1170 quc
711 1096 768 1155 sint
783 1096 954 1173 prohibitae,
972 1097 1145 1156 declaratur.
1190 1112 1219 1171 p.
1239 1095 1309 1154 162.
1326 1109 1371 1168 sq.

373 1177 499 1243 collecto
519 1200 576 1242 non
591 1181 651 1261 fiat,
667 1183 722 1242 nisi
737 1201 791 1260 pro
806 1183 968 1260 supplendo
983 1183 1091 1242 salario
1106 1181 1227 1260 comitis,
1244 1181 1360 1256 quaudo
1372 1179 1453 1240 datia
1467 1180 1604 1255 deputata

462 1287 518 1328 non
534 1271 677 1346 supplent.
724 1287 752 1347 p.
772 1274 841 1332 163.
860 1273 930 1332 166.
948 1287 992 1345 sq.

373 1351 495 1417 collecto
517 1357 690 1432 imponenda
705 1375 769 1416 cum
784 1359 961 1434 aequalitate
973 1359 1060 1434 Juxta
1074 1357 1214 1430 cuiusque
1229 1355 1315 1415 vires.
1361 1371 1389 1430 p.
1407 1355 1481 1414 225.
1496 1370 1542 1427 eq

374 1441 492 1504 comitio
513 1445 624 1504 electio.
670 1465 698 1528 p.
718 1447 788 1504 141.

376 1527 495 1590 comitio
517 1529 619 1590 electio
634 1535 663 1590 61
678 1531 856 1591 confirmatio
872 1533 910 1591 ad
925 1533 998 1592 duos
1013 1549 1113 1591 annos.
1159 1547 1187 1604 p.
1207 1531 1276 1588 143.

376 1611 472 1676 comes
497 1617 646 1693 eligendus
662 1636 714 1694 per
728 1619 824 1694 maius
840 1619 997 1678 consilinm.
1043 1636 1072 1693 p.
1097 1619 1168 1677 196.

375 1701 493 1764 cornilio
515 1705 617 1764 electio
633 1703 684 1764 liat
699 1725 717 1765 a
732 1706 893 1786 nobilibns3
918 1707 969 1766 sed
984 1705 1009 1764 si
1024 1723 1080 1764 non
1096 1704 1205 1782 fecerit,
1222 1703 1301 1777 qnod
1311 1703 1425 1779 justum
1440 1709 1494 1781 eat,
1511 1703 1605 1778 appel·

459 1792 529 1850 latio
544 1809 658 1866 semper
673 1794 710 1852 sit
725 1797 837 1868 parata.
882 1811 911 1870 p.
931 1795 1000 1852 159.

375 1891 470 1938 corneo
493 1879 617 1953 eligatur
632 1879 668 1938 de
684 1897 803 1939 numero
816 1881 955 1940 nobilium
971 1879 1155 1939 Venetorum.
1200 1895 1229 1954 p.
1249 1880 1319 1938 173.

375 1962 492 2025 comitio
515 1967 661 2026 salarium.
708 1984 736 2042 p.
756 1971 803 2027 71.
822 1985 866 2042 eq.

375 2047 492 2113 cornilio
514 2051 656 2113 introitus.
702 2073 729 2130 p.
749 2057 799 2115 99.

375 2153 471 2198 comeo
494 2139 583 2215 eliget
594 2139 708 2214 judices
724 2147 753 2200 et
768 2141 955 2202 consiliarios
1002 2159 1030 2216 p.
1049 2142 1098 2200 12.
1116 2142 1166 2200 32.

375 2241 470 2285 comes
485 2243 549 2284 cnm
558 2227 706 2301 judicibus
719 2229 876 2304 majoribus
889 2229 978 2304 eligat
990 2228 1089 2287 decem
1101 2227 1212 2286 nobiles
1223 2225 1414 2302 sapientiores
1426 2241 1492 2284 eun
1503 2223 1605 2298 quibua

462 2313 614 2387 provideat
629 2332 681 2389 pro
700 2317 775 2375 bono
791 2315 940 2376 Ournrrlac.
986 2333 1015 2390 p.
1033 2318 1083 2374 67.

375 2414 471 2459 comcs
487 2400 515 2458 in
531 2401 656 2460 ferendis
671 2404 819 2462 sententiis
835 2407 894 2460 tam
910 2402 1059 2478 civilibus,
1083 2419 1171 2475 quam
1194 2399 1389 2460 criminalibus
1404 2399 1505 2475 exigat
1518 2397 1603 2472 opini·

463 2503 546 2545 onem
558 2487 699 2561 judicum.
744 2507 772 2564 p.
798 2493 869 2550 257.
886 2505 930 2563 aq.

376 2589 472 2633 conces
488 2574 550 2648 ipse
562 2573 674 2649 judicet
689 2576 816 2636 familias
831 2593 901 2635 suae
917 2593 951 2635 ac
968 2577 1060 2635 servis
1076 2575 1145 2634 suis.
1190 2591 1219 2649 p.
1239 2577 1288 2634 13.

377 2676 473 2720 comcs
488 2678 638 2720 carcerare
653 2663 779 2737 aliquam
795 2681 948 2738 personam
964 2663 1056 2739 posuit
1070 2662 1269 2721 tantummodo
1285 2661 1321 2720 dc
1336 2660 1458 2743 consilio
1468 2659 1604 2735 judicum.

376 2849 472 2894 comeo
494 2835 661 2896 absentibus
683 2837 881 2896 tantummodo
900 2837 1050 2912 judicibus
1077 2837 1171 2912 possit
1200 2837 1279 2894 solus
1301 2849 1453 2894 carcerem
1474 2833 1604 2907 aliquam.

377 3023 473 3067 666666
496 3007 523 3066 16
540 3010 636 3068 causis
652 3011 783 3071 civilibus
800 3013 878 3070 solus
894 3027 1092 3086 quemcunque
1107 3027 1259 3070 carcerare
1273 3009 1374 3084 possit.
1419 3025 1449 3083 p.
1466 3009 1513 3067 95.

378 3111 474 3154 coerces
496 3096 649 3169 provideat
664 3115 802 3172 percusso
818 3116 882 3156 curn
898 3098 1000 3157 maiori
1016 3103 1099 3173 parte
1115 3097 1238 3172 consiliJ.
1283 3113 1313 3170 p.
1331 3099 1359 3155 6.
1377 3096 1406 3153 7.

377 3198 473 3242 omnes
496 3197 646 3242 successor
660 3185 778 3244 mandet
793 3191 859 3244 acta
875 3186 1111 3260 predecessorum
1128 3183 1299 3243 executioni.
1344 3199 1374 3258 p.
1393 3183 1463 3242 125.
1479 3197 1520 3254 sq.

378 3283 532 3328 cmnmuoc
555 3270 592 3327 sit
615 3271 736 3330 liberum
759 3277 788 3330 et
810 3275 873 3347 ejus
890 3274 974 3348 bona,
999 3276 1120 3347 excepto
1136 3271 1302 3330 berntcsimo
1318 3269 1448 3328 stanles.
1491 3285 1519 3342 p.
1536 3270 1606 3325 141.

378 3351 567 3416 concordans
590 3375 654 3415 cum
670 3358 733 3416 fure
748 3363 843 3433 portet
858 3375 990 3436 6666616,
1007 3375 1095 3432 quam
1111 3358 1158 3417 fur
1172 3361 1291 3432 portare
1305 3356 1433 3416 deberet.
1470 3371 1499 3430 p.
1515 3356 1607 3414 130.

377 3438 567 3503 6666666666
589 3461 655 3502 cum
670 3445 781 3504 latrone
796 3447 900 3520 perdat
912 3445 962 3521 jus
978 3463 1069 3504 suum.
1116 3462 1144 3520 p.
1163 3447 1213 3504 22.

378 3529 581 3591 concessiones
596 3535 774 3590 terrenorum
790 3533 1002 3591 communitatis
1018 3532 1105 3591 alicui
1120 3531 1215 3591 166166
1227 3547 1280 3606 por
1290 3533 1418 3588 rectores
1433 3529 1491 3588 6161
1503 3528 1605 3588 nullae.

463 3635 492 3691 p.
511 3619 582 3679 219.
599 3633 642 3691 sq.

381 3699 580 3764 condemnari
601 3721 684 3764 nemo
701 3706 801 3782 possit,
819 3706 874 3764 nisi
889 3707 983 3782 primo
999 3709 1118 3765 vocetur
1133 3706 1171 3764 ad
1186 3703 1411 3764 excusationem.
1456 3720 1484 3778 p.
1501 3704 1548 3763 59.

380 3785 572 3852 6666666611
594 3791 623 3849 16
645 3792 777 3852 65666116
799 3797 920 3868 possunt
942 3809 1116 3868 recuperare
1137 3791 1348 3852 contumaciam
1368 3791 1446 3850 iutra
1466 3807 1512 3848 xc.
1534 3788 1603 3867 dies,

466 3878 605 3936 solvendo
620 3895 763 3953 expensas
779 3880 846 3939 litis.
892 3895 921 3955 p.
940 3881 1000 3939 246
1017 3896 1061 3954 sq.

380 3959 513 4043 confinio
535 3969 679 4040 ponantur
695 3965 771 4026 inira
786 3967 872 4026 villas
886 3983 939 4042 per
953 3967 1086 4028 insulam.
1132 3983 1161 4043 p.
1178 3968 1229 4026 89.

377 4045 568 4130 confirmatio
592 4055 773 4130 statutorum,
790 4053 1026 4113 reformationem
1040 4057 1070 4112 et
1084 4051 1333 4138 consuetudinum.
1377 4069 1407 4128 p.
1427 4053 1495 4112 149.

377 4134 568 4217 confirmatio
591 4138 693 4198 domus
708 4155 761 4214 per
774 4155 924 4199 commune
939 4140 1027 4200 datae
1042 4157 1097 4202 scr.
1114 4140 1236 4202 Oisiaoo.
1282 4157 1312 4214 p.
1331 4141 1403 4200 141.

377 4221 569 4304 confirmato
591 4225 763 4286 Raciscbiaa
777 4243 855 4303 mag.
871 4227 976 4287 Joanui
991 4228 1193 4288 barbitonsori.
1240 4245 1268 4302 p.
1288 4229 1358 4285 142.

375 4311 562 4392 6666666166
584 4317 685 4372 contra
717 4312 855 4373 honorem
886 4313 998 4373 comitis
1031 4316 1060 4372 et
1093 4315 1216 4373 salutern
1249 4313 1377 4372 civitatis
1399 4317 1429 4373 61
1454 4312 1602 4372 iraculorum

463 4399 559 4458 iactae
580 4417 683 4476 poena.
701 4417 729 4476 p.
748 4405 776 4461 5.
793 4417 834 4475 sq.

378 4484 595 4568 cotteanqainci
610 4491 639 4546 61
647 4487 763 4564 cognati
774 4505 831 4546 non
843 4488 955 4563 possint
966 4505 1030 4546 esse
1042 4489 1080 4548 ad
1088 4487 1211 4547 invicem
1220 4487 1335 4564 judices
1346 4487 1482 4566 majores.
1498 4503 1525 4561 p.
1536 4485 1600 4542 166.

379 4571 501 4634 arsitii
522 4573 606 4648 parvi
622 4573 758 4633 officium.
804 4589 832 4649 p.
852 4577 901 4635 12.
918 4577 969 4634 33.
1616 4561 1623 4580 ⁸

379 4657 540 4722 6666111616
561 4678 685 4736 parvum
699 4661 806 4720 irnlicot
830 4662 853 4719 si
872 4677 968 4720 comes
990 4679 1047 4720 nora
1063 4663 1190 4736 potuerit
1211 4679 1242 4720 66
1257 4661 1435 4721 concordare
1449 4661 1477 4720 in
1488 4655 1599 4736 judicio.
