3434 5368
321 692 387 734 our.
409 693 518 736 nxxxr.
542 693 584 732 nn
607 669 865 732 ruannrnsursus¹
889 665 1100 733 rrsonnonun²
1123 689 1211 732 noun.

191 809 274 874 Item
297 810 474 887 statuimus,
499 809 582 890 quod
606 809 693 873 nulia
715 827 849 889 persona
869 809 1081 888 cuiuscunque
1104 807 1294 872 condicionis
1318 809 1381 873 exi·

143 917 224 993 stat,
248 914 365 978 audeat
386 913 549 994 impedIre‚
574 931 629 976 seu
653 912 768 993 piscari
791 913 823 976 in
846 913 924 995 loeo,
949 912 1000 976 rbi
1024 912 1197 992 piscatores
1221 913 1385 994 posuem‘nt

141 1019 234 1083 reoia
257 1037 323 1091 sua.¹
347 1035 407 1082 neo
428 1035 508 1082 vnus
532 1017 628 1082 atium
660 1017 811 1097 impedire
835 1017 866 1080 in
889 1017 1040 1098 piscando
1063 1023 1096 1080 et
1119 1017 1145 1082 si
1168 1017 1238 1097 quis
1260 1023 1384 1082 contra-

140 1120 267 1206 fecerit,
292 1122 396 1186 soluat
418 1121 573 1188 communi
597 1139 753 1202 yperpera
775 1121 847 1205 dno,
873 1120 1040 1186 dummodo
1064 1122 1216 1202 probetur
1232 1141 1289 1202 per
1305 1122 1383 1188 duos

143 1225 282 1292 idoneos
305 1230 414 1292 testes.

428 1405 496 1447 oar.
518 1405 640 1446 nxxxn.
664 1373 873 1447 annumeras
896 1383 1103 1446 nnana-irrora.³

194 1521 276 1587 Item
299 1521 466 1586 statuimus
490 1540 527 1586 ao
549 1521 773 1586 inuiolabiliter
796 1522 960 1586 obseruari
983 1521 1139 1601 uolumus
1174 1524 1259 1605 quod
1281 1525 1312 1588 in
1335 1523 1350 1588 f
1370 1561 1383 1572 -

147 1631 260 1690 turum
283 1625 491 1708 quodcunque
527 1627 685 1707 nauigium
709 1631 892 1690 extraneum
917 1627 947 1690 in
971 1626 1114 1692 districtu
1137 1626 1289 1714 ciuitatiS,
1326 1649 1384 1695 seu

144 1729 254 1795 insule
276 1731 372 1795 maris
395 1731 592 1812 contingeret
614 1736 803 1811 tempestate
819 1731 931 1811 rumpi,
956 1737 989 1794 et
1003 1748 1061 1811 per
1076 1731 1211 1812 aliquem
1227 1732 1384 1800 hominem

144 1853 209 1900 sen
231 1833 381 1900 feminam
403 1836 506 1899 uisum
529 1833 633 1911 fuerit,
658 1835 731 1899 talis
754 1835 860 1900 statim
880 1841 1028 1900 teneatur
1044 1837 1152 1901 uenire
1169 1837 1209 1901 ad
1226 1839 1383 1905 ciuitatem

146 1945 181 2004 et
207 1940 396 2004 annunciare
419 1939 572 2021 regimini,
597 1945 630 2005 et
652 1938 766 2004 habeat
789 1957 977 2020 yperperum
1002 1959 1104 2019 vnum,
1136 1941 1219 2022 quod
1243 1944 1383 2026 regimen

146 2043 190 2109 de
226 2042 339 2110 fiendis
372 2043 491 2108 habeat
523 2043 707 2124 prouidere3
743 2049 776 2107 et
798 2044 824 2107 si
854 2043 950 2108 fuerit
982 2045 1203 2110 annunciatum
1234 2045 1266 2112 in
1296 2049 1382 2132 uilla,

146 2149 261 2230 quod
283 2149 351 2212 illi
374 2147 421 2213 de
452 2147 571 2212 uilia*
605 2147 681 2212 dent
715 2147 831 2211 dietum
866 2167 1056 2229 yparporum
1090 2151 1385 2233 annuntiatoribus;

146 2255 219 2338 (et)
242 2255 269 2320 si
293 2255 362 2336 quis
391 2253 491 2320 uellet
512 2254 558 2320 ire
581 2254 620 2318 ad
643 2254 893 2334 recuperandum
917 2255 1050 2335 aliquid,
1085 2255 1184 2335 primo
1218 2257 1387 2323 concordet

147 2377 222 2424 oum
239 2365 383 2443 patrono,
408 2365 441 2424 et
463 2359 488 2423 si
511 2363 664 2439 patronus
687 2359 785 2422 nollet
801 2359 959 2436 auxilium,
984 2377 1042 2423 neo
1058 2361 1256 2439 concordare,
1281 2363 1385 2426 nuilus

148 2464 271 2530 audeat
294 2463 412 2546 aliquid
435 2465 577 2544 accipere
601 2482 683 2543 pena
704 2482 930 2544 yperperorum
953 2464 1187 2545 quinquaginta,
1212 2465 1307 2548 (qui)
1332 2467 1385 2532 de-

146 2569 284 2635 ueniant
306 2570 338 2633 in
361 2585 524 2633 commune
546 2575 578 2633 ei
601 2568 750 2632 restituat
765 2588 826 2643 res,
850 2587 927 2649 quos
944 2569 1109 2650 acceperit.
1134 2569 1176 2632 Et
1191 2571 1217 2632 si
1234 2577 1386 2650 patronos

146 2673 193 2738 sit
218 2679 402 2751 contentus,
437 2673 521 2753 quod
545 2673 638 2738 liceat
661 2673 826 2754 unicuique
860 2677 1021 2737 roseatare
1043 2679 1075 2736 ot
1100 2692 1287 2756 reeuperare
1317 2692 1386 2739 eum

147 2797 189 2843 eo
215 2784 319 2860 paeto,
343 2797 405 2860 quo
429 2777 668 2843 concordauerit
690 2797 758 2842 oum
782 2784 925 2858 patrono.

382 2991 448 3034 ona.
473 2993 607 3034 nxxxrn.
632 2994 672 3032 nn
696 2992 805 3037 sonoro
829 2993 954 3034 unsrun
977 2969 1145 3036 casurum⁴¹¹

198 3109 280 3176 Item
302 3109 480 3193 statuimus,
504 3111 587 3189 quod
611 3109 651 3174 de
674 3116 779 3176 oetero
802 3110 882 3174 libra
898 3110 1037 3174 carnium
1054 3112 1293 3176 castratinarnm
1309 3128 1385 3176 uen-

150 3217 251 3280 datur
273 3215 413 3296 denarijs
447 3214 555 3279 deoam
584 3233 772 3295 paruornm,
808 3215 1009 3299 haumarum,
1044 3215 1217 3296 iroiroglati
1240 3220 1272 3281 et
1294 3235 1387 3296 capre

151 3319 294 3402 denarijs
317 3318 456 3400 quinque
479 3337 665 3400 pannorum,
700 3320 898 3401 porcinarum
928 3303 1091 3383 masculini
1125 3339 1217 3384 sexus
1252 3319 1387 3401 denarijs

152 3423 393 3506 quatuordeeim
416 3441 585 3505 paruomm
610 3429 643 3486 et
666 3423 805 3488 feminini
829 3442 921 3488 serus
938 3423 1112 3500 duodecim,
1139 3429 1172 3488 et
1187 3424 1212 3488 si
1229 3425 1298 3504 quis
1314 3441 1387 3487 eon-

151 3527 327 3607 traiecerit
352 3527 456 3594 soluat
478 3527 633 3592 communi
656 3547 812 3610 yperpera
835 3528 980 3609 quinque,
1017 3546 1149 3608 quorum
1172 3527 1325 3593 madIetas
1348 3527 1389 3591 sit

153 3632 348 3698 accusatoris
372 3632 540 3697 dummodo
563 3632 745 3713 probauerit
768 3651 825 3714 per
848 3633 927 3698 duos
949 3632 1079 3698 idoneos
1102 3637 1210 3696 testes.

509 3829 575 3872 GAP.
599 3829 719 3870 LXXXIV
752 3831 792 3870 DE
815 3829 1039 3872 OF'FICIALIBUS.

197 3946 280 4013 Item
312 3948 480 4012 statuimus
503 3952 535 4012 et
558 3947 757 4026 ordinemne,
793 3947 876 4027 qnod
910 3947 1015 4012 nullus
1048 3946 1183 4026 aelmon,
1217 3945 1387 4028 polsohioh‚

153 4051 325 4134 padarius,
360 4071 418 4117 neo
439 4052 521 4118 aiter
551 4051 713 4130 officiuim,
748 4051 800 4133 oui
833 4069 914 4114 nuno
937 4057 1002 4130 est,
1038 4051 1089 4116 uel
1111 4051 1142 4114 in
1165 4050 1304 4115 futurum
1328 4050 1389 4114 erit

155 4174 255 4237 supra
277 4156 449 4236 brauarios
474 4157 525 4221 uel
549 4163 702 4238 pastores,
724 4157 842 4221 audeat
861 4156 913 4220 uel
928 4161 1089 4236 presumat
1105 4155 1231 4236 aliquod
1246 4155 1388 4221 exenium

203 4314 311 4376 ¹Cod.
334 4315 416 4390 Gap.
444 4315 699 4390 „impedimentis“.

203 4399 315 4463 ²Ood.
339 4405 418 4478 Gap.
444 4405 509 4486 „et“
529 4406 568 4478 (t)

202 4489 273 4550 ³of.
289 4491 407 4550 inferius
431 4509 506 4566 oap.
531 4491 670 4552 CXXVII.
686 4493 714 4552 h.
732 4493 758 4550 S.

203 4575 317 4638 ⁴Deast
331 4579 361 4636 in
385 4579 463 4638 Cod.
489 4579 570 4652 Gap.

203 4661 218 4698 ⁵
234 4665 381 4724 Neminem
398 4683 478 4739 posse
494 4683 591 4724 earnes
614 4667 731 4724 vendere
746 4683 800 4723 non
816 4666 984 4740 ponderatas
999 4683 1090 4741 neque
1106 4667 1162 4726 aiio
1178 4665 1236 4726 looo
1252 4683 1337 4740 quam
1355 4663 1391 4726 ad

159 4753 327 4820 beocariam,
344 4753 545 4826 praescribitur
560 4755 589 4810 in
606 4771 679 4826 oap.
697 4753 768 4812 ovi.
785 4754 814 4812 h.
832 4753 860 4812 S.
