3376 5392
1285 469 1344 528 147
1398 550 1401 564 ³

124 667 316 746 ullomodo,
341 671 488 748 quoniam
512 674 638 738 nostrae
660 667 843 735 intentionis
866 673 922 740 est
947 669 1030 752 quod
1054 669 1096 754 id,
1120 671 1203 752 quod
1219 672 1264 737 eis
1279 689 1350 754 pro-

123 776 255 840 missum
277 777 337 854 est,
360 773 476 840 debeat
497 773 720 840 inuiolabiliter
742 775 915 840 obseman'.

143 877 213 954 *lo
237 878 320 944 aliud
342 877 523 960 capitulum,
548 897 604 960 per
626 879 710 960 quod
734 879 788 944 illa
811 879 1017 944 communitas
1041 879 1121 962 petit
1136 879 1290 946 Ciriacum
1306 881 1347 945 ci·

119 1003 190 1050 uem
214 1002 306 1050 suum
329 983 411 1048 trahi
429 983 469 1048 de
486 984 587 1049 banno
604 983 632 1048 ei
655 983 730 1050 ‹lato
750 1002 806 1064 per
821 984 981 1062 comitem;
1006 984 1242 1066 respondeatur,
1266 983 1350 1066 quod

119 1088 179 1154 hoc
200 1087 269 1154 fieri
293 1107 354 1154 non
376 1093 483 1170 potest
504 1087 564 1152 hoc
586 1088 705 1166 ordine,
730 1088 786 1154 sed
810 1093 915 1170 potest
937 1088 1073 1154 formare
1089 1089 1349 1171 supplicationem

120 1200 246 1259 etcum
269 1193 387 1258 nostris
411 1191 549 1274 consilijs
579 1191 728 1258 faciemus
751 1193 797 1258 eis
821 1193 902 1260 sicut
924 1193 1042 1258 iustum
1066 1194 1157 1260 nobis
1181 1193 1349 1260 uidebitur.

161 1297 212 1362 Ad
236 1298 331 1376 aliud,
355 1316 413 1378 per
428 1297 511 1378 quod
528 1301 650 1380 petunt,
678 1297 763 1378 quod
779 1297 929 1362 iaciamus
945 1298 1107 1364 annullare
1124 1315 1256 1380 poenam
1272 1297 1349 1362 obli-

119 1403 264 1488 gationis,
289 1421 383 1484 quam
406 1401 484 1468 alies
506 1401 650 1467 lecerunt
673 1403 734 1466 dito
758 1401 905 1468 Vidossio
937 1403 977 1468 de
1001 1402 1123 1468 ducatis
1145 1402 1230 1467 mille
1252 1403 1283 1466 in
1307 1401 1349 1466 ci-

119 1509 218 1572 uitate
243 1506 374 1591 Spoleti,
404 1511 556 1587 tempore,
589 1525 651 1588 qno
679 1505 842 1588 Spalatum
873 1511 905 1573 et
935 1506 1143 1574 Curzulenses
1172 1513 1351 1572 nouerant

121 1614 178 1679 sub
190 1619 300 1678 nostro
325 1611 461 1678 dominio
477 1612 508 1676 in
523 1611 617 1696 lacto,
641 1611 725 1694 quod
749 1612 911 1678 soluerunt
935 1611 1084 1694 capitale:
1109 1613 1350 1695 respondemus

121 1717 203 1798 quod
229 1735 338 1783 sumus
362 1718 499 1782 contenti
523 1717 623 1782 eisin
647 1716 705 1782 hoc
728 1716 923 1799 complacere
947 1723 979 1782 et
1001 1715 1151 1781 mandare
1174 1716 1279 1782 comiti
1296 1734 1350 1782 no·

121 1829 185 1887 stro
202 1821 334 1904 Spoleti,
359 1823 442 1902 quod
459 1827 626 1906 postquam
643 1822 777 1903 capitale
795 1821 967 1903 obligatum
983 1821 1120 1886 solutum
1135 1827 1194 1900 est,
1211 1837 1350 1903 apoena

121 1926 192 1993 talis
216 1927 418 2010 obligationis
442 1927 585 1992 totaliter
608 1927 822 2004 absoluantur,
848 1933 880 1992 et
902 1925 1013 1991 oborta
1034 1925 1134 1991 libera
1149 1926 1352 2009 consignetur

122 2030 153 2094 in
176 2031 242 2097 suis
275 2032 429 2109 manibus,
458 2031 668 2106 considerato,
696 2031 780 2112 qnod
811 2031 884 2094 talis
915 2049 1017 2112 poena
1046 2036 1079 2095 et
1108 2030 1257 2113 obligatio
1287 2047 1350 2096 non

120 2133 179 2200 fuit
201 2141 365 2202 contracta
387 2137 445 2202 sub
468 2141 576 2202 nostro
600 2136 746 2201 dominio.

162 2237 271 2315 Quare
294 2240 481 2306 mandamus
513 2241 603 2306 uobis
626 2259 695 2306 cum
722 2240 804 2306 dicto
835 2239 966 2305 consilio
989 2245 1098 2306 nostro
1121 2245 1277 2322 quatenus
1301 2259 1350 2307 ra·

121 2345 308 2425 sponsiones
327 2351 453 2410 nostras
468 2345 699 2428 suprascriptas
711 2351 744 2411 et
755 2346 860 2412 omnia
871 2351 1020 2410 contenta
1032 2346 1063 2408 in
1079 2346 1134 2423 eis,
1152 2345 1350 2426 inquantum

121 2448 160 2512 ad
175 2467 234 2514 uos
246 2451 369 2526 attinet
384 2451 561 2516 obseruatis
574 2457 608 2515 et
623 2449 746 2515 faciatis
762 2449 985 2515 inuiolabiliter
1001 2450 1181 2529 obseruare,
1198 2449 1350 2518 iacientes

120 2551 175 2618 bas
198 2559 323 2620 nostras
346 2555 470 2621 litteras
494 2555 525 2618 in
548 2555 627 2620 actis
651 2555 857 2620 cancellariae
881 2561 1006 2620 uestrae
1023 2553 1136 2621 deinde
1151 2554 1192 2619 ad
1213 2553 1350 2620 suturam

120 2665 298 2724 uestrorum
334 2661 515 2725 memoriam
551 2659 714 2741 registrari
753 2664 786 2724 et
819 2660 1005 2742 registratas
1038 2659 1100 2742 ipsi
1134 2659 1350 2724 communitati

121 2764 308 2846 consignari.

142 2867 280 2932 *Datum
291 2869 322 2932 in
335 2873 442 2934 nostro
454 2867 557 2933 ducali
570 2869 687 2950 palatio
700 2868 750 2934 oie
761 2869 823 2951 xiij.
841 2867 927 2951 Julij‚
945 2868 1113 2934 indictione
1126 2869 1164 2932 vi.
1178 2867 1350 2934 Mceccxxx.

326 2989 438 3056 Ater
445 3009 510 3073 go:

162 3094 330 3162 Nobilibus
353 3101 386 3162 et
409 3097 602 3178 sapientibus
626 3097 702 3162 uiris
719 3097 887 3178 Pongratio
904 3095 1042 3178 Georgio
1069 3093 1174 3161 comiti
1187 3085 1369 3161 ‚Cumuloc'

123 3205 154 3264 et
175 3201 239 3266 suis
264 3202 505 3267 successoribus.

492 3471 546 3511 vn.
571 3470 647 3511 raas
669 3471 702 3511 ΙΝ
726 3469 857 3512 noenum
880 3469 979 3511 onena

277 3573 372 3636 contra
389 3572 516 3632 rectores,
534 3565 665 3620 officiales
684 3573 736 3622 etc.
756 3565 878 3620 furantes
896 3565 931 3620 da
949 3566 1026 3620 bonis
1045 3565 1203 3623 eommunia.

165 3690 340 3758 Mcccocrc.
365 3689 471 3754 letam
497 3689 590 3774 Julr'j.
616 3689 655 3754 In
677 3689 756 3754 libro
778 3692 865 3754 roric.

165 3813 246 3891 Quia
267 3821 341 3880 sunt
356 3813 455 3878 multa
472 3819 504 3878 et
521 3813 647 3878 diciersa
663 3814 792 3878 consilia
811 3817 874 3877 tam
891 3813 922 3876 in
939 3812 1085 3894 capitulis
1101 3811 1350 3877 consiliariorum

127 3919 260 4000 capitum
284 3919 324 3984 de
346 3919 385 3998 xl,
410 3937 502 3999 quam
527 3919 751 3983 aduocatorum
768 3917 940 3982 communis
969 3917 1094 3982 condita
1116 3934 1213 3998 supor
1234 3913 1347 3981 officia-

126 4023 214 4102 libus
240 4023 424 4106 rectoribus
443 4023 493 4089 uel
509 4023 790 4089 ambasciatoribus
806 4029 871 4088 tam
887 4024 980 4100 intus,
1005 4040 1098 4102 quam
1122 4026 1220 4094 extra,
1245 4018 1351 4084 furan-

126 4129 205 4195 tibus
228 4129 268 4194 de
291 4128 408 4194 hauere
432 4127 622 4202 communis,
653 4129 701 4193 uel
726 4127 818 4193 aliter
840 4128 880 4192 ab
904 4127 973 4192 aliis
997 4125 1221 4206 accipientibus
1245 4131 1354 4190 contra

127 4234 358 4300 commissiones
382 4239 414 4298 et
437 4233 623 4314 capitularia
647 4253 713 4312 sua,
743 4251 824 4313 quae
851 4231 980 4297 consilia
1007 4237 1138 4312 propter
1165 4229 1351 4294 uarietatem

127 4345 158 4403 et
179 4339 394 4405 diuersitatem
425 4357 514 4403 suam
538 4337 684 4403 continuo
709 4338 860 4402 inducunt
882 4335 1097 4400 confusionem
1120 4333 1211 4399 factis
1233 4333 1350 4398 nostris

128 4449 158 4508 et
174 4445 352 4510 necessario
371 4462 428 4525 pro
451 4443 597 4507 habenda
619 4442 730 4524 regula
752 4462 847 4524 super
870 4441 928 4506 lroc
954 4445 1102 4524 oporteat
1129 4441 1198 4521 ipsa
1221 4437 1356 4502 consilia

128 4545 302 4614 reformari:
339 4547 428 4613 uadit
450 4567 540 4629 pers,
576 4547 661 4628 quod
684 4547 789 4612 omnia
811 4547 974 4628 praedicta
996 4545 1135 4624 consilia,
1163 4543 1353 4608 mentionem

130 4649 270 4718 facientia
293 4653 333 4716 de
357 4653 548 4734 ponentibus
571 4670 707 4731 manum,
731 4651 783 4747 uel
806 4650 983 4716 iurantibus
1006 4650 1045 4714 de
1067 4648 1159 4714 bonis
1181 4655 1213 4713 et
1234 4648 1352 4712 bauere

130 4758 301 4839 communis,
327 4757 378 4823 uel
402 4758 442 4822 do
465 4756 690 4838 accipientibus
712 4756 752 4822 ab
777 4755 846 4820 aliis
870 4759 979 4821 contra
1001 4753 1133 4820 sormam
1156 4767 1285 4818 suorum
1300 4769 1351 4816 ca-

1177 4855 1198 4891 ’t
