3436 5362
1350 483 1389 542 37

142 679 348 748 consiliarius
371 699 433 747 non
457 683 582 750 ueniret
604 683 644 749 ed
668 683 786 750 dictum
811 684 992 764 consilium,
1026 685 1131 750 soluet
1161 685 1241 750 duos
1262 703 1390 768 grossos

144 787 331 864 communi¹,
355 787 416 852 nisi
439 788 554 853 iustam
578 805 706 852 ceusem
730 786 926 854 infirmitatis
949 789 1003 855 uel
1029 789 1193 870 absentie,
1221 789 1273 855 uel
1297 789 1389 854 elimo

141 890 260 957 iustum
284 909 413 957 ceusem
434 890 578 958 heberet.

304 1122 371 1165 oen.
394 1123 493 1164 xxxv.
524 1123 567 1164 nn
584 1115 824 1167 monument
848 1125 907 1167 nno
929 1102 1074 1168 nonoen²
1096 1121 1234 1169 erenum.

187 1239 270 1305 Item
286 1244 443 1304 statutum
459 1245 493 1304 et
509 1239 688 1304 ordinatum
705 1245 764 1316 est,
781 1240 907 1321 quodsi
924 1239 1037 1323 uliquis
1059 1240 1259 1322 Spoletinus³
1275 1243 1389 1308 dixerit

146 1343 199 1407 uel
221 1345 427 1426 erengauerit
448 1343 480 1408 in
504 1343 610 1424 aliquo
633 1363 691 1425 pro
714 1343 834 1409 honore
857 1351 891 1408 et
906 1345 1046 1410 utilitate
1066 1348 1238 1411 communis
1255 1345 1387 1428 Spoleti,

145 1447 231 1529 quod
253 1453 397 1529 potestas
419 1447 471 1514 uel
495 1453 609 1526 rector,
633 1450 687 1530 qui
709 1467 767 1530 pro
782 1455 925 1530 tempore
941 1448 1038 1514 fuerit
1060 1449 1091 1513 in
1107 1449 1237 1514 ciuitate
1253 1449 1385 1532 Spoleti,

143 1567 207 1615 non
230 1551 334 1634 possit
363 1551 466 1634 ipsum
497 1553 537 1618 de
567 1552 653 1642 dicte
682 1569 780 1618 oense
811 1553 1040 1619 condemnere⁴
1070 1555 1123 1618 uel
1154 1572 1227 1618 eum
1251 1572 1386 1636 gredere

143 1655 238 1721 modo
262 1656 370 1738 aliquo
393 1656 533 1734 realiter,
556 1657 609 1720 uel
632 1657 850 1738 personaliter,
875 1675 934 1723 nec
956 1658 997 1722 ed
1020 1656 1155 1724 confinia
1183 1658 1319 1723 mittere.
1344 1657 1388 1724 Et

142 1759 169 1825 si
195 1765 384 1842 egrederet,
415 1761 467 1825 uel
491 1761 718 1828 condemnaret
740 1779 827 1844 eum,
858 1779 921 1824 nou
944 1761 1062 1843 ueleet,
1088 1779 1146 1825 nec
1169 1761 1333 1826 teneatur⁶
1355 1762 1388 1824 in

139 1863 252 1944 aliquo
275 1868 309 1929 et
330 1865 436 1930 soluet
458 1865 498 1930 de
521 1883 580 1930 suo
603 1864 730 1942 selerio,
755 1865 782 1929 si
805 1871 916 1930 contre
937 1865 1086 1946 predicte
1107 1863 1234 1941 fecerit,
1259 1869 1385 1929 centum

141 1967 315 2033 librarum⁰
336 1967 531 2034 Venetorum
553 1987 726 2051 pomorum
749 1973 783 2033 et
805 1967 1006 2032 nihilominus
1030 1986 1166 2049 sequens
1189 1973 1295 2033 rector
1317 1969 1386 2032 uin-

140 2071 213 2136 culo
237 2073 429 2138 sacrementi
462 2078 495 2138 et
524 2073 583 2139 sub
614 2073 698 2138 dicte
728 2090 812 2154 pene
835 2077 984 2137 tenentur
1005 2071 1110 2138 fecere
1134 2074 1303 2137 restituere
1330 2071 1385 2150 illi,

142 2175 196 2256 qui
219 2181 307 2244 esset
330 2177 576 2242 condemnatusl
600 2177 744 2258 predicte
768 2177 933 2242 occasione
956 2176 997 2242 ed
1014 2175 1198 2257 petitionem
1215 2175 1309 2254 illius,
1334 2175 1386 2257 qui

141 2279 310 2344 domnum⁸
331 2281 510 2362 predictum
535 2281 709 2362 receperit;
735 2285 857 2345 statuto
880 2279 985 2361 aliquo
1009 2279 1159 2361 loquente
1193 2280 1225 2344 in
1261 2284 1386 2344 contre·

139 2383 220 2448 rium
246 2384 491 2450 nonobstante.
515 2384 558 2448 Et
582 2385 608 2448 si
631 2402 689 2464 per
711 2389 906 2465 potestatem
929 2383 980 2450 uel
1005 2389 1160 2449 rectorem
1177 2387 1387 2463 agroueretur

140 2491 175 2552 ct
209 2493 383 2570 egreuutus
414 2488 513 2553 uellet
546 2488 717 2568 protestari
750 2488 802 2553 uel
825 2487 987 2568 appellere
1021 2507 1041 2552 e
1074 2489 1157 2552 dicto
1189 2486 1383 2567 gremmine,

143 2591 229 2671 quod
252 2591 312 2656 sihi
335 2590 426 2657 fieret
449 2591 614 2656 occasione
648 2591 809 2672 predicte:
841 2591 985 2655 noterius
1016 2591 1206 2672 quicumque
1238 2595 1384 2656 teneatur

118 2695 280 2780 ,seribere
300 2697 563 2776 protestationem
576 2695 627 2760 uel
640 2694 885 2776 appellationem
903 2696 962 2760 sub
980 2713 1064 2776 pene
1079 2699 1204 2761 centum
1221 2695 1382 2766 librarum.

140 2799 183 2863 Et
206 2799 293 2879 quod
316 2805 421 2864 rector
443 2818 505 2865 nou
529 2801 630 2882 possit
653 2801 817 2881 precipere
841 2799 964 2864 noterio
981 2803 1020 2862 de
1036 2817 1098 2863 nou
1115 2797 1259 2864 faciendo
1275 2797 1383 2878 eppel-

139 2903 311 2982 lationem;
337 2909 371 2968 et
394 2903 420 2968 si
443 2905 634 2985 preciperet,
657 2909 842 2984 preceptum
866 2921 928 2967 nou
951 2903 1058 2969 ualeat
1081 2908 1113 2968 et
1135 2903 1240 2967 soluat
1262 2901 1302 2967 de
1324 2917 1382 2966 suo

140 3007 259 3072 solorio
292 3005 391 3072 libras
421 3013 546 3072 centum
579 3007 663 3072 dicto
694 3007 867 3084 commuui;
903 3006 993 3072 seluo
1024 3006 1108 3088 quod
1142 3005 1247 3070 nullus
1281 3005 1382 3070 consi-

137 3110 249 3175 liarios
272 3110 374 3191 possit
397 3129 552 3194 erengere
567 3115 678 3176 contre
693 3111 822 3192 aliquod
836 3109 976 3192 speciale
992 3115 1156 3186 statutum,
1181 3110 1234 3174 ubi
1250 3109 1381 3190 inpone-

136 3219 228 3280 retur
250 3215 356 3295 eliqua
378 3231 462 3296 pene
483 3220 595 3280 contre
617 3214 735 3280 dictum
758 3213 954 3280 stetutum¹⁰.

136 3443 203 3486 ΟΔΡ.
227 3442 341 3485 mvn.
359 3443 442 3495 QUOD
459 3442 656 3488 consumto
672 3445 735 3487 NON
750 3444 876 3488 ressuth
890 3445 963 3488 ESSE
980 3444 1129 3488 enodem
1145 3443 1261 3496 AHQUO
1284 3444 1381 3490 MODO·

176 3558 261 3623 Item
284 3561 439 3622 statutum
462 3564 496 3625 et
519 3560 698 3626 ordinatum
721 3565 780 3640 est,
805 3560 891 3642 quod
914 3559 1020 3624 nullus
1049 3560 1280 3626 consiliarius¹¹
1304 3559 1379 3624 ciui-

136 3659 213 3727 tetis
226 3659 391 3744 Spoletine
407 3663 508 3744 possit
522 3681 593 3729 esse
610 3663 805 3742 beocherius,
822 3664 874 3730 uel
890 3664 1032 3729 uendere
1044 3681 1155 3729 cernes
1168 3664 1199 3727 iu
1211 3663 1380 3729 beocherie

137 3765 213 3831 dicti
244 3765 435 3845 communis3
466 3771 499 3832 et
528 3767 555 3832 si
585 3767 822 3851 contrafecerit,
854 3767 1030 3849 priuetur¹²
1059 3768 1130 3849 ipso
1154 3765 1299 3840 consilio,
1330 3766 1379 3832 ite

136 3869 221 3950 quod
244 3869 442 3936 consiliarius
464 3889 537 3936 esse
560 3889 623 3938 non
646 3872 766 3952 possit3
789 3871 855 3938 et¹³
878 3871 961 3938 omni
984 3871 1047 3936 elio
1071 3870 1175 3937 officio
1200 3869 1378 3936 communis

136 3971 260 4056 Spoleti
290 3973 333 4038 sit
354 3974 516 4056 priuatum
554 3975 644 4041 seluo
675 3975 759 4058 quod
794 3979 956 4057 emptores
987 3975 1111 4055 doneuq
1142 3973 1305 4053 beocherie
1336 3973 1376 4038 od

10 4101 12 4162 ξ
136 4077 253 4143 dictum
277 4081 431 4144 statutum
462 4097 520 4163 pro
551 4085 697 4162 tempore
726 4079 897 4162 emptionis
926 4077 1010 4159 dictq
1042 4079 1168 4158 donenq
1192 4077 1376 4142 nullatenus

180 4289 307 4352 ¹Deeet
329 4308 377 4366 ep.
400 4290 510 4367 Ljuh.
580 4287 722 4350 ²ibid.:
759 4287 935 4367 „ciuitatis“.
1008 4284 1149 4347 ³ibid.:
1183 4285 1273 4368 „ciuis
1304 4287 1375 4361 Spe-

136 4379 216 4440 leti“.
286 4375 299 4411 ⁴
320 4377 406 4440 (lod.
431 4377 537 4438 eced.
561 4377 603 4438 B:
631 4370 894 4454 ,condempnere“.
960 4371 1050 4450 ὕΑΙ).
1074 4374 1201 4450 Ljuh.:
1228 4371 1374 4446 ,teneet“.

140 4463 282 4525 ‘ibidz
333 4464 457 4524 libres“.
539 4461 551 4497 ⁷
582 4463 667 4524 Ood.
696 4464 801 4523 eced.
834 4463 875 4522 B:
906 4453 1187 4544 „condempnetus“.
1220 4455 1372 4518 Bibid:

138 4511 345 4633 „dompnumz
428 4547 440 4584 ⁹
469 4549 541 4610 Ood.
573 4549 723 4611 Chium:
757 4547 976 4633 „arrengenti“.
1059 4544 1087 4579 1⁰
1118 4547 1237 4624 „aliquo
1265 4542 1370 4604 modo“

136 4638 215 4699 deest
247 4639 277 4698 in
311 4635 390 4698 eod.
423 4637 528 4697 eced.
563 4636 589 4696 B
622 4640 652 4694 et
684 4653 732 4712 ep.
767 4636 876 4713 Ljuh.
959 4631 986 4668 ¹¹
1016 4634 1073 4709 Ap.
1098 4633 1209 4709 Ljuh.
1246 4625 1372 4715 „dictq“.

140 4720 166 4758 ¹²
187 4724 307 4786 ibit:
334 4717 422 4802 „eb“.
495 4719 666 4784 1'ibide
692 4715 781 4805 „eh“.

1643 4753 1707 4888 “t
