3376 5392
365 475 426 542 140

361 681 457 748 ritate
479 681 623 750 notarius
654 689 688 748 et
717 682 882 767 magnifice
912 682 1146 749 communitatis
1170 680 1306 748 Cumule
1328 679 1535 748 cancellarius
1558 697 1593 745 ex

361 786 496 868 quodam
527 787 608 854 libro
640 790 822 868 communis,
851 795 979 871 coperto
1011 792 1141 870 coperte
1168 786 1259 870 nigra
1280 787 1312 850 in
1335 785 1416 852 hanc
1438 785 1592 867 publicam

359 889 490 958 formam
519 892 629 976 redegi
659 893 700 959 ad
729 897 913 975 perpetuam
945 894 993 960 rei
1022 894 1214 974 memoriam,
1245 891 1330 974 quod
1360 890 1488 972 quidem
1511 895 1593 954 tran

361 1005 522 1078 sumptum
551 997 638 1064 bulla
668 997 768 1080 ipsius
796 999 1030 1065 communitatis
1058 997 1275 1080 obsignabitur
1306 1014 1363 1078 pro
1387 995 1500 1061 maiori
1521 992 1595 1060 fidei

360 1099 555 1168 firmamento
578 1102 618 1168 ad
640 1103 820 1170 memoriam
845 1110 882 1170 ut
901 1107 1027 1186 suprs.“

408 1205 495 1290 „Ego
514 1204 717 1274 Hieronimus
734 1205 872 1282 canalis,
895 1207 1041 1291 publicus
1064 1207 1205 1272 notarius
1227 1211 1261 1271 et
1282 1203 1323 1271 ad
1345 1223 1480 1288 presens
1502 1203 1595 1270 coad-

358 1309 447 1392 jutor
477 1309 663 1377 cancellarie
696 1311 879 1394 spectabilis
913 1311 1144 1378 communitatis
1175 1308 1311 1376 Currzule
1344 1307 1595 1392 suprascriptum

360 1413 601 1482 instrumentum
639 1415 672 1480 in
704 1415 844 1498 presenti
878 1415 959 1482 libro
993 1435 1031 1482 ex
1063 1415 1200 1498 quodam
1230 1413 1293 1480 alio
1322 1415 1534 1478 instrumento
1564 1411 1595 1474 in

362 1519 522 1599 publicam
543 1518 675 1586 formam
699 1521 827 1586 redacto
855 1539 913 1603 per
929 1520 1175 1604 suprascriptum
1191 1518 1350 1584 dominum
1365 1515 1595 1584 Bemardinum

360 1620 400 1687 de
422 1621 562 1689 Guslinis
585 1624 770 1706 exemplaui,
795 1623 839 1689 nil
862 1624 980 1705 addito,
1003 1623 1055 1690 uel
1078 1622 1260 1690 diminuto.“

775 1839 809 1880 11.
832 1839 967 1881 nrrnsaa
988 1837 1121 1882 nucanrs
1143 1824 1171 1879 1·

358 1915 387 1970 in
399 1929 453 1984 qna
461 1914 494 1971 de
504 1915 707 1972 confirmatione
717 1923 888 1987 statutorum,
900 1918 1120 1974 reformationem
1130 1924 1158 1973 et
1168 1916 1404 1984 consuetudinum
1417 1913 1452 1970 dc
1462 1913 1594 1970 electione

358 2002 477 2071 comitis3
495 2003 634 2058 delibero
653 2003 812 2075 Commune;
830 2005 864 2060 de
882 2005 955 2060 datio
973 2005 1028 2060 nini
1046 2005 1171 2075 Venetijs
1189 2003 1327 2071 soluendo,
1345 2002 1375 2058 id
1391 2009 1435 2058 est
1450 2001 1593 2056 medietate

360 2087 442 2160 datm
461 2089 495 2146 de
513 2089 724 2147 Gurnnlansibus
742 2091 867 2162 Venetijs
892 2092 1049 2161 tractandis,
1073 2093 1144 2148 siout
1161 2092 1208 2162 alij
1227 2091 1391 2158 Delmatici,
1415 2089 1449 2145 de
1467 2087 1593 2143 libertate

362 2193 411 2246 pro
430 2193 481 2234 usu
499 2179 619 2234 ciuitatis
637 2179 800 2235 exonerandi
819 2179 905 2236 staria
922 2196 960 2236 cc.
979 2180 1108 2236 frumenti
1125 2181 1154 2234 in
1173 2195 1237 2236 casu
1254 2177 1440 2244 necessitatis3
1465 2175 1501 2231 de
1517 2175 1593 2230 domo

360 2263 425 2320 data
442 2281 492 2334 per
517 2265 663 2322 Commune
687 2283 738 2322 ser.
764 2267 868 2323 ciriaco
890 2283 940 2337 per
963 2267 1109 2322 dominium
1133 2267 1305 2335 confirmata,
1330 2264 1363 2320 de
1388 2263 1593 2320 conflrmstionc
1682 2305 1684 2308 .

358 2351 516 2408 Racisclriae
528 2354 658 2423 magistro
670 2354 752 2410 Jcani
764 2355 961 2422 barbitonsori;
980 2353 1013 2410 de
1026 2354 1198 2410 uenientibus
1211 2353 1336 2408 habitare
1349 2351 1504 2420 Gurznlanr,
1523 2349 1593 2419 quod

358 2453 412 2494 non
431 2439 538 2509 possint
555 2440 688 2510 adstringi
715 2457 764 2510 pro
782 2441 875 2498 debito
898 2441 1097 2512 linamentum
1122 2439 1155 2496 de
1179 2441 1356 2510 suspensione
1380 2439 1545 2506 salinarum
1561 2437 1594 2491 de

358 2524 488 2582 {multata
512 2527 667 2597 appellandi
691 2543 721 2584 se
738 2527 766 2584 in
784 2529 841 2586 suis
865 2528 1007 2585 consisted
1024 2527 1116 2585 officia
1138 2528 1244 2583 Veneta
1267 2528 1339 2582 sicut
1361 2526 1408 2596 slij
1434 2524 1591 2582 Delmatici
1661 2531 1685 2593 ,’

406 2649 537 2717 mamas
560 2651 726 2737 Moceniqo,
751 2651 812 2718 Dei
831 2655 938 2738 pretio
961 2653 1026 2719 duc
1055 2652 1252 2719 Veneriorum
1274 2659 1327 2716 etc.

402 2771 565 2840 Vniuersis
587 2779 620 2840 et
640 2774 771 2856 singrrls
792 2779 856 2840 tam
878 2777 996 2858 amicis,
1020 2792 1115 2856 quarn
1138 2772 1286 2840 fidelibus
1309 2789 1440 2856 presens
1463 2771 1591 2854 priuile-

358 2875 443 2958 gium
466 2877 656 2959 inspecturis
678 2883 789 2961 pateat
810 2879 984 2958 euidenter,
1008 2880 1093 2962 quod
1108 2883 1328 2961 comparentes
1344 2877 1385 2942 ad
1400 2877 1590 2958 presentium

358 2985 498 3046 nostram
520 2981 691 3065 prudentes
714 2983 773 3048 viri
803 2982 943 3049 ciriacus
975 2999 1035 3064 qm.
1066 2983 1154 3049 Lune
1184 2988 1218 3049 et
1245 2983 1381 3048 Ioannes
1411 2999 1474 3063 qm.
1505 2981 1590 3048 Petri

358 3081 471 3168 Nuncij
495 3092 527 3152 et
556 3085 811 3154 Ambasciatores
840 3087 945 3156 fidelis
975 3094 1084 3156 nostre
1114 3086 1346 3154 communitatis
1366 3083 1512 3173 illurzule
1535 3105 1590 3170 pro

356 3194 448 3270 parte
470 3190 569 3273 ipsius
597 3193 828 3259 communitatis
858 3199 966 3260 nostre
996 3193 1175 3275 quindecim
1205 3192 1344 3274 capitula
1372 3199 1588 3276 porrexerunt,

357 3293 579 3378 supplicantes,
603 3303 639 3362 ut
660 3295 715 3363 illa
736 3295 923 3366 confirmare
946 3299 1157 3381 dignaremur.
1180 3297 1247 3364 Nos
1269 3315 1346 3363 uaro
1368 3297 1446 3362 uisis
1461 3303 1497 3362 et
1517 3315 1589 3364 exa·

356 3397 483 3464 minatis
500 3399 592 3466 dictis
608 3401 762 3483 capitulis,
780 3401 820 3467 ad
836 3421 874 3468 ea
897 3403 1117 3486 responsiones
1135 3407 1263 3469 nostras
1278 3400 1488 3480 exhibuimus,
1511 3402 1590 3468 sicut

357 3501 408 3568 hic
429 3501 559 3570 inferius
583 3506 778 3586 continetur;
802 3513 835 3572 et
856 3507 973 3588 primo:

399 3605 449 3672 Ad
471 3609 604 3690 primurn
628 3611 809 3693 capitulum,
833 3631 890 3694 per
905 3611 990 3694 quod
1006 3611 1265 3678 recommendant
1280 3610 1539 3676 communitatem
1554 3617 1586 3676 et

358 3709 501 3778 homines
523 3713 607 3782 dicte
627 3715 730 3782 insula
753 3713 889 3782 Gurzule
912 3722 1021 3783 nostro
1052 3715 1206 3795 dominio;
1237 3714 1476 3797 respondemus,
1508 3717 1590 3798 quod
1684 3733 1686 3760 ¹

357 3815 432 3896 quia
446 3835 555 3884 sumus
571 3819 747 3898 certissimi,
771 3819 856 3902 quod
871 3821 940 3902 ipss
956 3821 1161 3888 communitas
1179 3837 1307 3901 semper
1328 3819 1390 3884 erit
1406 3816 1590 3886 fidelissima
1685 3839 1686 3854 ¹

357 3939 434 4004 erga
448 3920 598 3990 honorem
614 3929 648 3991 et
661 3930 779 3991 statum
794 3930 944 4004 nostrum,
968 3925 1055 3990 illam
1070 3943 1194 4010 semper
1216 3923 1402 3991 habebimus
1415 3923 1587 4005 gratiosius

357 4027 591 4094 recommissum
615 4029 698 4095 sicut
719 4029 798 4096 elios
821 4035 950 4097 nostros
974 4029 1117 4096 subditos
1140 4035 1172 4096 et
1194 4027 1306 4095 fideles
1328 4027 1538 4094 Dalmatinos.

398 4128 448 4197 Ad
470 4132 653 4212 secundum,
684 4151 743 4215 per
766 4134 851 4215 quod
872 4139 986 4216 petunt
1008 4131 1279 4200 confirmationem
1305 4131 1499 4212 libertatum,
1523 4139 1590 4198 sta-

357 4239 507 4316 tutorum,
522 4235 781 4304 reformationem
796 4247 829 4303 et
845 4238 1103 4305 consuetudinum
1118 4257 1256 4316 suarum,
1273 4255 1331 4319 per
1347 4255 1402 4303 eos
1417 4237 1592 4318 antiquitus

356 4344 389 4406 et
409 4358 510 4421 nsque
540 4341 634 4407 modo
664 4341 853 4408 usitatarum
876 4347 909 4409 et
931 4342 1075 4408 similiter
1100 4342 1140 4408 de
1170 4359 1268 4407 censu
1298 4341 1431 4420 comitis,
1465 4342 1521 4423 qui
1543 4348 1592 4408 est

357 4441 507 4510 libramm
531 4445 582 4528 vij.
607 4463 795 4528 pumorum;
819 4447 1058 4529 respondemus,
1082 4446 1166 4528 quod
1188 4445 1332 4512 uolentes
1349 4445 1519 4512 ostendere
1537 4464 1591 4512 no·

358 4553 456 4614 stram
476 4549 713 4631 humanitatem,
746 4557 779 4616 et
800 4551 999 4618 clementiam
1021 4569 1098 4634 erga
1120 4551 1237 4618 dictam
1267 4551 1534 4632 conrmunitatern,
1556 4559 1593 4619 ut

357 4653 427 4722 eius
449 4653 612 4723 fidelitatis
635 4656 794 4740 appetitus
811 4656 949 4726 debono
965 4658 998 4724 in
1012 4657 1124 4724 molius
1139 4663 1304 4741 augeatur,
1327 4675 1436 4724 sumus
1451 4659 1591 4726 contenti

357 4765 391 4828 st
411 4759 517 4845 placet
538 4761 627 4836 nonis
649 4760 844 4850 confirmare,
866 4763 948 4830 sicut
968 4762 1000 4830 in
1023 4763 1107 4830 dicto
1130 4763 1267 4846 capitulo
1290 4763 1479 4832 cosmetur.
