3396 5402
1385 492 1426 562 67

184 689 338 776 Augusti,
374 697 407 760 et
429 709 617 776 quecunque
644 711 782 776 persona
815 693 1054 777 contrafecerit,
1088 696 1225 766 cadat¹
1249 698 1289 765 ad
1313 717 1428 800 perram

183 813 415 878 yperperorum
448 797 701 879 uigintiquiuque
735 797 995 881 applicandorum
1028 817 1086 881 pro
1123 801 1246 871 duabus
1283 805 1428 888 partibus

185 900 345 964 communi
368 904 402 964 et
424 899 523 965 tercia
545 900 722 966 accusatori
745 907 779 966 et
801 901 904 983 possit
926 902 1061 984 quilibet
1082 922 1232 972 accusare
1254 912 1288 975 et
1309 908 1429 975 habere

184 1002 319 1067 terciam
342 1005 466 1084 partem
488 1001 593 1066 banni.

230 1103 273 1170 Et
295 1105 437 1188 quilibet,
461 1104 515 1184 qui
539 1104 631 1170 daret
653 1105 685 1170 in
709 1105 858 1188 pegulam
880 1105 1078 1187 facientibus,
1114 1129 1176 1176 non
1198 1113 1299 1194 possit
1321 1111 1428 1196 aliquo

97 1267 100 1272 .
184 1209 312 1289 quesita
334 1207 440 1274 colore
463 1207 608 1289 accipere
632 1227 689 1275 suo
713 1209 860 1292 debitori,
894 1211 1006 1276 sinon
1029 1213 1224 1294 attenderet,
1257 1216 1341 1282 vltra
1363 1223 1427 1283 ter-

183 1310 268 1375 cium
303 1311 480 1379 denarium
506 1312 556 1377 de
578 1311 650 1394 plus
672 1331 767 1394 qnam
802 1313 928 1380 dederit
956 1333 1014 1383 nec
1036 1317 1177 1398 regimen
1211 1321 1428 1406 constringere

182 1414 287 1496 possit
308 1433 404 1483 eum„

214 1626 281 1670 ΟΔΡ.
305 1628 421 1671 oxum.
444 1631 486 1672 DE
508 1627 599 1688 mma,
623 1629 736 1682 amus
759 1629 869 1673 barura
892 1631 966 1674 rma
987 1631 1197 1676 cannosum
1220 1633 1395 1680 suarum.

229 1741 311 1807 Item
332 1749 486 1809 statutum
509 1750 544 1810 et
565 1744 745 1810 ordinatum
767 1751 825 1825 est,
850 1745 934 1826 quod
957 1763 1029 1811 curn
1050 1746 1172 1813 nobiles
1195 1753 1228 1814 et
1248 1768 1357 1817 omnes
1373 1752 1426 1835 aiij

182 1846 226 1913 de
250 1844 387 1928 Curcula
407 1847 537 1914 nimium
559 1853 769 1929 grauarentur
790 1868 810 1912 a
835 1849 952 1915 salario
976 1849 1094 1916 domini
1122 1851 1247 1916 comitis
1271 1854 1319 1918 sui
1343 1857 1427 1922 onrni

182 1967 267 2016 anno
291 1956 324 2017 et
353 1950 495 2016 similiter
528 1969 693 2018 commune
716 1969 808 2018 suurn
831 1950 974 2037 Corqule,
998 1953 1042 2017 vti
1076 1959 1125 2018 est
1159 1953 1369 2038 manifestum,
1394 1964 1435 2026 et

180 2053 277 2118 nimis
311 2052 427 2120 debitis
448 2060 602 2138 manetur
623 2059 657 2121 et
678 2054 795 2121 habeat
828 2056 1049 2136 paruissimum
1079 2056 1260 2138 introitum,
1298 2060 1425 2144 dequo

181 2155 269 2222 male
291 2157 393 2238 possit
415 2156 563 2224 satisfieri
588 2159 733 2224 omnibus
757 2157 873 2225 debitis
895 2159 1055 2240 predictis,
1084 2159 1231 2227 babendo
1261 2181 1357 2245 agere
1377 2172 1428 2234 tot

181 2259 344 2326 laboretis
377 2267 497 2342 quanta
530 2269 604 2328 sunt
626 2261 804 2329 necessaria
827 2263 956 2340 ciuitati,
981 2269 1019 2329 et
1053 2263 1136 2328 vltra
1157 2264 1312 2344 premissa
1334 2276 1426 2351 egeat

181 2363 292 2430 multis
313 2364 385 2447 alijs
407 2365 498 2432 bonis
521 2365 764 2448 prouisionibua
789 2370 854 2430 tam
878 2383 935 2446 pro
966 2366 1247 2448 augumentacione
1275 2369 1424 2438 introitus

183 2467 236 2532 sui
264 2471 297 2532 et
329 2486 387 2549 pro
409 2469 619 2534 diminucione
641 2488 847 2551 expensarum
879 2487 1025 2548 suarum,
1060 2485 1154 2548 quarn
1188 2489 1246 2552 pro
1280 2475 1426 2542 omnibus

182 2569 316 2652 agendis
329 2571 427 2653 ipsius
439 2573 588 2651 ciuitatis,
602 2574 716 2654 quibus
728 2575 874 2638 omnibus
890 2573 1067 2654 sumptibus
1083 2573 1164 2640 male
1179 2581 1288 2654 posset
1299 2595 1357 2659 per
1368 2577 1428 2646 hoc

181 2673 348 2740 consilium
362 2674 533 2756 prouideri,
549 2676 652 2758 ipsum
668 2682 732 2740 tam
748 2694 825 2756 sepe
839 2676 1013 2760 granando,
1028 2693 1085 2756 pro
1102 2681 1191 2744 tanto
1205 2695 1263 2760 pro
1279 2681 1427 2760 porcione

182 2779 324 2844 omniurn
340 2779 553 2862 predictorum
574 2781 679 2861 posita
692 2778 753 2844 init
768 2797 851 2860 pars,
869 2779 953 2861 quod
970 2781 1141 2846 autoritate
1156 2779 1250 2847 buius
1265 2785 1425 2862 presentis

184 2881 308 2966 oonsilij
322 2881 468 2948 dominus
484 2899 587 2948 comes
602 2899 743 2963 presens,
760 2882 907 2950 uidelicet
922 2881 1066 2948 dominus
1083 2883 1271 2949 Pancracius
1287 2884 1426 2968 Georgio

184 3004 256 3052 cum
280 2987 347 3052 suis
376 2985 533 3051 iudicibus
559 2984 733 3050 maioribus
755 2985 874 3068 eligere
897 2986 1036 3052 debeant
1058 2991 1091 3050 et
1121 2986 1244 3066 possint
1265 3004 1366 3068 usque
1387 2987 1428 3052 ad

183 3107 351 3156 numerum
374 3091 483 3156 decern
507 3089 657 3154 nobilium
681 3090 911 3170 sapienciorum
934 3088 1027 3152 huius
1050 3089 1200 3169 ciuitatis,
1224 3089 1316 3156 sicuti
1339 3090 1427 3158 uide·

183 3195 272 3261 bitur
293 3194 350 3272 eis,
374 3211 446 3259 cum
469 3191 585 3272 quibus
600 3192 707 3257 decem
725 3191 791 3257 suis
808 3191 963 3256 iudicibus
979 3193 1102 3272 magnis
1118 3197 1151 3256 et
1166 3193 1275 3273 paruis
1290 3193 1429 3262 habeant

184 3297 369 3364 libertatem
399 3295 587 3378 prouideudi
610 3313 668 3377 pro
703 3297 786 3360 bono
820 3296 922 3360 tocius
956 3291 1091 3376 Curcule
1124 3301 1158 3360 et
1184 3297 1320 3362 omnium
1355 3317 1426 3380 pre·

184 3400 343 3466 dictorum
364 3401 448 3466 inter
475 3399 561 3480 ipsos
591 3405 626 3464 et
655 3417 769 3480 capere
798 3403 932 3479 partem,
963 3403 997 3462 et
1019 3415 1137 3478 ponere
1169 3399 1366 3480 prouisiones
1395 3409 1429 3468 et

185 3505 291 3570 omnia
311 3503 374 3569 alia
395 3501 510 3581 iacere,
534 3503 616 3567 sicut
638 3503 685 3568 eis
707 3501 887 3582 uidebitur3
920 3507 954 3566 et
975 3500 1124 3582 quicquid
1155 3519 1212 3582 per
1245 3501 1341 3584 ipsos,
1375 3504 1428 3572 uel

185 3607 266 3675 duas
289 3612 397 3689 partes
421 3607 563 3688 ipsorum
586 3611 714 3690 captum
737 3606 807 3685 erit,
840 3605 881 3670 sit
908 3603 1033 3668 firmum
1064 3609 1096 3670 et
1120 3609 1222 3669 ratum
1246 3611 1281 3672 et
1310 3606 1427 3688 ualeat,

187 3711 282 3777 sicuti
315 3710 434 3776 iactum
456 3716 543 3777 esset
557 3771 560 3778 ,
576 3728 634 3791 per
660 3715 762 3776 toturn
785 3708 949 3775 consilinm
983 3713 1016 3773 et
1050 3709 1217 3773 nrittantur·
1248 3711 1428 3776 execucioni

188 3815 295 3881 omnia
316 3833 375 3895 per
395 3815 482 3896 ipsos
505 3814 591 3880 iacta
612 3819 646 3880 et
668 3812 793 3878 firmata
815 3831 872 3894 per
895 3812 1055 3877 dominum
1078 3811 1226 3876 comitem
1248 3818 1428 3892 presentem

185 3923 221 3984 et
242 3917 363 3983 iudices
386 3921 420 3981 et
443 3934 627 3984 succesores
649 3935 759 3983 eorum
781 3917 813 3981 in
830 3935 911 3996 perra
924 3933 1154 3998 yperperorum
1177 3914 1427 3998 uigintiquinque

184 4040 244 4104 pro
267 4020 409 4102 quolibet
441 4019 687 4086 contrafaciente
710 4020 759 4085 his
781 4020 925 4085 omnibus
958 4018 1125 4100 predictis;
1148 4022 1183 4082 et
1215 4019 1241 4082 si
1273 4022 1427 4084 statutum

185 4123 352 4192 consilium
368 4129 424 4189 aut
439 4124 681 4190 reformaciones
694 4127 801 4190 essent
813 4129 924 4188 contra
938 4121 1007 4200 boor,
1031 4121 1094 4186 sint
1109 4125 1260 4188 reuocata
1275 4127 1428 4202 qnantum

183 4229 219 4292 in
239 4227 289 4292 his
311 4227 545 4308 suprascriptis.
575 4227 632 4292 Isti
655 4233 730 4292 sunt
752 4224 874 4292 nobiles
898 4223 992 4290 electi
1016 4241 1074 4304 per
1096 4224 1257 4289 dominum
1280 4225 1427 4291 comitem

184 4332 230 4398 ad
253 4330 417 4396 consilinm
451 4329 717 4412 suprascriptum:
751 4329 853 4410 primo
888 4327 1005 4392 domini
1039 4326 1157 4392 iudices
1187 4327 1329 4392 moderni
1368 4345 1427 4394 ser.

182 4435 358 4518 Bogdanus
382 4433 522 4514 Radicbi,
552 4451 611 4499 ser.
636 4433 777 4497 Marinus
799 4431 953 4496 Jobannis
976 4429 1168 4511 Oilgoouiclr‚
1200 4447 1260 4493 ser.
1284 4430 1427 4510 Rapbael

183 4539 319 4621 Angeli3
349 4535 470 4604 iudices
500 4537 639 4602 minores
660 4555 721 4602 ser.
745 4533 900 4600 Antonius
922 4531 1039 4611 Marsa,
1075 4550 1134 4598 ser.
1169 4529 1296 4598 Maleus
1329 4533 1427 4614 Petri,

180 4667 394 4683 ‘v-——--

232 4726 583 4802 wastinensem.
