3416 5350
1313 439 1375 502 143

126 658 243 706 manns
265 639 326 706 sibi
348 643 540 722 amputetur,
565 639 737 707 dnmmodo
760 639 793 704 in
815 640 975 706 sententia
996 644 1110 706 contro
1132 657 1205 706 eum
1227 639 1294 707 lata
1310 659 1376 706 am·

128 745 255 826 putatio
278 743 460 810 nullatenus
482 745 651 822 inseretur,
676 743 773 810 tacite
794 748 902 808 tamen
934 745 966 808 in
997 744 1066 825 ipsa
1097 744 1256 810 sententia
1275 745 1377 827 ipsius

129 866 247 912 manus
279 847 455 930 amputatio
487 847 696 930 intelligatur,
728 864 765 914 ac
787 847 813 912 si
838 847 870 911 in
900 847 973 928 ipsa
1002 848 1161 913 sententia
1191 865 1378 929 expressum

130 949 267 1016 luisset:
290 955 324 1016 ct
346 952 490 1017 executio
514 951 617 1032 possit
640 949 709 1017 lieri
731 967 789 1031 per
812 957 967 1016 rectorem
991 969 1028 1016 ex
1051 951 1161 1032 nigore
1185 955 1218 1017 et
1241 952 1378 1017 anctori-

128 1059 198 1120 tate
220 1055 378 1136 presentis
401 1053 523 1134 statuti,
548 1072 610 1120 non
634 1054 794 1132 obstante,
819 1055 847 1118 si
870 1073 932 1120 non
956 1052 1052 1120 luerit
1068 1055 1101 1118 iu
1116 1053 1201 1120 dicto
1216 1057 1377 1121 sententia

131 1156 219 1237 dicte
243 1175 356 1224 manns
379 1157 558 1240 amputatio
581 1157 753 1224 declarato.
784 1157 828 1220 Et
851 1157 878 1222 si
901 1155 1049 1240 ignobilis
1071 1159 1264 1239 percusserit
1286 1159 1376 1243 igno-

131 1260 240 1343 bilem,
264 1262 415 1344 puniatur
435 1261 468 1326 in
492 1262 602 1329 decem
625 1260 723 1326 libris.

177 1363 212 1430 Si
234 1382 313 1433 uero
336 1365 466 1447 aliquis¹
487 1364 685 1448 percusserit
707 1363 843 1446 aliquem
875 1381 945 1430 cnm
969 1363 1090 1444 baculo,
1125 1365 1178 1432 uel
1202 1383 1273 1432 cnm
1296 1385 1375 1450 qno-

132 1485 270 1550 cumque
299 1469 361 1534 alio
390 1467 485 1551 ligno,
518 1469 549 1532 in
580 1486 643 1549 quo
675 1465 793 1534 fernum
826 1486 888 1534 non
912 1467 1026 1546 lnerlt;
1060 1468 1088 1532 si
1107 1486 1146 1533 ex
1169 1472 1376 1550 percussione

134 1572 278 1656 sangnis,
309 1571 361 1638 uel
392 1572 483 1654 liuor,
513 1572 567 1638 uel
597 1571 678 1637 ossis
710 1569 833 1656 fractio,
867 1571 920 1634 uel
951 1571 1084 1636 membri
1115 1571 1291 1640 debilitatio
1315 1591 1377 1640 non

135 1674 249 1742 luerit:
273 1676 299 1742 si
322 1675 420 1742 luerit
441 1675 600 1758 ignobilis,
625 1675 678 1757 qni
695 1675 890 1756 percusserit
904 1674 1050 1758 nobilem,
1075 1675 1225 1756 puniatur
1240 1677 1272 1742 in
1288 1678 1378 1758 qnin-

136 1781 291 1864 quaginta
312 1779 411 1848 libris.

178 1883 224 1948 Et
252 1883 337 1950 idem
370 1895 407 1948 nt
436 1901 533 1965 snpra
555 1882 752 1964 intelligatur
775 1887 804 1948 el
830 1881 1020 1949 obaeructur
1042 1881 1075 1946 in
1098 1881 1244 1948 omnibus
1266 1889 1300 1950 at
1321 1902 1379 1966 per

134 1986 252 2070 omnia,
276 1988 303 2053 si
326 1987 491 2070 prqdictus
514 1985 661 2070 ignobilia
676 1986 871 2068 percusserit
886 1985 1025 2052 nobilem
1041 1985 1179 2067 aliquem
1195 2003 1266 2052 cnm
1280 1988 1378 2072 ligno,

130 2089 184 2156 nel
207 2091 330 2172 baculo,
363 2091 414 2157 uel
437 2089 651 2172 quocumqne²
673 2089 735 2156 alio
759 2090 857 2174 ligno,
887 2089 919 2154 in
949 2107 1012 2170 qno
1035 2087 1156 2156 ferrum
1178 2109 1242 2157 non
1263 2089 1374 2178 luerit,

133 2196 161 2260 si
194 2213 233 2262 ex
262 2196 333 2277 ipsa
361 2195 564 2277 percussione
594 2195 733 2276 sanguis,
767 2195 820 2259 nel
851 2193 942 2273 liuor,
978 2193 1030 2260 uel
1060 2193 1141 2259 ossis
1173 2194 1294 2276 tractio,
1326 2195 1379 2261 uel

134 2299 270 2364 membri
296 2299 473 2366 debilitatio
497 2316 560 2364 non
582 2297 687 2364 inerit,
711 2298 756 2362 Et
786 2297 814 2362 si
843 2297 958 2364 nobilis
981 2299 1176 2378 percusserit
1197 2297 1379 2388 ignobilem,

133 2405 289 2484 puniatur
310 2405 344 2469 in
365 2423 385 2467 x
407 2403 496 2469 libris
519 2407 553 2468 et
575 2401 602 2468 si
625 2401 740 2468 nobilis
763 2399 975 2484 percusserit⁸
996 2400 1146 2483 nobilem,
1169 2401 1321 2484 puniatur
1344 2403 1378 2468 in

133 2526 209 2573 xxv
232 2507 339 2587 libris3
373 2513 407 2574 et
428 2508 456 2573 si
478 2505 627 2590 ignobilis
650 2505 844 2588 percusserit
865 2503 1045 2589 ignobilem,
1070 2504 1222 2588 puniatur
1251 2507 1284 2571 in
1315 2505 1382 2571 xicl

134 2611 237 2678 libris.

131 2707 138 2722 '
178 2714 213 2782 Si
236 2733 314 2782 uero
337 2715 466 2798 sanguis
489 2714 560 2780 nel⁴
582 2713 665 2779 liuor
686 2719 743 2780 aut
772 2713 852 2779 ossis
875 2711 997 2792 tractio,
1030 2712 1083 2778 uel
1106 2712 1239 2778 membri
1262 2712 1378 2779 debili-

135 2821 217 2886 tatio
241 2825 378 2902 sequuta
399 2819 507 2898 inerit,
539 2817 706 2900 puniatur⁶
729 2835 787 2899 pro
816 2818 970 2900 sangiune
992 2820 1026 2882 et
1047 2815 1149 2882 liuore
1170 2816 1202 2880 in
1225 2816 1381 2898 qninqua-

133 2925 224 3005 ginta
244 2925 344 3004 libris,
377 2942 436 3006 pro
468 2923 539 3004 nlijs
563 2923 595 2987 in
618 2927 746 2988 centnm
776 2920 883 2988 libris:
915 2925 952 2988 et
981 2919 1043 2988 hoo
1072 2919 1175 2986 locum
1197 2918 1317 2984 habeat
1339 2918 1381 2986 do

134 3028 234 3096 nobili
258 3027 299 3093 ad
322 3027 469 3094 nobilem.

179 3131 230 3196 Ex
252 3131 280 3197 si
303 3131 416 3213 aliquis
438 3130 520 3196 irato
543 3129 647 3196 anirno
671 3133 783 3194 contro
804 3128 942 3210 aliquem
963 3127 1143 3212 extraxerit,
1176 3129 1245 3192 sine
1267 3127 1378 3210 enegi-

134 3237 265 3303 nanerit
286 3236 319 3301 in
342 3235 449 3316 aliqua
464 3235 531 3299 rixa
550 3232 712 3312 cultelum,
737 3238 937 3315 spontonem‚
961 3236 1097 3314 spatam,
1120 3230 1300 3297 stoobuml:
1325 3249 1383 3313 pro

136 3340 207 3408 sola
236 3339 434 3406 emroctiono
464 3344 497 3404 ot
526 3337 750 3420 euaginationo
780 3335 1025 3402 condemnetur⁷
1056 3335 1089 3400 in
1119 3336 1259 3416 quinque
1281 3333 1381 3400 libris.

137 3443 171 3510 Si
193 3463 273 3511 uero
295 3443 487 3509 aminanerit
516 3459 588 3506 cnm
618 3441 711 3506 dions
743 3439 850 3521 armis,
880 3439 933 3506 uel
962 3439 1070 3519 aliqua
1100 3439 1241 3520 ipsarum
1272 3443 1383 3504 contra

136 3549 286 3629 aliquem,
308 3548 384 3614 licet
405 3564 469 3612 non
492 3543 695 3627 percusserit,
719 3545 751 3608 in
775 3543 953 3625 quindecim
975 3541 1065 3608 libris
1085 3541 1323 3608 condemnetur.
1348 3540 1384 3606 si

136 3670 215 3720 uero
233 3669 305 3718 cum
320 3651 412 3717 dictis
428 3649 536 3733 armis,
553 3648 605 3714 nel
621 3647 728 3728 aliqua
742 3665 852 3714 eornm
867 3647 1004 3728 aliquem
1020 3645 1213 3728 percusserit
1227 3645 1259 3709 in
1276 3643 1383 3725 aliqua

135 3763 228 3841 parte
251 3753 403 3836 corporis,
427 3753 454 3820 si
477 3771 548 3818 cum
570 3751 665 3835 plaga
688 3756 720 3818 et
735 3751 897 3833 sanguinis
914 3747 1077 3834 effusione,
1102 3747 1334 3816 condemnetur
1348 3748 1382 3812 in

136 3867 265 3929 contum
287 3858 393 3937 libris3
418 3857 446 3922 si
468 3855 554 3922 sine⁸
575 3855 729 3938 sanguine
745 3859 779 3920 et
793 3855 889 3937 plaga
904 3853 935 3918 in
952 3871 1029 3918 xxv
1045 3851 1135 3918 libris
1152 3851 1382 3918 condemnetur

136 3973 170 4033 et
191 3965 255 4032 boc
278 3963 318 4028 de
341 3961 439 4027 nobili
462 3961 503 4026 ad
525 3959 675 4028 nobilem.
706 3959 741 4026 Si
768 3975 845 4026 uero
875 3955 1023 4040 ignobilis
1054 3955 1227 4023 nobilem:
1260 3955 1287 4020 si
1310 3973 1382 4024 cum

136 4067 266 4152 plaga¹⁰
288 4055 324 4132 et'
344 4065 509 4148 sanguine,
541 4065 573 4129 iu
596 4063 740 4130 ducentis
762 4061 853 4128 libris
876 4059 1034 4128 communi
1056 4058 1384 4126 inremissionebiliter

184 4261 196 4296 ¹
219 4261 308 4324 Ood.
336 4258 441 4319 acad.
465 4257 508 4318 B:
534 4250 649 4332 „quiet
729 4249 819 4329 ’Ap
844 4254 971 4330 Ljnb.:
999 4249 1166 4328 „quoque“.
1238 4247 1388 4312 ⁸Verbo

141 4349 320 4432 „ignobilem
332 4379 374 4388 -
387 4341 584 4421 percusserint
602 4341 708 4402 desunt
722 4341 751 4400 in
767 4339 847 4400 eorl.
863 4339 972 4401 acad.
988 4338 1025 4400 Δ.
1085 4335 1097 4370 ⁴
1112 4336 1198 4398 Ood.
1216 4335 1324 4396 acad.
1340 4336 1369 4395 A

104 4437 220 4520 ¹„et“.
291 4426 763 4492 ⁶Doestincod.aoad.A.
828 4423 947 4486 ⁶Coti.
971 4423 1075 4485 acad.
1098 4423 1141 4482 B:
1167 4421 1383 4506 „extocbnm“;

138 4541 185 4599 ap.
208 4520 335 4598 Lan.:
361 4518 443 4594 „sine
464 4509 622 4576 stodium“.
685 4511 799 4574 ⁷(lod.
823 4511 928 4572 acad.
944 4511 972 4572 A
991 4514 1021 4570 et
1035 4509 1077 4570 B:
1101 4508 1382 4587 „condempnatum

142 4603 435 4668 ⁸Deestincod.
466 4601 574 4664 aoad.
605 4601 640 4662 Β.
735 4591 1138 4676 ⁹ibid.:„perousserit“.
1231 4591 1381 4656 ¹⁰ibid:

50 4719 58 4736 ·
138 4685 368 4778 „percusserit“.
