3422 5364
1293 439 1358 504 253

103 638 195 720 tatis,
221 655 284 702 non
306 638 447 704 habeant
469 637 599 718 aliquod
623 639 788 704 arbitrium
812 641 990 722 inquirendi
1009 643 1042 706 in
1058 641 1220 722 aliquibus
1236 643 1362 709 casibus

104 742 139 806 in
163 741 252 806 dicto
276 747 397 808 statuto
421 744 588 818 contentis,
622 761 680 808 nec
716 745 840 824 possint
873 745 1010 826 aliquam
1042 745 1233 812 senteutiam
1257 746 1360 810 crimi-

107 843 219 910 nalem
251 844 406 926 prolerre,
438 847 500 911 nisi
523 865 592 911 cum
621 847 787 926 iudicibus,
816 849 868 928 qui
892 867 948 928 pro
972 855 1115 929 tompore
1146 849 1277 928 luerint,
1308 849 1361 915 uel

108 949 267 1015 maiorem
289 955 413 1030 partem
437 967 557 1022 eorum,
581 968 641 1015 nec
672 951 797 1032 possint
819 969 1001 1026 conuocare,
1041 953 1091 1018 uel
1113 951 1219 1018 iacere
1242 951 1362 1034 pulsari

108 1053 152 1119 ad
176 1053 343 1119 consilinm
366 1055 469 1120 mains
500 1055 569 1119 sine
601 1072 757 1120 consensu
789 1055 945 1122 dictorum
977 1055 1116 1122 iudicum
1146 1055 1200 1121 uel
1230 1053 1358 1122 maioris

106 1158 214 1239 partis
237 1158 379 1238 ipsorum
402 1159 461 1225 sub
484 1176 569 1240 pqoa
589 1159 715 1239 prestiti
730 1161 909 1224 iuramenti.
933 1159 977 1225 Et
998 1159 1025 1224 si
1042 1160 1235 1227 contrarium
1251 1158 1352 1239 lieret,

105 1279 172 1328 non
194 1262 307 1328 ualeat
328 1263 397 1344 ipso
421 1261 499 1341 iure,
524 1280 583 1328 nec
604 1269 780 1344 exequatur
802 1263 866 1330 ullo
890 1263 994 1330 modo.

149 1364 250 1432 Unde
273 1366 380 1448 posito
404 1367 534 1448 partito,
557 1371 596 1431 ut
618 1367 715 1432 moris
741 1374 799 1445 ost,
827 1372 953 1450 captum
974 1377 1007 1434 et
1022 1367 1228 1435 reformatum
1244 1385 1283 1433 ac
1297 1372 1360 1434 sta·

104 1473 214 1535 tutum
238 1475 272 1537 et
294 1470 474 1537 ordinatum
498 1469 559 1535 init
580 1489 639 1552 per
661 1489 783 1550 ornnes,
816 1472 869 1553 qui
892 1471 1023 1537 inerunt
1042 1491 1173 1538 numero
1187 1472 1257 1552 ιμ’,
1281 1471 1363 1537 sicut

107 1574 272 1641 consuluit
295 1573 416 1640 dictus1
439 1573 515 1640 sert
540 1573 739 1653 Fraudatus,
764 1582 909 1654 statuto,
934 1575 986 1642 uel
1002 1575 1226 1643 reformatione
1241 1574 1364 1657 aliqua⁸

108 1697 173 1744 non
204 1679 373 1746 obstantis.
405 1677 450 1744 Et
477 1679 562 1758 quod
594 1679 654 1759 hqc
684 1678 872 1745 reformatio
905 1699 962 1761 pro
997 1685 1117 1747 statuto
1147 1679 1306 1747 habeatur
1327 1682 1362 1745 et

110 1783 208 1850 scribi
234 1783 352 1850 debeat
373 1782 404 1848 in
427 1783 507 1849 libro
529 1787 722 1849 statutorum
747 1783 878 1864 Spalati.

151 1887 226 1970 Ego
250 1887 438 1954 Franciscus
462 1905 524 1953 ser.
548 1886 712 1953 Maniredi
745 1887 784 1952 de
809 1886 921 1953 Surdis
944 1887 984 1954 de
1007 1887 1178 1967 Placentia,
1207 1885 1362 1970 imperiali

108 1991 306 2058 anctoritate
327 1991 471 2057 notarius
494 1997 529 2056 et
549 1991 680 2057 iuratus
704 1993 878 2059 communis
896 1989 1017 2072 Spalati
1042 1991 1083 2057 de
1097 1991 1246 2058 mandato
1263 1991 1363 2057 dicto-

109 2113 181 2160 mm
214 2095 415 2162 dominorum
446 2100 605 2160 rectorum
636 2102 670 2161 et
701 2095 839 2160 iudicum
871 2114 908 2160 ac
930 2094 1030 2160 totins
1054 2095 1172 2176 consilij
1197 2093 1356 2176 generalis

106 2198 179 2284 ch,
205 2204 243 2265 ut
266 2217 363 2282 snpra
385 2199 510 2280 dicitnr,
532 2201 566 2265 in
589 2200 674 2265 dicto
697 2199 779 2265 libro
802 2205 995 2266 statutorum
1018 2199 1139 2280 scripsi.

160 2449 232 2491 CAP·
256 2449 358 2490 xxm.
382 2448 466 2500 QUOD
488 2448 531 2490 An
554 2447 704 2491 aarum
727 2447 949 2491 connaffloatm
971 2447 1095 2489 naam
1117 2446 1302 2489 arantum.

152 2561 205 2628 Ad
229 2563 371 2646 agendus
394 2563 514 2645 optimo
545 2563 615 2646 regi
637 2563 758 2646 gratias
781 2563 980 2630 subditorum
1003 2562 1110 2628 studia
1124 2563 1242 2630 debent
1257 2560 1360 2630 corici·

112 2667 184 2747 tnri,
208 2668 336 2749 quando
359 2667 478 2748 aliquid
500 2667 613 2733 annuit
631 2667 786 2733 utilitatis
810 2667 945 2749 publice,
969 2685 1067 2732 causa
1090 2685 1154 2748 qua
1168 2667 1275 2748 regius
1294 2667 1362 2731 ani·

39 2773 42 2782 '
112 2789 181 2837 mua
215 2789 345 2854 semper
379 2777 504 2854 spectat
535 2779 632 2853 atque
661 2771 734 2838 ideo
769 2771 917 2837 alacriter
946 2770 1162 2851 excipiendum
1196 2775 1245 2836 est
1274 2770 1361 2851 quod

112 2877 294 2942 necessarie
315 2873 448 2942 fnisset*
470 2875 652 2957 optandum.
677 2875 762 2940 Hinc
784 2874 939 2957 estquod
962 2874 1183 2940 serenissimus
1206 2874 1354 2956 princeps

112 2985 145 3045 et
176 2979 325 3046 dominus
355 2985 465 3046 noster
486 2979 669 3046 Ludouicus
691 2979 752 3044 Dei
780 2979 884 3062 gratia
915 2996 971 3042 rer
1000 2976 1165 3058 Hungariq
1197 2995 1254 3058 per
1284 2995 1360 3044 snas

113 3081 241 3150 litteras
265 3085 405 3150 directas
428 3082 578 3150 fidelibus
599 3084 665 3150 suis
688 3068 812 3150 dilectis
835 3083 967 3161 comiti⁶‚
990 3081 1157 3154 indicibus,
1181 3079 1311 3146 consilio
1328 3082 1362 3145 et

118 3188 354 3255 communitati⁶
386 3205 444 3268 sue
477 3189 615 3254 ciuitatis
639 3185 760 3271 Spalati
786 3187 845 3252 sub
867 3187 943 3252 data
964 3187 996 3252 in
1019 3183 1187 3265 Visegrad‚
1219 3183 1270 3248 die
1293 3201 1360 3249 cra-

115 3293 196 3359 stino
209 3291 285 3359 festi
298 3293 464 3358 beatorum
478 3292 566 3358 Petri
582 3297 616 3356 et
626 3291 717 3357 Pauli
729 3291 942 3370 apostolorum
955 3309 1036 3354 anno
1052 3287 1169 3355 domini
1186 3286 1357 3368 Mccclxvij.

117 3395 297 3464 anuendum
322 3395 412 3460 duxit
433 3396 473 3462 de
496 3397 588 3477 regia
610 3395 810 3472 auctoritate,
836 3394 919 3475 qnod
937 3411 1007 3458 omn
1023 3393 1173 3472 deinceps
1189 3409 1286 3472 snper
1301 3389 1358 3456 ali-

120 3499 236 3580 quibus
247 3500 414 3583 sententijs
432 3499 505 3566 latis
520 3499 553 3564 in
568 3499 673 3565 medio
690 3499 831 3580 ipsorum
848 3498 932 3563 inter
947 3495 1124 3562 causidicos
1137 3495 1177 3559 ad
1191 3494 1361 3560 secundam

120 3604 239 3670 curiam
262 3601 385 3685 Spalati
408 3603 496 3668 iuxta
518 3605 674 3669 statutum
698 3602 840 3666 ciuitatis
866 3601 1010 3682 predicte
1041 3597 1138 3664 fuerit
1165 3597 1360 3680 appellatum

120 3705 217 3774 altera
241 3707 389 3791 partium,
413 3724 475 3789 quq
492 3707 533 3774 de
548 3703 720 3773 difinitione
738 3706 912 3772 earundem
928 3703 1159 3770 sententiarum
1174 3703 1206 3768 in
1222 3700 1362 3768 secunda

120 3811 206 3878 ouria
222 3809 345 3894 Spalati
362 3811 496 3876 latarum
514 3811 659 3894 alegaret
681 3829 716 3876 se
732 3828 794 3874 non
817 3828 911 3892 possa
934 3807 1111 3874 contentari
1133 3806 1219 3888 ipsas
1235 3809 1362 3872 senten·

19 3997 20 4004 ἵ
118 3915 178 3980 tias
201 3915 342 3995 secunde
366 3915 452 3995 curiq
475 3913 569 3980 simul
596 3933 667 3980 cum
690 3915 828 3996 partium
859 3911 990 3991 iuribus,
1026 3928 1087 3992 quq
1110 3911 1179 3991 ipse
1203 3907 1360 3987 sententie

119 4024 252 4104 tangunt
273 4038 332 4103 pro
354 4019 490 4101 pleniori
513 4018 692 4100 cognitione
716 4023 749 4083 et
772 4017 932 4084 decisione
954 4015 1136 4094 earundem,
1159 4031 1218 4080 nec
1238 4029 1303 4078 non
1318 4011 1360 4077 ob

120 4124 246 4192 maioris
269 4123 394 4204 iusticie
418 4123 616 4189 cnidenciom
639 4123 680 4188 de
704 4121 817 4188 eadem
835 4121 924 4186 curia
939 4118 1120 4202 Spalatensi
1137 4117 1178 4183 ad
1195 4115 1364 4198 collegium

120 4225 259 4308 Bononiq
277 4227 330 4292 uel
346 4225 456 4308 Paduq
480 4233 536 4293 aut
551 4227 673 4306 Perusij
692 4223 867 4291 bansierre
882 4223 993 4307 possit,
1018 4221 1207 4304 interposita
1221 4218 1366 4301 appella·

120 4330 205 4398 tiona
227 4331 337 4398 nolens
360 4337 394 4398 et
415 4331 540 4397 illarum
562 4330 741 4397 litterarum
765 4328 849 4394 serie
872 4327 1082 4411 committens,
1107 4331 1143 4392 ut
1162 4324 1233 4406 ipsa
1248 4319 1360 4405 appel·

167 4522 475 4602 ¹Deeetap.Ljnb.
540 4518 892 4605 ’ibid:„dominns“.
954 4515 1071 4578 ⁸Deest
1093 4517 1185 4577 ibid.
1248 4511 1363 4576 ‘cod

125 4615 225 4674 acad.
249 4613 278 4673 Α
298 4617 328 4672 et
349 4613 391 4674 B:
418 4609 557 4690 „inisse“.
627 4605 719 4687 ΒΑΙ).
742 4607 874 4686 Lanz
900 4605 1149 4682 „communitati“.
1221 4599 1365 4662 ⁶ibid.:

127 4700 320 4780 „communi“.
