3388 5356
790 1088 1130 1168 GLOSSARIUM.

334 1279 469 1359 Alliga
483 1282 587 1361 (eligo)
607 1317 648 1326 -—
664 1285 764 1362 linum,
783 1302 842 1358 qno
857 1285 955 1360 pisces
971 1284 1195 1359 colligabantur.

332 1369 570 1431 ambasciata
584 1369 712 1448 (mittere
728 1369 781 1448 ·m)
799 1390 839 1426 =
856 1371 1036 1431 ambassiata
1051 1365 1265 1450 (ambaaeede)
1283 1401 1324 1410 —
1339 1367 1457 1442 legatio.

335 1457 592 1517 ambasciator
607 1476 648 1511 =
664 1457 867 1534 ambassiater,
884 1457 1068 1517 ambasiator
1079 1490 1121 1498 -
1132 1457 1257 1532 legatus,
1274 1453 1466 1513 internuntius
1480 1453 1565 1528 oppidi

424 1542 624 1620 districtualis,
642 1542 798 1602 Curaularn
812 1544 851 1602 ad
866 1543 1088 1618 pertractandas
1103 1559 1208 1602 eausas
1223 1541 1357 1616 publicas
1372 1539 1484 1598 missus.
1518 1566 1522 1575 ·

336 1627 613 1703 anehoragium
636 1662 677 1671 -
700 1629 850 1707 tributum,
875 1629 1047 1688 solvendum
1069 1645 1124 1704 pre
1147 1629 1287 1688 facultate
1316 1625 1425 1702 figendi
1445 1641 1566 1686 anooran

424 1714 454 1772 in
469 1718 566 1788 portu.

338 1800 523 1876 angariae
539 1833 580 1843 -·
589 1817 696 1876 operae
704 1801 848 1880 publicae,
858 1819 934 1876 quae
942 1800 1134 1876 popularibus
1142 1798 1269 1859 civitatis
1280 1803 1310 1858 et
1320 1797 1567 1858 insulanurnnIae

424 1887 656 1960 imponebantur.
1641 1900 1646 1909 “

338 1991 430 2032 aren
441 1989 523 2048 gum
533 1971 698 2053 (ermpere
707 1993 748 2028 =
757 1973 935 2050 eoneienari)
946 2004 988 2016 ·-
999 1977 1158 2033 cenventus
1166 1973 1309 2051 publicus,
1320 1972 1415 2032 iorum
1426 1971 1566 2047 publicum.

425 2058 569 2118 Curaulae
583 2075 733 2139 ermpem
748 2059 820 2118 nihil
835 2059 916 2118 aliud
931 2059 986 2119 nisi
1002 2061 1119 2135 plenum
1135 2063 1164 2117 ei
1179 2061 1317 2135 generale
1340 2057 1488 2118 eonsilium
1507 2056 1566 2116 eivi-

424 2143 493 2203 tatis
508 2147 538 2202 et
552 2144 665 2204 insulae
680 2144 834 2220 signifieat.

339 2247 429 2290 arra
444 2261 485 2274 -
501 2233 580 2290 terra
595 2231 683 2308 culta,
703 2235 841 2309 exarata;
857 2231 936 2290 haud
952 2231 1039 2292 dubie
1054 2236 1083 2292 et
1099 2233 1206 2292 salens.

338 2317 495 2376 aaaiare
509 2317 695 2392 —arripere
710 2316 769 2395 („si
785 2317 892 2392 aliquis
903 2317 1053 2398 arriperet,
1070 2319 1100 2377 id
1115 2324 1161 2377 est
1174 2313 1337 2396 nzoferet.
1348 2360 1374 2375 ..
1400 2312 1517 2374 1111111ιι
1532 2347 1566 2356 -

339 2487 460 2549 bailia
476 2522 517 2530 -
533 2488 701 2566 auotoritas,
719 2493 850 2564 potestas
865 2489 1030 2568 („regimen
1045 2490 1154 2551 habeat
1168 2490 1332 2550 libertatem
1349 2493 1380 2547 et
1394 2482 1516 2547 boiliom
1531 2484 1567 2544 is·

425 2573 519 2634 eiendi
534 2574 788 2634 aeeordationem“
806 2593 835 2650 p.
854 2575 927 2653 80.).
1214 2641 1220 2652 ,

339 2661 419 2722 11111
429 2664 492 2720 111
507 2694 549 2702 -
564 2661 656 2735 pilula
667 2679 719 2720 seu
731 2663 816 2738 glans
833 2662 927 2721 ferrea
938 2663 986 2722 vel
995 2664 1132 2738 plumbea
1144 2661 1195 2741 (ad
1208 2660 1375 2720 terrendum
1387 2654 1567 2733 suffragium).

426 2747 528 2806 ballo
537 2749 622 2805 tare
633 2781 673 2789 --
685 2747 859 2806 baiiotissen
868 2748 988 2807 ealeulis
998 2749 1074 2808 ferre
1082 2749 1262 2824 suffragium.
1271 2747 1321 2826 (es.
1330 2763 1396 2820 eap.
1407 2743 1567 2805 CXXXVII.

341 2917 474 2980 barohi
483 2935 569 2994 pare
585 2939 625 2974 =
638 2919 808 2979 barchizare
824 2953 865 2962 -
877 2921 967 2978 beroa
978 2919 1114 2997 (bareha)
1126 2937 1180 2978 sua
1192 2919 1339 2978 adducere
1350 2917 1473 2976 insulam
1483 2914 1568 2994 (nene

425 3005 579 3064 audeat...
597 3001 796 3083 „beredipore
811 3006 910 3064 einum
925 3006 1048 3084 forense,
1065 3024 1118 3066 nee
1133 3007 1256 3067 mereari
1272 3022 1337 3065 oum
1353 3003 1412 3064 aiio
1431 3002 1505 3080 uino,
1520 3000 1569 3062 nisi

426 3089 610 3166 (1111111111ιι
627 3125 668 3134 -—
684 3109 713 3167 p.
732 3091 807 3168 61.).

339 3171 708 3257 1111111111(βαστάζω
718 3181 861 3256 -perte,
878 3177 1214 3255 bajulo)-bajulns-
1224 3178 1350 3238 humeris
1366 3177 1570 3253 oneraportens

425 3262 686 3342 („ooudueentibus
702 3265 820 3324 bladum
835 3281 986 3324 commune
999 3269 1133 3325 teneatur
1148 3266 1218 3325 dare
1234 3265 1419 3342 magapinum
1433 3267 1463 3323 et
1476 3258 1568 3322 boete-

429 3346 512 3408 aioe“
538 3383 579 3392 -
594 3367 623 3424 p.
641 3351 693 3409 44.
710 3367 735 3409 e.
756 3349 797 3426 a.)

342 3433 517 3496 bastasia
534 3469 574 3478 —
590 3436 742 3495 navieulae
757 3436 836 3512 apud
853 3437 1005 3497 Dalmatas
1021 3437 1134 3512 speeies
1150 3437 1201 3496 sed
1217 3442 1247 3496 et
1261 3435 1387 3512 quodvis
1402 3435 1481 3496 aliud
1499 3432 1569 3492 vehi-

427 3521 523 3582 eulum
545 3521 604 3599 („si
619 3539 676 3580 nen
698 3525 783 3580 erunt
803 3523 939 3581 custodes
961 3524 1000 3583 sd
1023 3523 1142 3583 bladum
1164 3523 1376 3599 portandum..
1399 3521 1571 3598 reperiantur

427 3602 585 3668 betasim‘
603 3641 644 3650 —-
661 3608 786 3686 „dentur
800 3604 939 3668 destasia
954 3613 984 3668 et
998 3607 1170 3684 1113111111ι
1188 3643 1229 3654 -
1244 3627 1273 3685 p.
1293 3607 1388 3686 lit).

341 3691 544 3754 bazariota
559 3727 600 3736 —
616 3698 769 3772 mereator,
786 3694 836 3768 qui
851 3711 913 3753 rem
928 3695 1006 3772 emit,
1022 3695 1200 3754 revendendi
1215 3713 1280 3755 eam
1294 3712 1385 3754 eausa
1396 3693 1501 3771 majori
1514 3707 1570 3768 pre

427 3780 477 3838 tio.
494 3778 626 3856 („emuut
642 3779 737 3855 pisces
753 3784 782 3838 et
797 3781 893 3838 selant
908 3798 997 3840 eausa
1013 3779 1210 3840 reuendendi“
1228 3815 1268 3824 -
1284 3799 1313 3856 p.
1331 3779 1429 3858 205.).

427 3865 471 3926 ef.
489 3883 517 3922 v.
534 3861 660 3937 bezzmr,
681 3863 818 3926 boazero
840 3883 889 3941 ap.
906 3867 959 3925 ii:
978 3866 1147 3945 „I'Ii1rehi,
1166 3885 1182 3927 e
1199 3868 1299 3942 quindi
1320 3867 1362 3943 gli
1378 3866 1458 3926 Slavi
1473 3861 1571 3924 sudditi

427 3951 456 4010 ai
472 3951 582 4010 11111111
597 3969 613 4011 e
629 3953 697 4011 altri
712 3952 792 4012 Slavi
805 3969 921 4030 ancora,
938 3969 1030 4012 usaue
1036 3969 1152 4032 perer,
1170 3971 1241 4012 vooe
1252 3953 1399 4030 persiana,
1412 3953 1459 4011 nel
1472 3949 1569 4026 doppio

429 4053 515 4096 senso
531 4038 560 4097 di
575 4038 714 4116 Mercede,
731 4039 793 4098 eioe
808 4038 855 4097 del
871 4055 1010 4114 prensare
1024 4040 1052 4100 le
1067 4055 1135 4098 eoae
1149 4057 1204 4115 per
1221 4040 1384 4115 eomprarle
1403 4055 1419 4098 e
1434 4035 1570 4110 venderle,

430 4141 446 4184 e
462 4122 508 4181 del
524 4124 612 4198 luogo
630 4142 685 4183 ove
700 4125 864 4183 eoneorresi
879 4143 897 4184 a
912 4143 1064 4202 eomprare
1079 4143 1096 4184 e
1111 4126 1237 4186 vendere
1252 4126 1282 4185 di
1298 4127 1387 4184 melte
1402 4121 1500 4184 eose.“

344 4209 495 4270 berlina
511 4243 552 4252 -
568 4227 679 4284 poenae
694 4210 861 4269 insumentis
877 4212 989 4287 speeies
1005 4211 1243 4289 („meretrix....
1259 4212 1328 4288 poni
1340 4212 1446 4272 debeat
1461 4205 1504 4269 ed
1513 4203 1570 4267 ber·

428 4292 526 4356 tinam
541 4300 570 4354 et
585 4299 663 4355 stare
678 4314 732 4371 per
746 4314 835 4356 vnum
850 4295 946 4356 diem“
963 4300 996 4372 p.'
1011 4296 1084 4374 te).
1102 4331 1142 4340 -
1158 4299 1248 4357 Ferro
1263 4299 1387 4358 retonde
1399 4299 1446 4356 nel
1457 4296 1539 4371 quale
1548 4291 1571 4350 si

429 4385 517 4440 mette
532 4381 553 4440 11
569 4383 644 4441 oello
660 4383 697 4441 de
712 4383 870 4442 malfatter.

344 4468 540 4528 bernestra
556 4501 596 4510 -
613 4468 767 4528 linteamen
783 4486 812 4526 v.
828 4468 887 4528 alia
902 4470 992 4528 vestis
1007 4469 1097 4528 lintea
1114 4469 1311 4547 („baiueando
1327 4471 1419 4529 linum
1439 4485 1489 4528 seu
1509 4463 1571 4526 ber·

427 4551 594 4613 aestrom“.
611 4571 640 4629 p.
659 4554 733 4631 93.).
1162 4579 1163 4582 ¹

343 4639 494 4698 bladum
511 4671 552 4681 -
567 4640 693 4699 tritieum
709 4640 839 4716 cujusvis
854 4639 984 4720 generis,
1001 4641 1145 4701 interdum
1160 4642 1285 4715 quodvis
1299 4659 1458 4717 granorum
1477 4657 1572 4718 genus,

428 4725 611 4802 frementum,
629 4726 724 4804 siligo,
741 4725 891 4805 hordeum,
908 4745 1003 4786 avena
1018 4731 1072 4787 ete.
1093 4727 1157 4806 („in
1180 4728 1291 4802 eampis
1315 4733 1431 4804 segetes
1452 4729 1497 4788 uel
1517 4727 1572 4786 irn-
