3396 5402
1302 477 1361 550 107

180 688 381 773 „Suplicasse
403 709 460 774 per
483 697 573 774 perte
596 693 719 758 deser.
746 693 875 760 Zuanne
902 693 1065 779 Radetini,
1097 711 1157 760 ser.
1181 695 1301 762 (liriaco
1324 697 1364 762 de

16 781 17 794 ¹
130 793 236 875 Lura,
271 815 332 862 ser.
363 795 466 861 Maria
488 807 520 863 et
543 796 672 862 Zuanne
693 803 726 862 et
749 798 820 863 altri
847 799 900 881 pin
932 797 1129 864 Zentilomini
1159 799 1199 864 de
1222 799 1363 884 Ourania,

131 899 191 965 cbe
212 919 248 966 se
271 901 386 968 debbia
405 902 560 996 ‘conceder
582 902 695 968 liberta
710 919 768 984 per
783 903 815 966 lu
833 907 982 985 presente
1008 903 1169 986 conseglio
1187 905 1227 970 ad
1243 905 1363 970 cadaun

133 1000 312 1070 Curzolano
335 1011 369 1070 et
388 1006 551 1072 habitator
573 1006 613 1071 do
637 1004 782 1087 Cumola,
818 1006 892 1087 quel
915 1007 1053 1074 hauesse
1074 1008 1163 1089 liolo,
1199 1027 1277 1074 ouer
1299 1007 1364 1074 finli

129 1108 326 1194 inobedienti
348 1115 381 1176 et
402 1111 619 1192 spetialmente
640 1109 662 1175 li
685 1111 770 1192 quali
792 1131 827 1178 se
849 1119 984 1194 partone
1008 1113 1060 1178 dal
1082 1114 1181 1195 padre
1197 1133 1291 1180 senza
1307 1133 1365 1180 sua

131 1214 271 1297 volonta,
296 1215 352 1280 cbe
375 1217 481 1284 niente
504 1234 566 1280 non
590 1234 725 1297 possano
748 1217 847 1283 haucr
870 1217 910 1282 de
933 1219 1005 1282 beni
1028 1220 1163 1304 paterni,
1199 1238 1277 1284 ouer
1298 1237 1364 1284 rna-

131 1319 225 1398 terni
249 1337 290 1384 ne
312 1321 343 1384 in
366 1321 439 1394 rita,
471 1340 512 1386 ne
533 1321 565 1384 in
588 1327 689 1386 morte
712 1340 769 1403 per
791 1322 880 1404 vigor
904 1322 943 1388 de
966 1323 1056 1387 alcun
1093 1329 1230 1402 statuto,
1265 1323 1365 1389 refor-

130 1424 260 1507 mation,
285 1441 362 1489 ouer
384 1424 462 1502 leze,
486 1424 543 1490 che
567 1426 598 1489 in
621 1427 777 1490 contrario
800 1427 960 1508 pariasse;
994 1446 1029 1492 se
1051 1446 1113 1492 non
1135 1433 1224 1494 tanto
1247 1434 1363 1508 quanto

131 1528 161 1594 el
183 1529 283 1610 padre
306 1529 346 1593 de
370 1530 432 1594 cosi
456 1527 527 1594 fatti
549 1528 612 1613 fiel,
634 1547 714 1595 ouer
733 1529 796 1595 fioli
820 1533 861 1595 ad
884 1550 942 1598 suo
964 1532 1160 1614 beneplacito
1184 1525 1260 1600 vora
1276 1533 1367 1613 dare,

131 1651 210 1698 ouer
238 1633 368 1699 lassare.
403 1634 447 1698 Et
466 1653 523 1714 per
552 1635 652 1699 simile
675 1655 710 1698 se
732 1636 862 1700 intende
884 1637 923 1700 de
946 1635 1018 1702 fiola
1041 1637 1155 1703 femme
1182 1657 1258 1712 vna,
1288 1657 1365 1704 ouer

130 1738 194 1819 piu,
220 1737 279 1804 che
300 1738 416 1805 fosse.“

174 1843 364 1925 Superque
396 1845 548 1926 petitione
571 1865 631 1911 ser.
655 1845 796 1910 Braneus
820 1846 951 1911 loannis
987 1847 1133 1911 Radetini
1156 1865 1288 1928 surgens
1323 1847 1363 1912 ad

16 1951 17 1958 ’
131 1967 283 2030 arengum
317 1950 504 2014 contradixit
535 1953 751 2032 reprouerauit
785 1951 912 2024 dicens,
947 1953 1046 2033 ipsam
1076 1953 1262 2034 petitionem
1294 1970 1364 2016 esse

132 2053 247 2119 factam
269 2055 301 2118 in
324 2053 466 2120 fraudem
489 2061 522 2119 et
544 2057 763 2122 detrimentum
788 2057 844 2134 sui,
879 2057 1026 2122 mandato
1050 2062 1083 2120 et
1105 2056 1257 2138 petitione
1289 2055 1364 2120 dicti

131 2178 191 2224 ser.
216 2160 349 2226 Joannis
373 2163 421 2226 sui
445 2162 554 2244 patris,
579 2163 632 2243 qui
655 2180 727 2226 eum
750 2161 895 2242 decipere
931 2162 1067 2226 intendit
1089 2168 1123 2226 et
1146 2160 1302 2242 expellere
1325 2161 1364 2224 dc

132 2265 226 2331 domo
250 2285 323 2345 sua;
359 2272 392 2330 et
414 2285 470 2347 pro
505 2271 595 2332 tanto
619 2267 710 2348 petth
745 2285 815 2332 cnm
837 2267 1081 2347 protestatione,
1114 2266 1218 2347 ipsum
1241 2285 1260 2330 a
1282 2265 1365 2328 dicta

130 2370 287 2453 petitione
310 2377 344 2434 et
366 2370 589 2436 reformatione
604 2371 737 2456 excludi,
761 2384 930 2450 antequam
948 2389 1021 2452 pars
1037 2369 1132 2434 vadat
1147 2376 1180 2434 et
1195 2375 1364 2449 antequam

130 2471 282 2540 mittatur
299 2476 449 2556 partitus:
473 2481 585 2558 petens
608 2481 683 2540 tunc
705 2477 861 2542 licentiam
884 2495 904 2540 a
926 2475 1008 2539 dicto
1025 2495 1080 2540 suo
1100 2481 1189 2556 patre
1205 2493 1269 2540 non
1285 2472 1366 2538 velle

132 2599 240 2648 secum
265 2585 359 2646 stare.
395 2581 486 2646 Vnde
516 2581 611 2646 misso
645 2581 762 2662 partito
797 2580 964 2660 diligenter
985 2599 1042 2661 per
1065 2581 1164 2646 dictos
1197 2579 1365 2644 Dominum

131 2687 278 2752 comitem
302 2691 334 2750 et
356 2685 475 2750 iudices
498 2686 538 2750 ad
560 2685 706 2750 bussulas
733 2691 766 2750 et
790 2685 924 2750 ballotas
940 2705 1027 2750 more
1043 2684 1137 2750 solito
1152 2691 1185 2748 et
1200 2687 1365 2748 consueto:

134 2799 264 2872 captum
287 2797 321 2853 et
343 2790 505 2856 obtentum
540 2789 599 2878 luit
632 2811 690 2872 per
722 2789 857 2854 baliolas
880 2791 940 2854 xlv.
964 2809 1026 2856 non
1060 2789 1258 2854 obstantibus
1281 2807 1310 2852 x.
1334 2787 1365 2850 in

132 2896 324 2962 contrarium
348 2896 492 2976 repertis,
517 2896 602 2976 quod
618 2897 702 2961 dicta
717 2895 826 2976 petitio
842 2895 955 2960 amodo
972 2895 1003 2959 in
1019 2901 1114 2962 antea
1131 2896 1232 2959 locum
1248 2893 1366 2958 habeat

132 3007 164 3066 et
175 3001 275 3065 robur
286 3000 465 3064 autenticae
477 2999 718 3065 reformationis
743 3001 784 3065 Et
796 3019 852 3080 pro
865 2997 1088 3066 reformatione
1101 3004 1220 3066 statuto
1233 2997 1364 3063 authen·

132 3107 194 3170 tico
218 3105 407 3186 registretur
427 3105 459 3169 in
482 3105 642 3184 quaternis
665 3105 920 3170 reformationum
944 3105 1106 3170 Cumulae.

188 3393 258 3436 GAP.
283 3393 385 3439 Oxnvl.
409 3393 450 3434 DE}
472 3393 613 3436 ARGUBUS
637 3393 801 3436 nuculeum
825 3394 922 3434 SUPER
944 3393 1069 3435 ananus
1093 3395 1126 3434 Ill
1150 3391 1305 3434 clvm'cm.

174 3529 259 3594 Item
288 3529 399 3594 eodem
433 3529 601 3595 Millesimo
632 3537 665 3596 et
686 3531 878 3608 Indictione,
913 3529 964 3594 die
997 3546 1072 3594 vero
1104 3533 1216 3593 octaua
1249 3527 1365 3592 mensis

131 3633 262 3716 Aprilis.
285 3633 322 3698 In
345 3634 473 3699 consilio
497 3641 623 3716 captum
647 3639 679 3702 et
702 3636 864 3702 obtentum
884 3634 944 3698 fuit
959 3653 1016 3715 per
1031 3633 1167 3698 ballotas
1183 3633 1222 3696 xl.
1240 3632 1367 3698 bullotis

131 3739 202 3821 xvij.
229 3739 262 3801 in
285 3739 478 3803 contrarium
514 3742 649 3820 repertis
682 3739 983 3822 nonobstantibus,
1015 3738 1098 3820 quod
1129 3737 1261 3818 quilibet
1290 3719 1367 3802 ciuis

131 3841 334 3910 Curzulensis
365 3843 471 3908 valeat
494 3850 527 3909 et
549 3845 665 3925 possit,
701 3862 737 3909 ac
759 3843 818 3910 sibi
842 3843 945 3923 liceat,
969 3845 994 3928 si
1016 3843 1172 3924 indigebit
1201 3859 1259 3926 pro
1282 3860 1365 3907 com·

16 3977 18 3982 v
131 3948 226 4014 modo
251 3965 330 4013 suae
351 3947 554 4014 habitationis
578 3947 683 4014 facere
706 3954 740 4013 ct
762 3946 829 4013 fieri
852 3949 956 4013 farcere
980 3967 1077 4029 super
1099 3949 1206 4014 stratis
1222 3947 1365 4013 Commu·

16 4105 17 4108 ,
130 4055 179 4118 nis
202 4073 261 4138 pro
285 4053 374 4120 aditu
397 4053 436 4116 de
461 4054 553 4118 domo
576 4054 616 4119 ad
640 4053 765 4120 domum
788 4053 995 4120 archiuoltum
1012 4053 1182 4136 lapideum,
1205 4054 1273 4118 siue
1288 4069 1366 4134 pon-

16 4211 17 4214 *
130 4165 193 4222 tem
219 4158 304 4223 iufra
326 4158 453 4238 domos,
487 4158 555 4223 siue
577 4177 684 4222 muros
707 4159 859 4224 conuicini
884 4163 995 4240 sponte
1018 4158 1257 4236 consentientis;
1293 4159 1367 4224 dum

131 4268 235 4328 tamen
261 4263 379 4330 dictum
402 4263 611 4329 archiuoltum
634 4283 745 4342 vnum,
776 4265 826 4330 vel
849 4265 941 4346 pluro
964 4265 1026 4330 sint
1049 4270 1157 4330 tantae
1180 4265 1366 4346 altitudime,

131 4369 214 4448 quod
238 4367 387 4434 habiliter
410 4375 443 4434 et
465 4369 611 4450 expedite
635 4370 692 4434 sub
717 4369 765 4433 his
790 4369 902 4434 deduci
926 4369 1053 4434 valeant
1084 4373 1224 4454 vegetae,
1255 4371 1369 4435 linaria

132 4479 163 4536 et
185 4471 236 4536 his
262 4473 385 4540 similia.
418 4473 462 4538 Et
484 4474 544 4539 boc
566 4472 635 4540 fieri
657 4475 759 4556 possit
782 4493 878 4558 super
900 4493 1008 4542 omnes
1032 4481 1149 4540 stratas
1171 4475 1270 4556 ipsius
1293 4474 1369 4539 ciui-

131 4578 215 4654 tatis
240 4579 382 4659 exceptis
405 4580 523 4659 stratio,
549 4598 611 4660 qua
632 4581 697 4645 itur
720 4580 919 4645 circumcirca
940 4599 1047 4646 muros
1063 4581 1200 4646 ciuitatis
1217 4585 1250 4646 et
1267 4585 1368 4646 strato

132 4682 267 4750 tendens
290 4701 348 4764 per
369 4684 507 4749 medium
530 4685 676 4770 ciuitatis,
701 4684 847 4752 videlicet
870 4703 932 4766 qua
953 4685 1017 4752 itur
1039 4705 1058 4751 a
1080 4693 1172 4768 porta
1195 4687 1366 4752 interram

133 4803 231 4868 vsqne
255 4787 297 4854 ad
320 4789 432 4854 turrim
455 4789 570 4857 Barim.
