3434 5368
533 680 600 725 oar.
624 681 654 723 v.
676 681 720 724 ur
741 679 950 725 rusqussrorrs
972 660 1106 726 uarus.²

239 815 321 881 Item
344 815 528 896 statuimus,
563 815 698 898 quodsi
721 816 791 899 quis
814 817 1008 898 percusserit
1029 817 1070 882 da
1092 835 1186 882 mauu
1212 817 1263 884 uel
1296 816 1441 885 iniecerit

190 939 311 987 manus
332 921 365 985 in
389 920 525 1002 aliquem
556 920 730 994 uiolentas,
761 921 876 1002 perdat
897 937 1057 1004 yperpera
1078 921 1157 1000 tris3
1192 925 1225 989 at
1249 921 1276 987 si
1298 941 1362 988 non
1384 922 1441 988 ha·

188 1023 301 1091 buerit
327 1023 410 1089 uude
440 1025 582 1104 soluere,
611 1022 782 1103 frustatur;
811 1029 845 1089 st
875 1024 902 1090 si
929 1023 1064 1108 fugerit,
1098 1043 1202 1092 eomes
1236 1026 1371 1108 resipiat
1399 1025 1440 1092 ds

190 1129 292 1195 rebus
316 1127 383 1193 suis
405 1127 437 1192 in
460 1127 609 1210 duplum;
632 1133 666 1194 et
687 1128 714 1193 si
738 1145 801 1193 nun
823 1127 972 1194 habuerit
987 1133 1095 1194 tentam
1119 1145 1179 1208 res,
1204 1129 1246 1194 sit
1267 1129 1300 1194 iu
1322 1129 1440 1207 banuo,

191 1231 346 1313 quamdiu
369 1230 561 1312 persoluerit
583 1231 777 1296 antedictum
800 1229 948 1313 duplum3
984 1237 1018 1298 st
1040 1233 1069 1296 si
1091 1249 1262 1313 percussus
1284 1233 1438 1300 reclama·

190 1335 289 1414 uerit,
319 1335 438 1401 habeat
467 1334 670 1400 medietatem
693 1333 790 1400 banni
813 1341 847 1401 et
868 1333 951 1400 infra
973 1334 1015 1401 ad
1037 1335 1235 1402 uoluntatem
1259 1335 1382 1402 comitis
1405 1339 1438 1402 st

193 1438 327 1504 maioris
349 1438 452 1520 partis
476 1437 610 1502 consilii.

604 1683 672 1728 OAP·
696 1685 739 1726 vl.
762 1685 805 1727 DE
826 1684 1032 1729 nstromus.

235 1820 318 1886 Item
341 1817 518 1898 statuimus,
542 1821 578 1882 ut
599 1817 788 1899 quicumque
812 1815 937 1883 iuratus
960 1815 1057 1884 fuerit
1071 1835 1187 1900 pessus
1213 1817 1266 1884 uel
1293 1835 1436 1904 peccora,

193 1941 273 1990 oues
296 1922 349 1988 uel
372 1923 509 1988 minutas
531 1921 660 2005 bestias,
682 1919 797 1986 reddat
819 1919 938 1986 furtum
954 1921 986 1986 iu
1002 1921 1229 2006 quadruplum
1253 1927 1287 1986 at
1309 1939 1438 2003 pereum

193 2033 228 2091 at
261 2027 385 2091 asinum
406 2025 439 2090 in
462 2024 608 2107 triplum3
641 2025 741 2091 boues
773 2030 806 2090 et
835 2043 934 2106 equos
958 2031 991 2092 et
1014 2027 1156 2090 iumenta
1184 2027 1217 2090 in
1250 2023 1380 2108 duplum
1404 2029 1439 2088 st

193 2129 310 2211 perdat
332 2129 499 2198 ueritatem
522 2128 554 2192 in
577 2132 766 2210 perpetuum
789 2133 822 2194 et
843 2128 1040 2194 credentiam
1056 2128 1088 2193 iu
1105 2128 1188 2194 omni
1213 2146 1318 2208 sauss,
1342 2125 1437 2193 etde

193 2233 298 2314 pretio
321 2231 398 2297 furti
421 2231 515 2297 detur
536 2231 632 2312 plena
654 2229 734 2298 fides
757 2235 902 2314 patrono,
926 2232 975 2297 aui
992 2231 1116 2297 turtum
1137 2229 1261 2310 fuerit,¹
1280 2248 1338 2313 per
1352 2229 1436 2294 iura·

192 2341 345 2402 mentum.
380 2333 473 2402 Etsi
496 2333 617 2400 turtum
639 2333 751 2402 iecerit
773 2335 887 2418 aliquis
910 2335 950 2401 de
973 2335 1117 2402 ualentia
1145 2334 1279 2400 duorum
1301 2352 1436 2418 yperpe-

192 2457 301 2505 rorum
325 2443 359 2506 at
381 2437 473 2518 inira,
496 2441 530 2504 et
551 2456 615 2504 non
637 2437 787 2511 habuerit
809 2439 892 2504 vnde
908 2438 1042 2518 saluere,
1066 2439 1238 2504 seeundum
1262 2438 1348 2521 quud
1371 2437 1435 2504 diu-

193 2548 262 2608 tum
285 2547 336 2607 est
358 2561 471 2624 supra,
503 2539 673 2620 frustetur3
711 2542 806 2608 etde
829 2541 972 2611 ualentis
1000 2541 1132 2607 duorum
1163 2528 1263 2625 usque
1286 2541 1435 2624 quinque,

193 2651 229 2712 et
250 2664 313 2710 uon
335 2645 484 2712 habuerit
512 2645 595 2710 vnde
618 2645 759 2722 soluere,
795 2645 970 2711 seeundum
1000 2647 1086 2728 quod
1116 2645 1233 2712 dietum
1256 2653 1306 2714 est
1328 2665 1434 2731 supra,

192 2749 350 2816 frustatur
372 2755 406 2814 et
426 2749 569 2817 bellatur
590 2767 653 2813 vna
675 2749 901 2831 impressione;
926 2749 1014 2816 etde
1030 2749 1435 2834 ualentiaquinquayper·

191 2872 342 2936 perosum
376 2869 476 2935 usque
498 2871 528 2916 x.
552 2851 725 2918 seeundum
759 2851 844 2933 quod
876 2852 1068 2918 dictumest
1091 2871 1204 2938 supra,
1239 2859 1273 2920 et
1294 2871 1357 2920 nun
1379 2852 1435 2919 hs·

192 2957 301 3024 buerit
322 2956 405 3022 vnde
428 2957 565 3030 soluere,
590 2956 703 3038 perdat
718 2956 841 3021 oculum
859 2956 1037 3034 sinistrum3
1061 2961 1093 3022 et
1109 2956 1147 3021 de
1163 2955 1308 3024 ualentia
1324 2957 1434 3024 dacem

191 3079 294 3142 esque
317 3059 359 3126 ad
382 3061 495 3143 uiginti
517 3077 683 3144 yperpere,
708 3065 741 3124 et
757 3077 819 3125 nou
834 3059 983 3126 habuerit
1003 3059 1086 3126 uude
1102 3059 1238 3140 soluere,
1263 3063 1435 3130 secuudum

192 3165 279 3246 quod
301 3165 420 3230 dietum
443 3168 495 3230 ast
516 3163 673 3246 superius,
696 3163 813 3245 perdat
835 3181 962 3228 manum
985 3163 1161 3244 sinistram3
1185 3169 1219 3231 et
1234 3164 1275 3232 de
1290 3164 1435 3234 ualsuaiu

190 3289 243 3333 xx.
267 3265 432 3348 usquead
455 3285 522 3330 xxx.
545 3285 702 3348 yperpera
724 3273 757 3334 et
779 3285 842 3332 nou
865 3267 1014 3332 habuerit
1043 3268 1126 3334 vnde
1148 3268 1290 3348 soluere,
1322 3289 1433 3338 seeun-

194 3372 271 3437 dum
294 3372 378 3453 quod
401 3369 518 3435 dietum
535 3375 707 3453 estsuper,
730 3370 961 3452 suspendatur,
984 3376 1018 3436 et
1033 3371 1059 3436 si
1075 3370 1200 3452 fugerit,
1223 3373 1266 3438 sit
1283 3372 1315 3438 in
1330 3372 1434 3440 banno

190 3473 373 3556 perpetuali
396 3480 431 3540 et
451 3475 566 3555 perdat
599 3473 705 3540 omniu
735 3475 819 3539 bona
848 3479 962 3563 suaet
985 3474 1172 3540 deueniant³
1199 3475 1231 3540 iu
1259 3491 1432 3544 commuue.

190 3579 283 3643 Etsi
306 3578 377 3658 ilis,
412 3577 463 3642 aui
486 3577 622 3642 furtum⁴
644 3577 756 3656 fuerit,
792 3596 855 3644 uun
886 3579 1085 3643 accusauerit
1111 3577 1165 3644 uel
1195 3579 1435 3648 conaurdauerit

190 3701 261 3747 eum
277 3681 419 3766 „latrone
442 3687 476 3746 et
498 3699 603 3746 eomes
626 3701 684 3762 per
715 3680 794 3745 alius
829 3680 977 3758 miserit,
1012 3680 1128 3747 habeat
1151 3687 1185 3747 et
1207 3687 1315 3764 portat
1344 3683 1432 3749 illum

189 3803 315 3867 penam,
351 3803 445 3866 quam
468 3783 646 3850 huiusmodi
668 3785 800 3851 deberet
822 3783 874 3850 iur
896 3791 1033 3867 portare,
1065 3791 1099 3851 et
1121 3785 1203 3853 latro
1235 3787 1432 3870 suprascrip·

190 3894 256 3953 tam
280 3905 395 3970 penam
418 3893 540 3969 portet3
575 3889 657 3956 etsi
695 3889 748 3954 ille
772 3889 822 3954 cui
844 3888 962 3955 factum
986 3889 1083 3955 tuerit
1105 3888 1233 3972 furtum,
1257 3891 1339 3958 inira
1361 3899 1433 3959 ueto

192 3993 261 4057 dies
284 3991 504 4059 reelamauerit
527 4009 632 4058 coram
656 3993 782 4058 domiuo
806 3994 927 4074 comite,
959 3994 1078 4062 habeat
1101 3996 1304 4063 medietatem
1326 3997 1432 4078 banni,

192 4101 227 4162 et
249 4095 277 4160 si
300 4114 363 4160 uun
386 4094 624 4176 reclamauerit,
658 4101 692 4164 et
715 4113 820 4162 sumes
843 4116 902 4179 per
924 4097 1003 4164 ulios
1027 4097 1166 4180 samarit,
1203 4097 1279 4164 nibil
1302 4099 1428 4185 habeat,

191 4198 249 4266 sed
273 4198 388 4280 perdat
411 4215 525 4279 penam
548 4199 651 4264 istam.

237 4425 248 4460 ¹
264 4427 307 4487 dt.
325 4444 387 4501 esp.
406 4425 440 4488 V.
456 4427 573 4486 statuti.

234 4509 306 4574 'Sa
324 4513 440 4574 fastum.
456 4513 583 4574 Pretium
600 4515 640 4574 rei
657 4516 792 4589 patrunus
808 4515 964 4576 iuramento
980 4533 1030 4575 auo
1045 4516 1188 4576 affirmare
1203 4517 1335 4578 debebat.

240 4597 251 4634 ³
266 4600 310 4682 Su.
328 4600 400 4660 baua
415 4600 514 4675 ipsius.

237 4684 310 4748 ‘sa
326 4684 442 4746 fautum.
460 4686 503 4748 Of.
519 4686 570 4750 iui.
