3398 5354
589 676 656 720 oar.
680 677 751 718 xnv.
777 677 922 720 curamur
946 677 1077 720 mennon
1098 678 1147 720 arr
1170 655 1358 720 nocueran¹.

395 791 475 856 itern
499 797 653 857 statutum
677 801 710 857 et
732 793 910 858 ordinatum
935 799 993 870 est,
1018 794 1104 874 quod
1123 812 1219 875 super
1243 793 1389 858 omnibus
1412 797 1449 856 et
1464 791 1594 874 singulis
1668 775 1670 872 ξ

347 895 540 976 supradictis
572 896 717 977 capitulis
751 902 784 962 et
813 896 1041 962 ordinamentis
1073 897 1204 962 cuilibet
1233 897 1329 962 liceat
1351 897 1542 962 denuntiare
1563 905 1591 960 et
1668 873 1670 960 i

352 1015 501 1064 accusare
524 1003 557 1064 et
579 996 698 1065 habeat
721 999 923 1066 medietatem
946 1001 1041 1066 banni
1065 1007 1098 1066 et
1120 1007 1267 1066 teneatur
1290 1001 1447 1082 priuatus.

504 1245 572 1289 ou.
595 1245 680 1288 xnvl.
704 1246 747 1288 1>1r
769 1246 872 1289 BMDO
894 1247 934 1288 M
956 1245 1035 1290 sm
1058 1245 1225 1290 (imm
1248 1245 1430 1290 suanum.

392 1361 473 1426 Itern
504 1365 660 1427 statutum
684 1367 717 1428 et
740 1361 918 1428 ordinatum
942 1366 1000 1440 est,
1032 1363 1117 1442 quod
1145 1362 1178 1426 in
1208 1361 1363 1443 predictis
1394 1361 1536 1427 omnibus
1558 1367 1590 1426 et
1668 1371 1670 1462 J

347 1463 480 1547 singulis
503 1465 631 1530 aututis
655 1471 688 1530 et
711 1465 938 1532 ordinamentis
962 1483 1058 1548 super
1079 1464 1166 1532 iacto
1189 1467 1279 1546 grani
1296 1471 1329 1530 et
1345 1465 1434 1530 bladi
1450 1471 1485 1530 et
1500 1483 1589 1546 super

347 1565 431 1632 iacto
474 1567 549 1634 salis
587 1574 621 1633 et
651 1568 721 1651 alijs
753 1569 1007 1650 dependentibus
1038 1575 1071 1635 et
1102 1567 1356 1650 pertinentibus²
1386 1573 1421 1634 et
1449 1567 1590 1634 connexis
1668 1557 1670 1562 ’

349 1669 452 1735 dictus
474 1675 617 1752 potestas
640 1677 673 1736 ct
696 1676 802 1737 rector
824 1673 961 1738 ciuitatis
985 1671 1108 1753 Spoleti
1130 1691 1189 1754 per
1212 1691 1248 1738 se
1278 1678 1313 1738 et
1342 1689 1418 1738 suos
1449 1669 1588 1737 offitiales

350 1772 434 1838 omni
457 1792 567 1840 mense
589 1777 750 1855 inquirere
773 1780 921 1842 teneatur
945 1777 1116 1842 summarie
1132 1782 1166 1840 et
1184 1776 1225 1841 de
1240 1775 1346 1857 plano,
1371 1775 1443 1840 sinc
1459 1775 1586 1856 strepitu

350 1883 383 1940 et
405 1875 508 1958 figura
529 1877 632 1960 iuditij
656 1883 690 1943 et
713 1879 781 1946 sine
796 1879 1067 1946 solemnitatibus³
1083 1885 1116 1946 et
1131 1879 1242 1946 ordine
1258 1879 1336 1946 iuris
1362 1885 1397 1946 et
1412 1877 1584 1946 iuditioruru

351 1987 384 2047 et
406 1981 534 2046 statuti*
557 1982 653 2062 dicte..
672 1982 811 2048 ciuitatis
833 1989 867 2049 et
889 1983 1153 2050 contrafacientes
1172 1983 1285 2064 punire
1308 1989 1343 2048 et
1368 1981 1587 2048 condemnare

353 2102 411 2166 per
425 2084 551 2166 plenam
575 2090 608 2152 et
623 2086 829 2167 semiplenam
845 2089 1063 2170 probationem
1080 2087 1112 2152 iu
1127 2087 1220 2169 penis
1238 2086 1385 2168 superius
1401 2086 1581 2152 memoratis.

392 2187 436 2252 Et
468 2188 628 2269 predictus
660 2190 806 2256 dominus
836 2196 978 2272 potestas
1008 2198 1041 2258 et
1071 2197 1176 2258 rector
1206 2190 1291 2270 dicte
1322 2189 1463 2256 ciuitatis
1490 2189 1583 2272 possit

347 2290 453 2357 crnnia
482 2297 517 2356 et
547 2292 672 2374 singula
702 2293 787 2359 dieta
816 2299 938 2360 statuta
968 2301 1000 2361 et
1022 2295 1254 2374 ordinamenta,
1289 2300 1355 2359 tarn
1386 2311 1483 2374 super
1502 2291 1580 2360 foto

348 2395 439 2478 grani
462 2401 495 2460 et
517 2395 614 2476 bladi,
638 2398 750 2478 quam⁶
773 2415 870 2480 super
892 2397 976 2464 iacto
1001 2399 1077 2465 salis
1098 2398 1305 2480 interpretari
1327 2403 1362 2464 et
1381 2397 1539 2462 declarare
1552 2405 1583 2462 et

311 2534 315 2540 ·
350 2515 451 2580 penes
482 2503 515 2564 et
543 2499 650 2564 banna
680 2499 714 2565 in
745 2501 792 2566 eis
822 2505 972 2568 contente
994 2507 1175 2584 temperare
1198 2507 1231 2568 et
1253 2502 1397 2568 minuere
1421 2501 1582 2566 secundum

352 2601 538 2682 qualitatem
562 2601 639 2669 iacti
661 2611 694 2670 et
715 2604 926 2672 conditionem
950 2623 1169 2688 personarum,
1193 2611 1288 2689 prout
1310 2605 1372 2687 ipsi
1395 2604 1518 2672 domino
1532 2621 1582 2687 po·

351 2707 463 2772 testati
486 2713 519 2773 et
542 2707 657 2774 rectori
679 2708 764 2789 dicte
788 2709 925 2778 ciuitatis
949 2707 1087 2792 sparatr
1117 2715 1150 2777 et
1180 2727 1238 2790 sue
1262 2707 1457 2790 consciencie
1479 2708 1582 2774 melius

349 2809 512 2877 uidebitur
534 2811 713 2878 conuenire.

349 3093 510 3163 munuum
541 3093 696 3138 burrum
727 3095 817 3138 BEX‘I'I
847 3095 933 3138 mm
963 3097 1004 3138 mn
1034 3067 1577 3139 Exundonnnranns1nnnurcsux⁸.

350 3210 399 3277 Dc
421 3209 603 3277 forensibus
626 3209 805 3277 uolentibus
828 3210 935 3276 facore
954 3231 989 3277 se
1005 3211 1091 3276 ciues
1110 3258 1420 3274 ........
1557 3209 1579 3288 j.

350 3314 398 3379 De
421 3316 535 3381 codem
591 3363 1420 3378 ....................
1550 3310 1579 3390 ij.

351 3417 399 3484 De
422 3418 535 3486 eodem
592 3465 1419 3482 ....................
1540 3415 1578 3497 iij.

348 3521 399 3587 De
421 3521 534 3588 eodem
590 3569 1422 3586 ....................
1530 3517 1578 3597 iiij.

350 3624 400 3690 De
423 3626 534 3691 eodem
592 3671 1422 3688 ....................
1553 3640 1578 3684 r.

350 3728 401 3794 De
423 3727 623 3810 repressaiijs
679 3776 1422 3792 ..................
1542 3725 1578 3805 rj.

350 3831 400 3898 De
423 3832 537 3898 ecdem
593 3879 1422 3895 ....................
1533 3827 1577 3907 rij.

350 3935 400 4001 De
422 3935 514 4002 dacio
538 3941 572 4000 et
595 3933 723 4001 douana
763 3985 769 3998 .
807 3983 1420 3998 ...............
1525 3930 1577 4011 riij.

351 4040 401 4104 De
423 4039 536 4106 eodem
592 4085 1423 4102 ....................
1544 4035 1577 4100 ir.

352 4143 401 4210 De
423 4143 534 4212 eodem
590 4190 1420 4206 ....................
1551 4155 1575 4200 r.

353 4247 402 4314 De
425 4248 540 4314 eodem
594 4293 1423 4310 ....................
1544 4241 1577 4322 xj.

400 4437 592 4516 ¹Inacriptio
614 4437 687 4497 boec
710 4437 793 4496 deest
814 4453 862 4512 ap.
893 4435 1005 4513 Ljub.
1121 4431 1248 4496 'Deest
1269 4435 1361 4495 ibid
1476 4429 1575 4494 'cod

351 4526 459 4588 acad.
482 4525 524 4586 B:
545 4521 847 4603 „solempnitatibub“.
920 4520 932 4555 ⁴
954 4523 1009 4598 Ap.
1035 4521 1159 4598 Ljub.:
1187 4516 1411 4596 „statutorum“.
1472 4517 1574 4580 ⁶Ood

353 4613 459 4674 acad.
482 4611 524 4672 B:
550 4610 813 4688 „condempnare“.
886 4606 897 4642 ⁰
919 4609 1011 4669 Deest
1033 4608 1063 4667 in
1085 4609 1167 4669 cod.
1191 4608 1294 4668 acad.
1319 4609 1356 4668 Α.
1419 4603 1575 4666 'Deestin

352 4699 430 4760 cod.
455 4697 562 4758 acad.
586 4698 610 4756 B
633 4700 663 4755 et
685 4713 732 4772 ap.
757 4694 866 4771 Ljub.
939 4691 1064 4754 ⁸Deest
1086 4695 1116 4754 in
1139 4693 1219 4754 cod.
1243 4694 1351 4752 acad.
1374 4693 1408 4754 B.
