3376 5392
364 475 423 538 188

361 683 496 746 neautur
511 681 637 748 soluere
653 685 686 746 et
698 681 866 748 emendare
886 681 1001 748 damna
1017 682 1312 764 praedamnatae
1328 683 1468 748 dandum
1484 682 1591 749 mmm

361 784 539 868 beatorem
572 786 725 853 babentes
757 786 831 852 dicti
863 785 1006 854 homiues
1037 787 1236 854 bombardae
1266 805 1443 870 regressum
1477 806 1592 872 muner

361 896 471 957 contra
493 887 769 968 darnnificatorem‚
794 888 820 956 si
844 889 975 973 reperiri
994 896 1152 974 poterunt

403 995 569 1062 Publicata
592 994 643 1060 die
665 993 749 1077 xviij.
772 995 956 1062 Decembris
981 995 1149 1080 Mcccclxij.
1183 997 1405 1080 praesentibus
1438 997 1516 1080 ipsis
1543 998 1592 1064 bo

361 1101 498 1167 minibus
529 1099 728 1167 bombardae
760 1105 794 1166 et
824 1099 1013 1167 sententiam
1045 1101 1246 1168 audientibus
1277 1107 1310 1169 et
1340 1103 1592 1184 approbantibus,

360 1223 420 1271 nec
449 1221 512 1270 uon
543 1211 712 1287 praesente
742 1223 804 1270 ser.
837 1204 958 1272 Jacobo
990 1205 1147 1287 quondam
1178 1205 1302 1286 Marini,
1330 1205 1431 1275 Paulo
1463 1214 1497 1274 et
1526 1207 1592 1274 Elia

358 1310 504 1392 placariJs
528 1315 561 1378 et
582 1309 782 1376 multitudine
805 1311 918 1392 populi
938 1311 1073 1393 copiosa.

403 1413 558 1482 Antonius
582 1414 740 1496 quondam
763 1415 882 1481 domini
903 1415 1027 1480 Paridis
1060 1417 1266 1483 cancellarius
1298 1436 1336 1483 ex
1367 1417 1449 1483 libro
1472 1417 1505 1500 ij.
1528 1436 1592 1483 seu

360 1520 532 1585 tertiarum
563 1518 718 1602 magnifici
749 1521 866 1586 domiui
890 1521 1044 1587 Dominici
1068 1520 1259 1604 Mauroceni,
1284 1521 1407 1589 comitis
1441 1520 1592 1589 Gurunlae

359 1625 487 1690 extraxi.

788 1805 865 1848 XXX.
888 1805 1009 1852 onmem
1033 1806 1156 1850 uoluam

361 1883 394 1940 de
413 1884 537 1954 notarljs‚
555 1883 627 1953 qnod
651 1883 769 1940 debeant
791 1891 966 1956 praesentare
990 1886 1170 1942 instnrmentn
1192 1901 1278 1956 usque
1296 1885 1332 1944 ad
1349 1894 1411 1942 octo
1437 1887 1496 1944 olleo
1513 1886 1592 1942 offitio

671 1971 856 2042 cancellariae,
875 1973 956 2028 aliter
974 1973 1074 2028 nullius
1092 1975 1147 2029 sint
1165 1974 1280 2032 roboria.

405 2093 504 2160 Terror
525 2096 690 2162 scotomiae
711 2096 870 2180 moynifion‘
891 2096 1010 2161 domini
1030 2097 1156 2182 Aloyclj
1178 2097 1364 2162 Louredmi
1386 2105 1462 2164 tunc
1475 2100 1586 2164 comitis
1669 2119 1670 2128 ¹

362 2198 526 2284 caraman,
552 2221 589 2266 err
611 2199 691 2265 libro
712 2202 933 2266 sententiarum
956 2202 1166 2268 criminalium
1183 2203 1289 2286 primo

401 2323 445 2388 Et
466 2323 581 2406 perche
603 2323 654 2388 n’b
677 2327 727 2389 sta
748 2322 844 2390 refert
866 2343 924 2406 per
945 2323 1043 2390 multe
1067 2325 1118 2390 uie
1141 2331 1175 2392 et
1196 2325 1291 2392 cuam
1313 2324 1365 2390 n’e
1381 2327 1497 2392 uenuti
1510 2325 1591 2394 ιιιιιΙὴ1

359 2429 518 2508 rechiami,
541 2429 589 2494 ch’
612 2429 642 2494 el
665 2447 699 2494 se
721 2427 754 2493 la
775 2447 833 2511 per
854 2427 957 2494 alcuni
988 2429 1099 2495 nodari
1128 2430 1297 2511 laqueata
1324 2434 1412 2496 terra
1433 2436 1468 2498 et
1490 2450 1547 2514 per
1565 2431 1591 2496 la

356 2533 437 2600 isola
452 2533 539 2599 molti
554 2534 765 2612 instrumenti,
789 2551 846 2615 per
868 2533 879 2598 i
901 2532 974 2614 qual
997 2533 1008 2598 i
1030 2535 1139 2616 poueri
1156 2533 1292 2614 uomeni,
1315 2535 1327 2600 i
1349 2535 1424 2616 qual
1446 2537 1590 2619 ignom

357 2637 397 2704 de
419 2655 513 2704 rasou
535 2637 546 2702 i
570 2638 642 2703 nien
665 2655 754 2703 esser
785 2638 964 2720 ingannadi,
988 2639 1104 2721 perche
1127 2639 1223 2720 quelli
1245 2637 1398 2706 selauno
1428 2640 1590 2724 seguntia

356 2744 432 2824 perb
455 2742 649 2820 terminema
674 2740 732 2807 che
755 2742 797 2807 da
818 2744 869 2807 mb
885 2743 916 2806 in
932 2743 1040 2808 auauti
1057 2744 1132 2809 tutti
1147 2743 1168 2808 l’
1184 2743 1384 2810 instrumenti
1400 2763 1419 2810 o
1435 2746 1587 2824 wutratt'a

357 2847 368 2911 i
390 2846 465 2927 qual
488 2864 623 2912 seranno
646 2846 718 2912 latti
740 2865 798 2928 per
819 2846 851 2912 la
869 2851 955 2913 terra
977 2852 1011 2912 et
1032 2848 1112 2913 isola
1135 2846 1174 2913 de
1198 2846 1335 2913 Gurzula
1356 2867 1415 2930 per
1437 2849 1459 2914 li
1477 2849 1589 2928 nodari,

358 2956 426 3016 otto
451 2951 482 3015 di
504 2951 598 3033 dapoi
622 2951 680 3017 che
702 2951 713 3016 i
735 2970 868 3018 cerauno
885 2951 964 3031 fatti,
988 2951 998 3016 i
1021 2952 1100 3018 detti
1115 2953 1227 3019 nodari
1243 2953 1331 3018 siano
1352 2953 1486 3036 teguudi
1500 2953 1590 3036 quelli

348 3059 378 3120 'a
400 3063 566 3136 presentat·
588 3055 650 3120 alla
673 3055 860 3122 curcellaria
882 3063 915 3124 et
937 3056 1032 3139 quelli
1055 3058 1208 3140 registrar
1221 3058 1253 3122 iu
1268 3075 1331 3124 uno
1346 3076 1404 3124 suo
1420 3058 1586 3145 qumana,

361 3159 464 3226 dando
499 3161 530 3225 al
563 3159 708 3227 concilior
738 3160 767 3228 el
789 3168 977 3243 pagamento
1006 3181 1073 3242 suo,
1097 3163 1165 3228 ciob
1195 3162 1301 3245 quello
1323 3162 1365 3228 hb
1391 3161 1590 3245 permetteri

358 3264 507 3330 coutratti
529 3264 560 3329 iu
583 3265 673 3330 libro.
708 3264 752 3330 Et
773 3264 798 3330 s’
822 3265 852 3330 el
875 3284 910 3332 se
933 3270 1064 3332 trouara
1079 3266 1171 3332 alcun
1186 3272 1354 3344 contratto,
1378 3285 1458 3334 ouer
1480 3267 1588 3333 iustru-

356 3375 463 3436 mento
486 3367 566 3434 fatto
590 3369 632 3434 da
653 3371 704 3434 mb
727 3371 835 3434 auauti
865 3377 899 3436 et
929 3371 986 3438 che
1017 3391 1079 3437 nou
1101 3373 1148 3438 sia
1170 3373 1202 3437 in
1224 3377 1300 3438 nota
1321 3369 1386 3438 ulla
1407 3371 1590 3438 cancellaria

355 3478 391 3538 ut
413 3491 519 3556 snpra,
544 3473 648 3555 quello
671 3474 715 3539 tal
739 3475 947 3541 instrumento
971 3477 1018 3541 aia
1041 3476 1081 3542 de
1101 3477 1177 3542 niun
1199 3477 1306 3555 nalor;
1328 3476 1522 3544 intendendo
1537 3476 1588 3544 obe

354 3578 458 3660 questi
482 3577 528 3644 tal
551 3578 661 3645 nodari
694 3597 755 3645 uon
779 3581 865 3663 possi
887 3580 936 3647 lar
958 3582 1149 3662 testamenti,
1172 3582 1288 3665 perche
1311 3583 1405 3648 etiam
1428 3581 1451 3647 li
1472 3585 1491 3647 e
1513 3581 1587 3664 proi-

354 3682 421 3748 bito
444 3701 502 3765 per
524 3683 554 3748 la
576 3684 678 3768 legge.

397 3786 554 3855 Antonius
577 3790 782 3857 cancellarius
804 3791 952 3858 mandato
974 3793 1095 3874 scripsi.

398 3909 584 3994 Magnificus
615 3919 647 3978 et
675 3931 847 3993 generosus
876 3915 1021 3981 dominus
1050 3914 1183 3998 Egidius
1211 3913 1421 3982 Mauroccuus
1452 3915 1586 3982 laudauit

355 4015 602 4098 suprascriptam
624 4017 875 4085 terminationem
899 4019 974 4084 uisis
996 4019 1159 4102 scripturis
1182 4025 1215 4085 ot
1236 4021 1343 4086 audito
1355 4039 1421 4086 ser.
1437 4019 1585 4086 Joauuiuo

353 4120 532 4203 Dragazich
555 4127 588 4188 ot
609 4121 680 4204 alijs
708 4122 840 4204 notarijs
870 4123 1121 4206 appellantibus3
1151 4125 1316 4190 comittens
1345 4123 1440 4192 uobis
1468 4123 1585 4191 domino

351 4225 447 4292 Petro
478 4225 561 4292 Nani
592 4226 776 4292 honorando
808 4227 914 4293 comiti
944 4225 1100 4294 Curzulae
1132 4233 1165 4294 et
1196 4228 1432 4296 successoribus
1467 4229 1582 4306 ucecia
1668 4237 1670 4278 ἱ

352 4335 508 4413 quatenus
531 4331 778 4414 suprascriptam
801 4331 1054 4400 terminationem
1076 4335 1247 4402 obseruare
1270 4338 1303 4400 et
1326 4335 1454 4415 exequi,
1479 4333 1583 4401 acob

353 4435 473 4502 samari
496 4442 529 4503 et
550 4436 725 4503 executioni
748 4437 899 4504 mandare
921 4437 1026 4504 lacere
1049 4437 1200 4504 debeatis.

394 4539 511 4606 Datum
534 4539 690 4607 Gurzulae
713 4540 766 4607 die
788 4542 869 4606 xxiv.
894 4541 1088 4624 Septembris
1111 4541 1296 4608 Mccc'clxxu.

395 4644 609 4711 Bernardinus
633 4645 673 4712 de
695 4643 871 4730 AmbrosiJS
893 4646 1034 4714 notarius
1055 4647 1204 4714 mandato
1226 4647 1347 4730 scripsi.
