3416 5350
419 596 486 640 OAP.
510 595 625 636 xxvm.
649 597 691 636 DE
714 593 1016 637 ussermannus
1037 594 1127 637 Duum
1148 594 1189 635 ltu
1212 592 1357 636 SANOEOE.

310 711 393 776 Item
415 715 571 775 statutum
588 715 620 775 et
636 710 816 775 ordinatum
835 715 894 792 est,
918 709 1004 789 quod
1018 709 1124 774 nullus
1139 709 1258 774 audeat
1274 707 1512 789 blasphemare,

268 833 326 880 seu
356 815 547 880 maledicere
579 813 672 878 deum
706 813 758 879 uel
790 817 918 877 sanctos
952 829 1028 876 suos
1060 812 1211 879 dicendo:
1248 811 1439 877 maledictus
1470 808 1514 874 sit

265 919 362 1000 Deus,
386 919 439 984 uel
461 919 558 984 beata
583 919 682 998 uirgo,
705 917 758 982 uel
780 917 832 998 alij
857 915 969 993 sancti,
994 917 1047 982 uel
1070 917 1189 982 similes
1211 915 1439 997 blasphemias.
1468 912 1515 978 Et

266 1023 320 1103 qui
343 1021 576 1105 contrafecerit,
601 1023 633 1086 in
656 1021 765 1087 decern
789 1020 878 1084 libris
900 1037 958 1100 pro
982 1021 1125 1100 quelibet
1140 1021 1211 1086 uice
1226 1020 1345 1086 debeat
1359 1018 1511 1085 condem-

267 1126 345 1190 nari.
369 1125 413 1190 Et
436 1126 566 1191 cuilibet
588 1126 630 1190 sit
652 1125 771 1190 licitum
796 1124 985 1188 denuntiare
1009 1125 1062 1188 uel
1084 1141 1237 1190 accusare
1260 1130 1294 1190 et
1311 1123 1431 1188 babeat
1447 1139 1515 1186 me·

268 1229 420 1296 dietatem
443 1229 549 1294 bonni.

576 1408 642 1450 GAP.
668 1409 757 1451 XXIX·
781 1411 823 1450 Diu
845 1408 1028 1451 mundamus
1050 1407 1190 1451 nonnus.

312 1524 393 1592 lun
416 1529 572 1590 statutum
596 1531 628 1590 ct
651 1525 833 1590 ordinatum
855 1530 915 1604 est,
940 1524 1027 1605 quod
1049 1524 1154 1590 nullus
1177 1523 1296 1589 audeat
1310 1523 1372 1590 sibi
1388 1529 1515 1587 mutere

267 1644 382 1694 nomen
411 1647 511 1707 suum,
543 1627 631 1693 cum¹
662 1629 702 1692 ab
732 1646 771 1694 eo
801 1629 947 1710 queritur
979 1629 1018 1696 de
1040 1647 1099 1694 suo
1121 1627 1249 1693 nomine
1270 1646 1330 1708 per
1352 1633 1512 1693 rectorem

266 1732 320 1796 uel
350 1731 499 1797 officiales
529 1733 704 1796 communis
728 1731 862 1812 Spoleti,
895 1733 953 1797 sed
985 1732 1101 1799 debeat
1130 1733 1176 1796 eis
1208 1731 1316 1798 dicere
1343 1749 1458 1796 uerum
1481 1736 1516 1796 et

267 1843 454 1904 consuetum
476 1853 592 1900 nomen
615 1854 718 1915 suum,
751 1853 791 1900 ne
822 1837 882 1900 sub
905 1836 1082 1901 mutatione
1114 1835 1249 1900 nominis
1269 1836 1372 1916 possit
1396 1852 1513 1916 penam

267 1941 370 2007 uitare
393 1941 433 2006 de
456 1940 562 2021 aliquo
586 1937 742 2004 maleficio
766 1957 824 2021 por
844 1958 917 2005 eum
933 1941 1110 2005 commisso.
1133 1939 1178 2004 Et
1193 1940 1248 2020 qui
1263 1945 1376 2005 contra
1391 1937 1516 2017 iecerit,

266 2044 299 2110 in
321 2063 395 2110 xxv
418 2044 508 2110 libris
531 2044 647 2110 debeat
669 2043 886 2110 condemnari.

421 2273 488 2316 OAP·
511 2273 588 2314 XXX.
619 2273 661 2316 DE
684 2273 873 2316 OFEENSIBUS
894 2273 1004 2316 usuum
1027 2273 1126 2316 muna
1149 2273 1355 2316 FAMILIARES.

309 2389 392 2454 Item
415 2391 569 2454 statutum
594 2394 627 2454 et
650 2388 829 2455 ordinatum
853 2393 913 2472 est,
939 2387 1025 2469 quod
1049 2388 1076 2454 si
1099 2393 1192 2470 pater
1214 2389 1266 2454 uel
1288 2394 1393 2454 mater
1409 2405 1515 2455 corre-

266 2493 357 2574 xerit,
381 2491 452 2557 uel²
482 2491 711 2574 castigauerit³,
746 2493 799 2556 uel
830 2492 1024 2572 percusserit
1053 2492 1190 2572 aliquem
1222 2511 1262 2557 ex
1283 2493 1349 2558 suis
1372 2493 1408 2556 in
1429 2493 1514 2558 linea

270 2595 550 2672 descendentibus,
574 2596 625 2660 uel
648 2595 794 2661 dominus
817 2596 885 2660 siue
910 2596 1036 2660 domina
1059 2597 1256 2677 percusserit
1271 2597 1326 2662 ex*
1344 2599 1450 2662 seruis
1464 2596 1516 2661 uel

269 2699 401 2784 uncidin,
425 2701 495 2766 siue
518 2718 588 2765 cum
619 2699 781 2781 sanguinis
813 2698 978 2780 effusione,
1010 2699 1080 2766 siue
1109 2716 1182 2778 non,
1214 2701 1297 2781 quod
1328 2701 1370 2764 ad
1401 2717 1517 2781 penam

267 2803 405 2885 aliquam
428 2804 611 2868 nullatenus
643 2808 801 2868 teneatur.
833 2803 877 2868 Et
907 2803 1052 2870 similiter
1083 2804 1109 2869 si
1143 2803 1287 2870 dominus
1309 2805 1364 2868 uel
1387 2804 1516 2868 domina

267 2909 464 2989 percusserit
485 2907 622 2988 aliquem
646 2925 684 2972 ex
704 2907 940 2988 seruitoribus⁶,
965 2925 1045 2989 quos
1061 2907 1236 2973 haberent⁶
1252 2908 1284 2970 in
1300 2907 1462 2972 conductu
1477 2907 1518 2972 ad

268 3017 387 3076 certam
419 3010 609 3095 mercedem,
643 3010 670 3074 si
700 3011 886 3094 sanguinem
919 3011 959 3075 de
983 3031 1049 3091 ore,
1080 3011 1134 3077 uel
1165 3011 1206 3076 de
1228 3012 1324 3076 nasu⁷
1348 3029 1388 3076 ex
1412 3011 1517 3092 alique

267 3113 474 3194 percussione
498 3113 679 3194 extraxerit,
705 3115 790 3194 quod
813 3115 845 3178 in
868 3115 973 3196 aliquo
997 3133 1060 3180 non
1082 3113 1279 3182 teneantur&
1302 3114 1347 3178 Et
1369 3114 1516 3180 similiter

268 3217 446 3283 seruientes
470 3223 503 3284 et
525 3217 645 3298 famuli,
669 3217 697 3284 si
721 3220 805 3284 inter
828 3237 863 3283 se
884 3220 1113 3300 percusserint,
1136 3219 1223 3300 quod
1236 3218 1270 3283 in
1285 3218 1408 3284 eisdem
1423 3219 1514 3286 intol-

268 3319 410 3402 ligantur
432 3323 539 3387 omnia
561 3329 594 3388 et
616 3322 741 3406 singula
764 3322 955 3402 supradicta.

398 3551 466 3596 ΟΔΡ.
495 3551 583 3595 xm.
614 3553 656 3594 DE
678 3552 758 3594 um
779 3551 882 3596 FAO'I'A
905 3551 1001 3596 mulin
1024 3553 1123 3596 olm
1145 3553 1185 3594 ΕΤ
1206 3553 1384 3597 sonuum.

312 3666 394 3732 Item
419 3672 574 3734 statutum
597 3673 632 3734 et
654 3667 836 3735 ordinatum
860 3673 919 3746 cst,
955 3668 1041 3750 quod
1063 3669 1090 3733 si
1111 3669 1226 3751 aliquis
1250 3667 1438 3752 Spaletinus
1460 3667 1513 3733 ba·

269 3769 377 3836 buerit
398 3771 497 3836 rixam
521 3791 592 3837 cum
615 3772 722 3854 aliquo
744 3771 873 3838 forense
896 3777 930 3838 et
952 3772 1055 3840 dictus
1080 3771 1264 3854 Spoletinus
1293 3772 1393 3838 fuerit
1424 3789 1512 3839 accu-

268 3878 357 3938 satus
389 3893 409 3938 a
439 3874 522 3940 dicto
554 3875 698 3941 iorense⁹
728 3883 761 3942 et
784 3874 967 3956 Spoletinus
996 3881 1096 3957 petat,
1128 3877 1214 3958 quod
1244 3877 1346 3942 dictus
1377 3873 1510 3942 forensis

266 3994 330 4040 non
353 3976 470 4043 debeat
491 3978 614 4058 ydonee
639 3979 804 4057 satisdare,
831 3979 883 4043 uel
906 3977 1011 4044 facere
1036 3985 1162 4044 cautum
1178 3991 1211 4045 et
1226 3981 1408 4046 securum¹⁰
1430 3997 1511 4045 mas·

268 4080 386 4146 sarium
409 4082 580 4147 communis
605 4080 727 4163 Spalati
759 4083 799 4148 de
822 4083 934 4149 stando
965 4083 1026 4146 iuri
1049 4090 1082 4148 et
1112 4083 1153 4148 de
1183 4084 1410 4165 respondendo
1443 4101 1510 4150 cum

313 4273 324 4308 ¹
346 4273 435 4336 (lod.
460 4275 565 4334 acad.
590 4275 632 4334 B:
660 4275 741 4351 ,siue
763 4275 859 4334 cum“.
921 4271 1179 4336 ²Deestincod.
1198 4277 1357 4336 acadss.
1420 4273 1510 4350 ⁸,uel

266 4355 392 4435 castig.“
418 4361 500 4420 deest
524 4379 571 4436 ap.
597 4361 706 4435 ljub.
778 4360 896 4420 4Οοᾶ.
920 4362 1026 4422 acad.
1052 4362 1093 4422 B:
1118 4381 1175 4440 „ex
1198 4363 1291 4422 suis“.
1368 4359 1381 4396 ⁶
1403 4362 1508 4422 ibid:

266 4443 381 4523 „suis“.
446 4445 888 4528 ⁰Ap.Ljub.:,‚lraberet“.
949 4445 1305 4526 ⁷ibid.:,exnas0“.
1369 4446 1506 4509 ⁸ibid.:

268 4529 452 4616 „teneatur“.
571 4530 582 4566 ⁹
604 4535 719 4593 Verba:
744 4537 794 4615 ,et
815 4534 927 4593 dietum
954 4535 1126 4609 usquead:
1154 4529 1310 4616 „forensc“
1336 4535 1442 4594 desunt
1462 4551 1505 4610 ap.

267 4621 377 4698 Ljub.
448 4616 477 4653 ¹⁰
498 4621 591 4680 Deest
612 4621 641 4678 in
664 4619 744 4680 cod.
767 4620 875 4679 acad.
898 4620 926 4679 Α
950 4625 980 4680 et
1002 4639 1052 4698 ap.
1076 4621 1187 4696 Ljub.
