3398 5354
1335 412 1397 476 229

593 633 660 679 on.
684 635 756 678 m.
779 636 822 679 D!
842 635 959 680 mnu.

200 753 283 820 Item
305 757 460 820 statrrtum
483 757 517 819 et
539 751 718 820 ordinatum
741 759 800 835 est,
825 751 911 836 quod
933 751 960 819 si
982 771 1034 819 res
1058 757 1091 818 et
1112 752 1322 821 mercationes
1339 753 1397 820 ali-

157 857 245 923 cuius
269 856 387 924 fuerim
409 857 577 938 deuastatq
599 855 631 922 in
651 855 756 939 aliquo
772 855 885 936 lembo,
909 856 995 938 quod
1010 856 1175 923 damnum¹
1200 858 1259 924 sibi
1279 858 1398 925 debeat

155 959 303 1028 tabefieri
325 979 384 1044 por
398 967 566 1044 patronum
587 961 690 1040 lembi,
711 959 772 1026 nisi
788 979 846 1044 pro
866 967 956 1043 purte
970 961 1111 1043 patrono
1125 962 1294 1044 probetur,
1312 964 1397 1045 quod

153 1063 232 1130 illud
255 1064 422 1131 dunrnum⁸
451 1065 621 1132 accidisset
650 1084 746 1132 causa
775 1065 977 1150 extinguendi
1006 1065 1166 1148 ignomin
1196 1067 1310 1145 lembo,
1344 1067 1396 1134 uel

154 1173 289 1252 propter
310 1173 544 1252 tempestatem,
567 1175 624 1236 aut
645 1169 805 1237 fortunam
826 1171 924 1236 maris
944 1175 1000 1238 aut
1015 1171 1167 1254 temporie
1184 1171 1394 1253 peruenisset.

577 1418 644 1464 osu.
664 1419 751 1462 nxvr.
774 1420 816 1462 nn
838 1397 973 1462 nonunt

200 1535 282 1602 Item
304 1540 459 1603 statutum
481 1543 515 1604 ot
536 1536 716 1604 ordinatum
735 1541 794 1613 est,
819 1536 904 1618 quod
919 1535 1026 1602 nullus
1041 1539 1198 1602 mercator
1213 1555 1272 1603 noc
1286 1545 1393 1619 patro-

154 1659 227 1714 nus,
251 1658 310 1706 neo
331 1641 528 1722 marinoriue,
559 1659 619 1707 nec
641 1641 853 1723 suprasaliens
885 1641 1016 1708 alicuius
1038 1640 1134 1706 lembi
1164 1642 1266 1723 possit
1287 1641 1394 1708 iacere

154 1743 226 1810 fieri
255 1745 430 1812 custodiam
461 1751 495 1812 et
524 1751 673 1828 guaycam
695 1745 792 1811 lembi
814 1764 873 1828 per
895 1744 1033 1827 aliquem
1057 1745 1165 1824 alium,
1196 1745 1256 1812 nisi
1279 1765 1337 1828 per
1358 1764 1394 1812 se

153 1850 259 1933 ipsum
283 1849 504 1932 personaliter,
528 1850 578 1916 oui
601 1856 721 1933 guayto
744 1851 796 1916 uel
818 1850 961 1916 custodia
976 1848 1074 1916 luerit
1095 1849 1250 1916 ordinata
1275 1850 1319 1916 Et
1338 1852 1392 1934 qui

70 1987 73 1990 ·
153 1952 410 2034 contrafecerit,
433 1954 465 2020 in
487 1955 526 2020 xl
550 1955 656 2022 soldos
678 1956 748 2021 uico
769 1954 911 2037 qualibet
932 1955 1091 2037 puniatur.

567 2203 635 2247 oar.
658 2203 758 2245 nxvn.
785 2203 827 2244 on
848 2179 981 2245 rennui

199 2319 283 2387 Item
306 2324 461 2386 statutum
485 2325 518 2386 et
540 2319 718 2386 ordinatum
743 2323 801 2397 est,
825 2319 909 2400 quod
925 2324 1094 2400 postquam
1110 2320 1238 2402 aliquod
1253 2319 1391 2387 lembum

152 2425 347 2490 arriuauerit
369 2425 411 2491 ad
433 2424 570 2507 aliquem
594 2429 719 2505 portum
741 2422 794 2489 uel
816 2422 849 2487 in
871 2423 976 2504 aliquo
992 2423 1060 2489 loco
1078 2429 1111 2488 et
1132 2429 1300 2506 postquem
1314 2425 1392 2490 arri·

152 2527 293 2608 acuerit,
324 2532 509 2610 opporteret
529 2529 632 2610 ipsum
664 2527 802 2594 lembum
832 2527 962 2595 alienari
987 2547 1043 2594 seu
1074 2529 1239 2594 exonerari
1267 2529 1307 2594 de
1336 2529 1392 2596 ali·

152 2633 270 2716 quibus
304 2632 515 2714 mercimoniis
545 2637 578 2700 et
607 2631 635 2698 si
663 2633 703 2698 de
732 2631 900 2708 mercibus,
935 2649 997 2714 quq
1029 2631 1235 2698 extrahentur
1264 2639 1393 2716 propter

151 2736 376 2802 aleuiationem
392 2735 468 2801 dicti
483 2736 579 2802 lembi
595 2736 722 2817 aliquod
738 2736 904 2802 damnum⁰
923 2737 973 2802 uel
996 2736 1196 2818 dispendium
1212 2749 1390 2820 appareret,

151 2841 208 2907 uel
234 2839 336 2924 fieret,
359 2847 436 2907 tunc
457 2841 536 2906 illud
559 2841 725 2907 damnum⁷
748 2841 954 2906 communiter
976 2845 1174 2923 computetur
1197 2847 1231 2907 et
1253 2860 1391 2906 commu·

152 2944 239 3011 niter
258 2945 436 3013 satisfaciat
456 2946 489 3010 in
511 2945 667 3012 communi
690 2944 803 3012 auere⁸
824 2947 923 3011 nauis.

567 3193 634 3237 ΟΩ.
658 3193 768 3236 nxvm.
800 3193 842 3236 DE
864 3192 979 3236 nom.

196 3309 279 3377 ltem
301 3314 455 3376 statutum
477 3315 511 3377 et
532 3309 712 3376 ordinatum
735 3315 793 3390 est,
828 3309 962 3391 quodsi
985 3309 1112 3392 aliquod
1135 3311 1272 3376 lembum
1296 3310 1386 3377 dero-

149 3415 286 3482 baretur
306 3433 366 3496 per
386 3415 486 3482 malos
507 3415 650 3482 homines
665 3414 749 3496 quod
764 3413 841 3478 illud
857 3413 1023 3479 dumnum⁹
1040 3413 1215 3480 satisfaciat
1230 3419 1263 3480 et
1277 3433 1383 3481 euren-

149 3521 247 3586 detur
268 3520 474 3585 communiter
496 3525 530 3586 st
550 3520 583 3584 in
605 3517 762 3586 communi
791 3517 921 3584 auere¹⁰
942 3517 1042 3598 ipsius
1072 3518 1177 3583 lembi.
1210 3517 1254 3583 Et
1276 3519 1303 3583 si
1326 3537 1385 3600 per

154 3624 286 3706 aliquod
307 3629 432 3708 tempus
455 3625 531 3690 illud
547 3622 727 3690 damnum¹¹
742 3627 855 3706 postea
876 3622 1106 3700 emendaretur,
1131 3622 1263 3706 quilibet
1281 3640 1391 3689 eorum

153 3729 273 3795 debeat
302 3728 419 3796 habere
448 3747 506 3812 pro
535 3727 755 3796 emendatione
783 3745 842 3809 pro
875 3731 947 3793 rata
979 3731 1071 3810 parte
1101 3726 1273 3794 secundum
1303 3724 1390 3808 quod

152 3831 269 3899 habuit
290 3838 322 3900 et
345 3833 467 3917 recepit
489 3831 530 3900 de
553 3832 638 3900 dicto
661 3831 819 3899 dumnon.

201 4044 321 4109 ι6οά
352 4045 459 4108 acad.
482 4045 524 4107 B:
556 4041 766 4122 „dampnum“.
850 4038 941 4119 'Ap
971 4043 1099 4120 Ljnb.:
1132 4059 1205 4125 „pro
1234 4039 1389 4117 patrono‘.

158 4131 171 4170 ⁸
186 4133 231 4198 cf.
246 4134 315 4194 adn.
335 4131 365 4212 1)
427 4130 561 4194 ‘Totum
575 4131 631 4192 boo
647 4130 806 4207 capitulum
821 4129 904 4190 deest
918 4147 966 4205 ap.
983 4129 1008 4188 L
1012 4130 1026 4206 j
1036 4131 1091 4190 ub.
1162 4125 1245 4204 ⁶Ap.
1262 4128 1287 4186 L
1291 4127 1305 4204 j
1315 4145 1334 4186 u
1344 4127 1391 4188 b:

152 4222 210 4284 boo
239 4225 270 4282 et
299 4220 436 4297 qnodque
466 4235 592 4295 sequens
622 4217 781 4294 capitulum
804 4234 862 4276 ono
888 4233 1007 4276 numero
1033 4216 1123 4275 distat
1148 4234 1167 4274 a
1191 4213 1392 4274 numeratione

153 4309 348 4385 capitulorum
377 4307 541 4384 praesentis
570 4305 714 4366 editionis.
814 4301 826 4337 ⁰
854 4302 940 4364 (lod.
972 4301 1078 4363 seed.
1108 4302 1150 4363 B:
1201 4301 1389 4378 danpnum“.

155 4393 380 4457 ⁷reru.0.m.
443 4389 838 4470 ⁸np.nj11o.:,auam“.
901 4386 1106 4467 ”estune
1168 4347 1391 4466 18octone)

157 4479 245 4545 ”Oi
263 4481 330 4546 adu
347 4479 381 4560 6)
449 4475 478 4514 ”
498 4479 584 4542 eod.
608 4478 713 4540 acad.
736 4477 777 4540 B:
802 4471 978 4554 ,dampno‘.
