3422 5364
322 461 388 527 266

654 690 721 734 ou.
744 689 812 734 ΣΠ.
834 691 877 734 DE
899 690 1015 734 omnmo
1036 689 1226 734 nnoomm.

366 809 534 877 Millesimo
551 807 686 893 molviij,
710 807 762 875 die
783 825 833 872 nv.
856 806 1006 886 octobris,
1029 807 1118 872 onius
1142 812 1296 889 tempore,
1321 824 1384 873 non
1399 807 1565 890 scribitur,

323 914 433 982 sedin
456 913 537 980 libro
561 913 685 994 signeto
707 910 745 978 A.
769 915 895 994 coptum
917 916 976 986 est,
1008 911 1092 994 qnod
1114 910 1282 978 beocherie
1306 911 1463 978 uendntnr
1488 929 1566 978 oum

322 1020 385 1086 isto
408 1017 529 1086 ordine.
552 1017 669 1098 Primo,
693 1016 778 1099 quod
799 1035 857 1100 pro
879 1017 963 1084 omni
985 1021 1019 1082 et
1040 1015 1198 1100 quolibet¹
1220 1015 1303 1084 fibro
1324 1016 1466 1082 onrnium
1486 1015 1566 1083 tris·

322 1141 430 1191 uorum
441 1123 482 1190 de
496 1121 653 1201 bonbnrin,
677 1121 717 1190 ds
732 1139 795 1204 qun
810 1121 891 1188 solui
906 1121 1070 1188 consueuit
1084 1121 1209 1188 denium
1224 1121 1377 1203 exigatur,
1398 1127 1432 1187 et
1446 1121 1562 1188 solunt

324 1229 471 1297 uenditor
499 1245 597 1295 unum
628 1226 791 1295 denarium
804 1243 953 1309 ‚pomum
982 1225 1068 1292 ultro
1097 1225 1218 1292 dotium
1247 1225 1384 1306 solitum,
1418 1231 1451 1294 et
1474 1225 1567 1308 quod

324 1333 463 1418 berharii
480 1334 601 1416 possint
616 1331 757 1399 uendere
770 1333 857 1414 ipsas
872 1347 984 1400 carnes
1000 1348 1097 1398 unum
1113 1329 1277 1397 denarium
1292 1330 1333 1399 de
1347 1330 1430 1414 pluri
1445 1349 1565 1414 quem·

324 1439 404 1508 libet
425 1437 540 1504 librom
562 1436 711 1504 earnium.

366 1543 458 1622 Item,
482 1541 567 1624 quod
589 1541 737 1609 uenditor
758 1540 864 1607 solunt
885 1539 926 1607 de
948 1540 1092 1622 quelibet
1109 1545 1197 1607 testu
1212 1539 1355 1607 animalis
1371 1539 1460 1624 perui
1478 1539 1566 1606 duos

324 1667 443 1732 paruos
466 1653 500 1714 ot
522 1647 562 1715 de
583 1645 730 1730 pendulis
752 1647 832 1714 duos
854 1643 988 1728 pornos’
1011 1651 1045 1712 et
1066 1645 1264 1712 uentremine
1286 1663 1401 1728 paruos
1420 1649 1567 1727 quotuor

325 1759 359 1822 et
379 1771 444 1819 non
465 1753 588 1836 possint
610 1750 749 1818 uendere
771 1755 888 1819 testem
910 1749 982 1832 plns
1004 1750 1045 1815 de
1067 1750 1176 1832 paruis
1199 1750 1308 1817 desem
1323 1755 1356 1817 et
1370 1754 1564 1817 nentrnmen

323 1857 396 1941 plus
418 1857 459 1924 de
481 1855 590 1940 pernis
613 1855 734 1939 uiginti.

367 1962 450 2027 Item
472 1959 617 2028 omnibus
639 1959 842 2028 interioribus
865 1959 989 2027 boninis
1012 1978 1071 2042 pro
1094 1960 1237 2043 quolibet
1257 1961 1424 2028 intrsmine
1452 1961 1566 2029 solunt

325 2065 472 2134 uenditor
493 2083 639 2150 grossum
661 2083 767 2131 unum.

368 2171 450 2238 item
473 2169 514 2238 de
535 2170 727 2254 quibuslibet
748 2169 970 2237 intromiuibos
992 2187 1159 2253 poroornm
1190 2170 1294 2238 solunt
1318 2169 1440 2237 eoldum
1462 2189 1567 2238 unum

326 2281 361 2343 et
382 2291 500 2360 paruos
523 2279 659 2358 quotuor
680 2273 879 2358 gebellntori.

369 2381 468 2448 Ponto
489 2380 627 2461 secunde
650 2379 750 2463 portis
772 2382 902 2462 insuper
916 2377 1078 2460 intitulotq
1100 2378 1258 2460 sabellis,
1282 2396 1344 2461 quq
1359 2383 1434 2446 sont
1448 2379 1565 2460 odditq

324 2485 541 2568 suprascripte
564 2485 689 2566 douonp
711 2489 785 2552 sunt
807 2484 875 2566 hqo.

369 2589 451 2657 Item
466 2589 645 2672 quicunque
660 2589 833 2655 extraxerit
851 2607 965 2656 cernes
980 2588 1127 2670 porcinus
1144 2587 1254 2654 solitos
1270 2605 1328 2670 per
1341 2606 1440 2673 more,
1458 2587 1568 2655 solunt

326 2713 384 2777 pro
407 2694 550 2778 quolibet
571 2692 706 2761 milliare
728 2693 836 2760 soldos
858 2692 916 2759 nmi
942 2711 1115 2776 pannorum
1138 2691 1224 2758 ultro
1246 2691 1404 2760 donsnem
1425 2691 1567 2762 solitum.

370 2798 461 2880 Item,
494 2797 580 2882 quod
610 2799 753 2880 quilibet,
784 2799 840 2882 qui
870 2797 1041 2866 extraxerit
1070 2815 1182 2864 earnes
1212 2797 1357 2879 porcinus
1386 2798 1480 2865 uiuos
1506 2816 1569 2879 per

326 2911 455 2984 terrem,
479 2904 582 2972 solunt
599 2903 804 2987 gnbellntori⁴
819 2908 953 2984 tontum,
976 2907 1130 2986 quantum
1153 2903 1302 2982 solueret,
1319 2902 1373 2985 qni
1388 2902 1567 2969 extruxerit

326 3028 385 3093 per
406 3027 503 3076 moro.

372 3114 466 3195 Item,
489 3113 575 3197 quod
598 3112 653 3196 qui
674 3113 853 3182 pendiderit
875 3131 987 3181 onmes
1009 3112 1119 3180 solitos
1140 3111 1173 3178 in
1195 3110 1355 3187 beoborio,
1388 3110 1441 3180 uel
1464 3114 1568 3193 extors

328 3219 434 3286 solunt
455 3237 514 3302 pro
536 3217 618 3286 libro
640 3217 782 3285 onrnium
804 3235 939 3300 paruum
961 3235 1067 3284 onum.

372 3323 471 3390 Item⁶
494 3325 523 3390 si
555 3322 735 3391 uendiderit
763 3321 887 3390 lordum
916 3327 1099 3405 separatum
1129 3321 1170 3388 ob
1201 3321 1328 3389 ossibus
1351 3325 1385 3388 et
1406 3320 1569 3401 cornibus,

329 3427 435 3496 solunt
455 3427 661 3513 gobellstori⁶
683 3427 790 3495 soldos
813 3427 893 3494 duos
915 3443 1087 3510 pomorum
1108 3443 1167 3508 pro
1190 3425 1335 3508 qualibet
1355 3425 1449 3494 libro.

585 3659 651 3705 MP·
675 3659 729 3704 XX.
752 3659 795 3702 DE
816 3656 922 3704 E'ffllfl
944 3657 1141 3704 ennomus
1163 3656 1314 3703 nemum

373 3778 435 3845 Die
457 3779 516 3844 xix.
540 3777 659 3845 mensis
683 3776 821 3844 octobris
843 3777 875 3842 in
898 3776 1010 3844 eodem
1032 3776 1114 3843 libro
1138 3793 1235 3858 super
1256 3773 1432 3840 beobnriai.

374 3881 509 3966 Captum
532 3881 601 3959 fuit,
625 3887 661 3948 nt
683 3882 809 3965 qoqstio
831 3901 893 3947 non
917 3881 1040 3948 orietur
1068 3882 1152 3945 inter
1181 3877 1347 3944 beohnrios
1370 3882 1404 3943 et
1426 3877 1562 3960 gabellu-

333 3995 431 4068 tores,
463 3985 547 4070 quod
570 3987 695 4070 quondo
726 3987 873 4053 animolio
895 3987 1121 4069 ponderantur,
1151 3984 1290 4052 debeant
1312 3981 1462 4049 doislosri
1485 3981 1568 4062 librq

334 4097 472 4176 quatuor
493 4109 552 4176 pro
575 4092 716 4178 quolibet
738 4091 919 4158 centenario
943 4090 1129 4174 ponderum.

376 4287 387 4324 ¹
414 4293 462 4370 „et
484 4287 632 4365 qnalibst“
658 4287 740 4347 deest
763 4303 810 4362 sp.
834 4284 944 4362 Ljub.
1016 4279 1029 4316 ²
1052 4286 1101 4361 ,ot
1123 4281 1160 4342 de
1182 4281 1268 4358 pond.
1285 4280 1315 4340 d.
1331 4274 1459 4356 pnroos“
1484 4278 1569 4339 deest

329 4377 424 4439 ibid.
519 4373 660 4435 irtio:
691 4373 875 4456 „gnbellse“.
968 4367 980 4402 ⁴
1008 4369 1094 4430 coo.
1125 4368 1231 4429 nond.
1261 4368 1338 4426 Bet
1360 4384 1407 4442 up.
1439 4366 1568 4442 Ljub.:

336 4462 500 4544 „gebellq“.
584 4458 730 4521 ⁶ibio.:
756 4460 842 4538 „Et“.
937 4456 1014 4518 ⁵0f.
1039 4455 1105 4516 adn.
1129 4455 1162 4533 4)
1252 4452 1402 4514 'Verbaz
1428 4453 1501 4535 „Die
1524 4486 1569 4496 -

333 4549 489 4614 borboris“
515 4553 702 4628 opponuntur
723 4547 752 4607 in
775 4547 854 4608 eod.
878 4543 983 4606 nond.
1007 4544 1034 4604 Δ
1056 4547 1086 4604 et
1107 4542 1132 4604 B
1154 4541 1283 4618 capitulo
1305 4539 1384 4602 XIX.
