<?xml version="1.0" encoding="UTF-8"?>
<!DOCTYPE html PUBLIC "-//W3C//DTD XHTML 1.0 Transitional//EN"
    "http://www.w3.org/TR/xhtml1/DTD/xhtml1-transitional.dtd">
<html xmlns="http://www.w3.org/1999/xhtml" xml:lang="en" lang="en">
 <head>
  <title>
</title>
<meta http-equiv="Content-Type" content="text/html;charset=utf-8" />
  <meta name='ocr-system' content='tesseract 3.04.00' />
  <meta name='ocr-capabilities' content='ocr_page ocr_carea ocr_par ocr_line ocrx_word'/>
</head>
<body>
  <div class='ocr_page' id='page_1' title='image "./statutaetlegesc00yuggoog_0115.png"; bbox 0 0 3396 5402; ppageno 0'>
   <div class='ocr_carea' id='block_1_1' title="bbox 319 777 1140 824">
    <p class='ocr_par' dir='ltr' id='par_1_1' title="bbox 319 777 1140 824">
     <span class='ocr_line' id='line_1_1' title="bbox 319 777 1140 824; baseline -0.005 0"><span class='ocrx_word' id='word_1_1' title='bbox 319 781 386 824; x_wconf 64' lang='lat'>011².</span> <span class='ocrx_word' id='word_1_2' title='bbox 409 779 505 822; x_wconf 69' lang='lat' dir='ltr'>LXXV.</span> <span class='ocrx_word' id='word_1_3' title='bbox 533 777 749 822; x_wconf 67' lang='grc' dir='ltr'><strong>ῙΙΙΠΚΒΠΙΔΕ</strong></span> <span class='ocrx_word' id='word_1_4' title='bbox 770 779 825 821; x_wconf 72' lang='grc' dir='ltr'><strong>ΠΙ</strong></span> <span class='ocrx_word' id='word_1_5' title='bbox 846 779 991 823; x_wconf 76' lang='lat' dir='ltr'><strong>mmm</strong></span> <span class='ocrx_word' id='word_1_6' title='bbox 1012 779 1140 822; x_wconf 75' lang='lat' dir='ltr'><strong>Pnouor.</strong></span> 
     </span>
    </p>
   </div>
   <div class='ocr_carea' id='block_1_2' title="bbox 113 895 1347 1712">
    <p class='ocr_par' dir='ltr' id='par_1_2' title="bbox 113 895 1347 1712">
     <span class='ocr_line' id='line_1_2' title="bbox 154 895 1345 981; baseline -0.004 -16"><span class='ocrx_word' id='word_1_7' title='bbox 154 899 236 965; x_wconf 89' lang='lat' dir='ltr'><strong>Item</strong></span> <span class='ocrx_word' id='word_1_8' title='bbox 259 905 385 981; x_wconf 84' lang='lat' dir='ltr'><strong>captum</strong></span> <span class='ocrx_word' id='word_1_9' title='bbox 406 895 484 976; x_wconf 84' lang='lat' dir='ltr'><strong>fuit,</strong></span> <span class='ocrx_word' id='word_1_10' title='bbox 518 895 603 978; x_wconf 87' lang='lat' dir='ltr'><strong>quod</strong></span> <span class='ocrx_word' id='word_1_11' title='bbox 636 913 843 978; x_wconf 78' lang='lat' dir='ltr'><strong>unaquaeque</strong></span> <span class='ocrx_word' id='word_1_12' title='bbox 876 915 1012 978; x_wconf 83' lang='lat' dir='ltr'><strong>persona</strong></span> <span class='ocrx_word' id='word_1_13' title='bbox 1045 896 1200 962; x_wconf 85' lang='lat' dir='ltr'><strong>mundans</strong></span> <span class='ocrx_word' id='word_1_14' title='bbox 1232 896 1345 962; x_wconf 85' lang='lat' dir='ltr'><strong>domos</strong></span> 
     </span>
     <span class='ocr_line' id='line_1_3' title="bbox 114 1000 1347 1084; baseline -0.003 -14"><span class='ocrx_word' id='word_1_15' title='bbox 114 1021 198 1084; x_wconf 79' lang='lat' dir='ltr'><strong>mus,</strong></span> <span class='ocrx_word' id='word_1_16' title='bbox 221 1003 272 1069; x_wconf 86' lang='lat' dir='ltr'><strong>vel</strong></span> <span class='ocrx_word' id='word_1_17' title='bbox 294 1009 369 1068; x_wconf 85' lang='lat' dir='ltr'><strong>aute</strong></span> <span class='ocrx_word' id='word_1_18' title='bbox 391 1003 510 1084; x_wconf 82' lang='lat' dir='ltr'><strong>demon,</strong></span> <span class='ocrx_word' id='word_1_19' title='bbox 542 1019 606 1069; x_wconf 92' lang='lat' dir='ltr'><strong>non</strong></span> <span class='ocrx_word' id='word_1_20' title='bbox 629 1001 733 1083; x_wconf 81' lang='lat' dir='ltr'>possit</span> <span class='ocrx_word' id='word_1_21' title='bbox 754 1000 968 1066; x_wconf 87' lang='lat' dir='ltr'><strong>immunditias</strong></span> <span class='ocrx_word' id='word_1_22' title='bbox 992 1001 1062 1068; x_wconf 83' lang='lat' dir='ltr'><strong>illan</strong></span> <span class='ocrx_word' id='word_1_23' title='bbox 1084 1000 1256 1083; x_wconf 63' lang='lat' dir='ltr'><strong>proficere,</strong></span> <span class='ocrx_word' id='word_1_24' title='bbox 1289 1019 1347 1066; x_wconf 91' lang='lat' dir='ltr'><strong>nec</strong></span> 
     </span>
     <span class='ocr_line' id='line_1_4' title="bbox 113 1104 1345 1189; baseline -0.002 -16"><span class='ocrx_word' id='word_1_25' title='bbox 113 1125 182 1172; x_wconf 89' lang='lat' dir='ltr'><strong>cum</strong></span> <span class='ocrx_word' id='word_1_26' title='bbox 202 1105 264 1173; x_wconf 86' lang='lat' dir='ltr'><strong>illis</strong></span> <span class='ocrx_word' id='word_1_27' title='bbox 286 1123 441 1189; x_wconf 86' lang='lat' dir='ltr'><strong>occupare</strong></span> <span class='ocrx_word' id='word_1_28' title='bbox 463 1105 601 1187; x_wconf 79' lang='lat' dir='ltr'><strong>aliquem</strong></span> <span class='ocrx_word' id='word_1_29' title='bbox 627 1106 730 1171; x_wconf 90' lang='lat' dir='ltr'><strong>locum</strong></span> <span class='ocrx_word' id='word_1_30' title='bbox 752 1105 925 1172; x_wconf 88' lang='lat' dir='ltr'><strong>eommunis</strong></span> <span class='ocrx_word' id='word_1_31' title='bbox 958 1105 1090 1172; x_wconf 76' lang='lat' dir='ltr'><strong>mammo</strong></span> <span class='ocrx_word' id='word_1_32' title='bbox 1112 1111 1253 1188; x_wconf 86' lang='lat' dir='ltr'><strong>portum,</strong></span> <span class='ocrx_word' id='word_1_33' title='bbox 1288 1104 1345 1171; x_wconf 87' lang='lat' dir='ltr'><strong>sed</strong></span> 
     </span>
     <span class='ocr_line' id='line_1_5' title="bbox 113 1209 1346 1294; baseline -0.002 -16"><span class='ocrx_word' id='word_1_34' title='bbox 113 1212 216 1278; x_wconf 84' lang='lat' dir='ltr'><strong>solum</strong></span> <span class='ocrx_word' id='word_1_35' title='bbox 237 1211 339 1294; x_wconf 82' lang='lat' dir='ltr'><strong>pessit</strong></span> <span class='ocrx_word' id='word_1_36' title='bbox 360 1210 513 1293; x_wconf 87' lang='lat' dir='ltr'><strong>proijcere</strong></span> <span class='ocrx_word' id='word_1_37' title='bbox 535 1209 608 1275; x_wconf 87' lang='lat' dir='ltr'><strong>illas</strong></span> <span class='ocrx_word' id='word_1_38' title='bbox 630 1209 844 1276; x_wconf 76' lang='lat' dir='ltr'><strong>immunditias</strong></span> <span class='ocrx_word' id='word_1_39' title='bbox 866 1217 957 1276; x_wconf 80' lang='lat' dir='ltr'><strong>extra</strong></span> <span class='ocrx_word' id='word_1_40' title='bbox 975 1209 1134 1276; x_wconf 78' lang='lat' dir='ltr'><strong>cimtetem</strong></span> <span class='ocrx_word' id='word_1_41' title='bbox 1150 1215 1224 1293; x_wconf 87' lang='lat' dir='ltr'><strong>post</strong></span> <span class='ocrx_word' id='word_1_42' title='bbox 1240 1228 1346 1276; x_wconf 86' lang='lat' dir='ltr'><strong>muros</strong></span> 
     </span>
     <span class='ocr_line' id='line_1_6' title="bbox 114 1313 1344 1400; baseline -0.002 -18"><span class='ocrx_word' id='word_1_43' title='bbox 114 1315 147 1382; x_wconf 86' lang='lat' dir='ltr'><strong>in</strong></span> <span class='ocrx_word' id='word_1_44' title='bbox 167 1333 268 1396; x_wconf 80' lang='lat' dir='ltr'><strong>mare,</strong></span> <span class='ocrx_word' id='word_1_45' title='bbox 297 1315 443 1382; x_wconf 85' lang='lat' dir='ltr'><strong>videlicet</strong></span> <span class='ocrx_word' id='word_1_46' title='bbox 464 1320 598 1398; x_wconf 73' lang='lat' dir='ltr'><strong>aperta</strong></span> <span class='ocrx_word' id='word_1_47' title='bbox 619 1333 711 1400; x_wconf 85' lang='lat' dir='ltr'><strong>noun,</strong></span> <span class='ocrx_word' id='word_1_48' title='bbox 734 1333 833 1397; x_wconf 83' lang='lat' dir='ltr'><strong>usque</strong></span> <span class='ocrx_word' id='word_1_49' title='bbox 856 1315 939 1380; x_wconf 79' lang='lat' dir='ltr'><strong>vltra</strong></span> <span class='ocrx_word' id='word_1_50' title='bbox 960 1315 1001 1380; x_wconf 84' lang='lat' dir='ltr'><strong>ad</strong></span> <span class='ocrx_word' id='word_1_51' title='bbox 1023 1316 1133 1381; x_wconf 89' lang='lat' dir='ltr'><strong>miram</strong></span> <span class='ocrx_word' id='word_1_52' title='bbox 1155 1313 1344 1394; x_wconf 79' lang='lat' dir='ltr'><strong>communie,</strong></span> 
     </span>
     <span class='ocr_line' id='line_1_7' title="bbox 113 1417 1345 1503; baseline -0.003 -17"><span class='ocrx_word' id='word_1_53' title='bbox 113 1438 215 1503; x_wconf 84' lang='lat' dir='ltr'><strong>poena</strong></span> <span class='ocrx_word' id='word_1_54' title='bbox 247 1438 474 1502; x_wconf 85' lang='lat' dir='ltr'><strong>yperperorum</strong></span> <span class='ocrx_word' id='word_1_55' title='bbox 497 1437 526 1484; x_wconf 86' lang='lat' dir='ltr'><strong>v.</strong></span> <span class='ocrx_word' id='word_1_56' title='bbox 550 1438 607 1502; x_wconf 88' lang='lat' dir='ltr'><strong>pro</strong></span> <span class='ocrx_word' id='word_1_57' title='bbox 637 1417 808 1486; x_wconf 87' lang='lat' dir='ltr'><strong>medietate</strong></span> <span class='ocrx_word' id='word_1_58' title='bbox 832 1417 996 1484; x_wconf 78' lang='lat' dir='ltr'><strong>Communi</strong></span> <span class='ocrx_word' id='word_1_59' title='bbox 1018 1425 1053 1484; x_wconf 86' lang='lat' dir='ltr'><strong>et</strong></span> <span class='ocrx_word' id='word_1_60' title='bbox 1075 1419 1137 1486; x_wconf 85' lang='lat' dir='ltr'><strong>alia</strong></span> <span class='ocrx_word' id='word_1_61' title='bbox 1168 1419 1345 1496; x_wconf 81' lang='lat' dir='ltr'><strong>accusanti3</strong></span> 
     </span>
     <span class='ocr_line' id='line_1_8' title="bbox 114 1523 1346 1606; baseline -0.002 -15"><span class='ocrx_word' id='word_1_62' title='bbox 114 1529 147 1591; x_wconf 88' lang='lat' dir='ltr'><strong>et</strong></span> <span class='ocrx_word' id='word_1_63' title='bbox 168 1524 370 1592; x_wconf 88' lang='lat' dir='ltr'><strong>nibilominus</strong></span> <span class='ocrx_word' id='word_1_64' title='bbox 403 1530 548 1591; x_wconf 85' lang='lat' dir='ltr'><strong>teneatur</strong></span> <span class='ocrx_word' id='word_1_65' title='bbox 581 1524 668 1606; x_wconf 85' lang='lat' dir='ltr'><strong>ipsae</strong></span> <span class='ocrx_word' id='word_1_66' title='bbox 702 1523 915 1590; x_wconf 82' lang='lat' dir='ltr'><strong>immunditias</strong></span> <span class='ocrx_word' id='word_1_67' title='bbox 948 1524 1093 1590; x_wconf 87' lang='lat' dir='ltr'><strong>releuare</strong></span> <span class='ocrx_word' id='word_1_68' title='bbox 1122 1523 1162 1588; x_wconf 88' lang='lat' dir='ltr'><strong>ad</strong></span> <span class='ocrx_word' id='word_1_69' title='bbox 1192 1539 1346 1605; x_wconf 83' lang='lat' dir='ltr'><strong>expensae</strong></span> 
     </span>
     <span class='ocr_line' id='line_1_9' title="bbox 113 1629 422 1712; baseline -0.01 -17"><span class='ocrx_word' id='word_1_70' title='bbox 113 1629 197 1696; x_wconf 86' lang='lat' dir='ltr'><strong>illius</strong></span> <span class='ocrx_word' id='word_1_71' title='bbox 219 1629 422 1712; x_wconf 84' lang='lat' dir='ltr'><strong>proijeienlis.</strong></span> 
     </span>
    </p>
   </div>
   <div class='ocr_carea' id='block_1_3' title="bbox 400 1807 1055 1854">
    <p class='ocr_par' dir='ltr' id='par_1_3' title="bbox 400 1807 1055 1854">
     <span class='ocr_line' id='line_1_10' title="bbox 400 1807 1055 1854; baseline -0.003 -3"><span class='ocrx_word' id='word_1_72' title='bbox 400 1808 467 1851; x_wconf 72' lang='lat' dir='ltr'><strong>un.</strong></span> <span class='ocrx_word' id='word_1_73' title='bbox 490 1810 598 1851; x_wconf 72' lang='lat' dir='ltr'><strong>nxxw.</strong></span> <span class='ocrx_word' id='word_1_74' title='bbox 623 1809 795 1854; x_wconf 64' lang='lat' dir='ltr'><strong>(20le</strong></span> <span class='ocrx_word' id='word_1_75' title='bbox 816 1808 913 1851; x_wconf 73' lang='lat' dir='ltr'><strong>num</strong></span> <span class='ocrx_word' id='word_1_76' title='bbox 936 1807 1055 1850; x_wconf 71' lang='lat' dir='ltr'>VHMS.</span> 
     </span>
    </p>
   </div>
   <div class='ocr_carea' id='block_1_4' title="bbox 153 1891 1463 1976">
    <p class='ocr_par' dir='ltr' id='par_1_4' title="bbox 153 1891 1463 1976">
     <span class='ocr_line' id='line_1_11' title="bbox 153 1891 1463 1976; baseline -0.003 -3"><span class='ocrx_word' id='word_1_77' title='bbox 153 1907 191 1973; x_wconf 91' lang='lat' dir='ltr'><strong>ln</strong></span> <span class='ocrx_word' id='word_1_78' title='bbox 214 1905 333 1974; x_wconf 84' lang='lat' dir='ltr'><strong>Christi</strong></span> <span class='ocrx_word' id='word_1_79' title='bbox 357 1909 480 1976; x_wconf 88' lang='lat' dir='ltr'><strong>nomine</strong></span> <span class='ocrx_word' id='word_1_80' title='bbox 503 1927 604 1976; x_wconf 84' lang='lat' dir='ltr'><strong>amen.</strong></span> <span class='ocrx_word' id='word_1_81' title='bbox 627 1907 718 1975; x_wconf 76' lang='lat' dir='ltr'><strong>Anno</strong></span> <span class='ocrx_word' id='word_1_82' title='bbox 741 1908 866 1976; x_wconf 86' lang='lat' dir='ltr'><strong>Domini</strong></span> <span class='ocrx_word' id='word_1_83' title='bbox 888 1908 989 1972; x_wconf 81' lang='lat' dir='ltr'><strong>nostri</strong></span> <span class='ocrx_word' id='word_1_84' title='bbox 1012 1907 1089 1972; x_wconf 90' lang='lat' dir='ltr'><strong>Jesu</strong></span> <span class='ocrx_word' id='word_1_85' title='bbox 1112 1905 1228 1972; x_wconf 83' lang='lat' dir='ltr'><strong>Christi</strong></span> <span class='ocrx_word' id='word_1_86' title='bbox 1249 1903 1346 1970; x_wconf 81' lang='lat' dir='ltr'><strong>alla·</strong></span> <span class='ocrx_word' id='word_1_87' title='bbox 1461 1891 1463 1897; x_wconf 65' lang='grc'>’</span> 
     </span>
    </p>
   </div>
   <div class='ocr_carea' id='block_1_5' title="bbox 114 2009 1347 2734">
    <p class='ocr_par' dir='ltr' id='par_1_5' title="bbox 114 2009 1347 2734">
     <span class='ocr_line' id='line_1_12' title="bbox 115 2009 1345 2095; baseline -0.004 -18"><span class='ocrx_word' id='word_1_88' title='bbox 115 2013 229 2080; x_wconf 87' lang='lat' dir='ltr'><strong>tuitate</strong></span> <span class='ocrx_word' id='word_1_89' title='bbox 253 2013 371 2078; x_wconf 89' lang='lat' dir='ltr'><strong>eisdem</strong></span> <span class='ocrx_word' id='word_1_90' title='bbox 395 2013 500 2080; x_wconf 86' lang='lat' dir='ltr'><strong>Mcccc</strong></span> <span class='ocrx_word' id='word_1_91' title='bbox 522 2015 574 2095; x_wconf 85' lang='lat' dir='ltr'><strong>vij.</strong></span> <span class='ocrx_word' id='word_1_92' title='bbox 598 2013 773 2080; x_wconf 88' lang='lat' dir='ltr'><strong>indictione</strong></span> <span class='ocrx_word' id='word_1_93' title='bbox 789 2033 837 2078; x_wconf 84' lang='lat' dir='ltr'><strong>xv.</strong></span> <span class='ocrx_word' id='word_1_94' title='bbox 854 2017 888 2077; x_wconf 91' lang='lat' dir='ltr'><strong>et</strong></span> <span class='ocrx_word' id='word_1_95' title='bbox 903 2011 954 2078; x_wconf 88' lang='lat' dir='ltr'><strong>die</strong></span> <span class='ocrx_word' id='word_1_96' title='bbox 970 2012 1041 2094; x_wconf 84' lang='lat' dir='ltr'><strong>xxij.</strong></span> <span class='ocrx_word' id='word_1_97' title='bbox 1059 2011 1177 2078; x_wconf 83' lang='lat' dir='ltr'><strong>Mensis</strong></span> <span class='ocrx_word' id='word_1_98' title='bbox 1192 2009 1345 2092; x_wconf 83' lang='lat' dir='ltr'><strong>lanuarij.</strong></span> 
     </span>
     <span class='ocr_line' id='line_1_13' title="bbox 115 2112 1346 2200; baseline -0.006 -13"><span class='ocrx_word' id='word_1_99' title='bbox 115 2119 150 2188; x_wconf 88' lang='lat' dir='ltr'><strong>Iu</strong></span> <span class='ocrx_word' id='word_1_100' title='bbox 172 2119 268 2200; x_wconf 87' lang='lat' dir='ltr'><strong>plene</strong></span> <span class='ocrx_word' id='word_1_101' title='bbox 292 2123 325 2184; x_wconf 84' lang='lat' dir='ltr'><strong>et</strong></span> <span class='ocrx_word' id='word_1_102' title='bbox 347 2117 487 2200; x_wconf 83' lang='lat' dir='ltr'><strong>generali</strong></span> <span class='ocrx_word' id='word_1_103' title='bbox 505 2112 640 2185; x_wconf 77' lang='lat' dir='ltr'><strong>&#39;consilio</strong></span> <span class='ocrx_word' id='word_1_104' title='bbox 676 2117 811 2183; x_wconf 85' lang='lat' dir='ltr'><strong>ciuitatis</strong></span> <span class='ocrx_word' id='word_1_105' title='bbox 834 2124 867 2182; x_wconf 89' lang='lat' dir='ltr'><strong>et</strong></span> <span class='ocrx_word' id='word_1_106' title='bbox 888 2117 1011 2182; x_wconf 89' lang='lat' dir='ltr'><strong>insulae</strong></span> <span class='ocrx_word' id='word_1_107' title='bbox 1034 2114 1198 2194; x_wconf 81' lang='lat' dir='ltr'><strong>Curculae,</strong></span> <span class='ocrx_word' id='word_1_108' title='bbox 1230 2117 1262 2179; x_wconf 89' lang='lat' dir='ltr'><strong>in</strong></span> <span class='ocrx_word' id='word_1_109' title='bbox 1285 2133 1346 2196; x_wconf 91' lang='lat' dir='ltr'><strong>quo</strong></span> 
     </span>
     <span class='ocr_line' id='line_1_14' title="bbox 115 2221 1347 2304; baseline -0.001 -17"><span class='ocrx_word' id='word_1_110' title='bbox 115 2221 246 2288; x_wconf 82' lang='lat' dir='ltr'><strong>luerunt</strong></span> <span class='ocrx_word' id='word_1_111' title='bbox 273 2222 441 2303; x_wconf 85' lang='lat' dir='ltr'><strong>consiliarij</strong></span> <span class='ocrx_word' id='word_1_112' title='bbox 466 2222 505 2286; x_wconf 84' lang='lat' dir='ltr'><strong>lv.</strong></span> <span class='ocrx_word' id='word_1_113' title='bbox 529 2241 586 2303; x_wconf 89' lang='lat' dir='ltr'><strong>pro</strong></span> <span class='ocrx_word' id='word_1_114' title='bbox 610 2221 719 2286; x_wconf 89' lang='lat' dir='ltr'><strong>maiori</strong></span> <span class='ocrx_word' id='word_1_115' title='bbox 743 2228 835 2303; x_wconf 85' lang='lat' dir='ltr'><strong>parte</strong></span> <span class='ocrx_word' id='word_1_116' title='bbox 858 2231 982 2304; x_wconf 88' lang='lat' dir='ltr'><strong>captum</strong></span> <span class='ocrx_word' id='word_1_117' title='bbox 1007 2227 1067 2302; x_wconf 85' lang='lat' dir='ltr'><strong>est,</strong></span> <span class='ocrx_word' id='word_1_118' title='bbox 1091 2221 1174 2304; x_wconf 90' lang='lat' dir='ltr'><strong>quod</strong></span> <span class='ocrx_word' id='word_1_119' title='bbox 1190 2227 1347 2302; x_wconf 87' lang='lat' dir='ltr'><strong>ponantur</strong></span> 
     </span>
     <span class='ocr_line' id='line_1_15' title="bbox 116 2325 1340 2408; baseline -0.001 -17"><span class='ocrx_word' id='word_1_120' title='bbox 116 2325 253 2392; x_wconf 86' lang='lat' dir='ltr'><strong>confinia</strong></span> <span class='ocrx_word' id='word_1_121' title='bbox 276 2325 357 2392; x_wconf 88' lang='lat' dir='ltr'><strong>infra</strong></span> <span class='ocrx_word' id='word_1_122' title='bbox 379 2327 472 2392; x_wconf 88' lang='lat' dir='ltr'><strong>villos</strong></span> <span class='ocrx_word' id='word_1_123' title='bbox 495 2345 553 2408; x_wconf 91' lang='lat' dir='ltr'><strong>per</strong></span> <span class='ocrx_word' id='word_1_124' title='bbox 574 2327 727 2404; x_wconf 83' lang='lat' dir='ltr'><strong>insulam,</strong></span> <span class='ocrx_word' id='word_1_125' title='bbox 759 2333 852 2408; x_wconf 87' lang='lat' dir='ltr'><strong>prout</strong></span> <span class='ocrx_word' id='word_1_126' title='bbox 875 2327 977 2392; x_wconf 87' lang='lat' dir='ltr'><strong>Vetus</strong></span> <span class='ocrx_word' id='word_1_127' title='bbox 1001 2327 1160 2392; x_wconf 78' lang='lat' dir='ltr'><strong>Statuitum</strong></span> <span class='ocrx_word' id='word_1_128' title='bbox 1193 2325 1340 2408; x_wconf 82' lang='lat' dir='ltr'><strong>requirit3</strong></span> 
     </span>
     <span class='ocr_line' id='line_1_16' title="bbox 115 2429 1347 2515; baseline -0.003 -18"><span class='ocrx_word' id='word_1_129' title='bbox 115 2437 146 2497; x_wconf 89' lang='lat' dir='ltr'><strong>et</strong></span> <span class='ocrx_word' id='word_1_130' title='bbox 166 2432 300 2515; x_wconf 80' lang='lat' dir='ltr'><strong>gramze</strong></span> <span class='ocrx_word' id='word_1_131' title='bbox 321 2431 500 2497; x_wconf 87' lang='lat' dir='ltr'><strong>incidantur</strong></span> <span class='ocrx_word' id='word_1_132' title='bbox 522 2439 616 2514; x_wconf 89' lang='lat' dir='ltr'><strong>prout</strong></span> <span class='ocrx_word' id='word_1_133' title='bbox 639 2432 836 2498; x_wconf 81' lang='lat' dir='ltr'><strong>ordinabitur</strong></span> <span class='ocrx_word' id='word_1_134' title='bbox 858 2431 1009 2514; x_wconf 85' lang='lat' dir='ltr'><strong>perillus</strong></span> <span class='ocrx_word' id='word_1_135' title='bbox 1031 2432 1170 2512; x_wconf 86' lang='lat' dir='ltr'><strong>nobiles,</strong></span> <span class='ocrx_word' id='word_1_136' title='bbox 1200 2429 1253 2513; x_wconf 92' lang='lat' dir='ltr'><strong>qui</strong></span> <span class='ocrx_word' id='word_1_137' title='bbox 1275 2429 1347 2494; x_wconf 90' lang='lat' dir='ltr'><strong>mit·</strong></span> 
     </span>
     <span class='ocr_line' id='line_1_17' title="bbox 114 2534 1346 2619; baseline -0.003 -17"><span class='ocrx_word' id='word_1_138' title='bbox 114 2541 219 2602; x_wconf 83' lang='lat' dir='ltr'><strong>tantur</strong></span> <span class='ocrx_word' id='word_1_139' title='bbox 244 2555 302 2618; x_wconf 88' lang='lat' dir='ltr'><strong>per</strong></span> <span class='ocrx_word' id='word_1_140' title='bbox 323 2537 472 2618; x_wconf 82' lang='lat' dir='ltr'><strong>regimen,</strong></span> <span class='ocrx_word' id='word_1_141' title='bbox 497 2539 530 2602; x_wconf 87' lang='lat' dir='ltr'><strong>et</strong></span> <span class='ocrx_word' id='word_1_142' title='bbox 553 2537 730 2618; x_wconf 84' lang='lat' dir='ltr'><strong>quicunque</strong></span> <span class='ocrx_word' id='word_1_143' title='bbox 753 2537 929 2619; x_wconf 74' lang='lat' dir='ltr'><strong>postulabit</strong></span> <span class='ocrx_word' id='word_1_144' title='bbox 952 2537 1033 2602; x_wconf 83' lang='lat' dir='ltr'><strong>vltra</strong></span> <span class='ocrx_word' id='word_1_145' title='bbox 1066 2534 1209 2616; x_wconf 77' lang='lat' dir='ltr'><strong>confinia,</strong></span> <span class='ocrx_word' id='word_1_146' title='bbox 1233 2535 1346 2612; x_wconf 81' lang='lat' dir='ltr'><strong>soluat,</strong></span> 
     </span>
     <span class='ocr_line' id='line_1_18' title="bbox 114 2639 698 2734; baseline 0.002 -29"><span class='ocrx_word' id='word_1_147' title='bbox 114 2647 207 2723; x_wconf 88' lang='lat' dir='ltr'><strong>prout</strong></span> <span class='ocrx_word' id='word_1_148' title='bbox 231 2639 393 2707; x_wconf 81' lang='lat' dir='ltr'><strong>Statutum</strong></span> <span class='ocrx_word' id='word_1_149' title='bbox 420 2641 576 2723; x_wconf 82' lang='lat' dir='ltr'><strong>requirit¹</strong></span> <span class='ocrx_word' id='word_1_150' title='bbox 693 2725 698 2734; x_wconf 29' lang='grc' dir='ltr'>Ι</span> 
     </span>
    </p>
   </div>
   <div class='ocr_carea' id='block_1_6' title="bbox 305 2795 1159 2864">
    <p class='ocr_par' dir='ltr' id='par_1_6' title="bbox 305 2795 1159 2864">
     <span class='ocr_line' id='line_1_19' title="bbox 305 2795 1159 2864; baseline -0.002 0"><span class='ocrx_word' id='word_1_151' title='bbox 305 2821 372 2864; x_wconf 79' lang='lat' dir='ltr'><strong>our.</strong></span> <span class='ocrx_word' id='word_1_152' title='bbox 396 2821 517 2862; x_wconf 83' lang='lat' dir='ltr'><strong>nxxvn.</strong></span> <span class='ocrx_word' id='word_1_153' title='bbox 541 2821 758 2864; x_wconf 77' lang='lat' dir='ltr'><strong>mmreunnnnrr</strong></span> <span class='ocrx_word' id='word_1_154' title='bbox 781 2821 848 2862; x_wconf 83' lang='lat' dir='ltr'><strong>vrnr</strong></span> <span class='ocrx_word' id='word_1_155' title='bbox 871 2795 1159 2864; x_wconf 51' lang='lat' dir='ltr'><strong>bonmolinum)</strong></span> 
     </span>
    </p>
   </div>
   <div class='ocr_carea' id='block_1_7' title="bbox 116 2917 1348 3212">
    <p class='ocr_par' dir='ltr' id='par_1_7' title="bbox 116 2917 1348 3212">
     <span class='ocr_line' id='line_1_20' title="bbox 155 2917 1346 3003; baseline 0.001 -20"><span class='ocrx_word' id='word_1_156' title='bbox 155 2919 237 2988; x_wconf 88' lang='lat' dir='ltr'><strong>Item</strong></span> <span class='ocrx_word' id='word_1_157' title='bbox 261 2926 388 3002; x_wconf 90' lang='lat' dir='ltr'><strong>captum</strong></span> <span class='ocrx_word' id='word_1_158' title='bbox 410 2919 479 2999; x_wconf 87' lang='lat' dir='ltr'><strong>fuit,</strong></span> <span class='ocrx_word' id='word_1_159' title='bbox 502 2921 587 3002; x_wconf 91' lang='lat' dir='ltr'><strong>quod</strong></span> <span class='ocrx_word' id='word_1_160' title='bbox 611 2939 672 2984; x_wconf 87' lang='lat' dir='ltr'><strong>rna</strong></span> <span class='ocrx_word' id='word_1_161' title='bbox 693 2938 841 2986; x_wconf 87' lang='lat' dir='ltr'><strong>mensura</strong></span> <span class='ocrx_word' id='word_1_162' title='bbox 863 2921 904 2984; x_wconf 90' lang='lat' dir='ltr'><strong>sit</strong></span> <span class='ocrx_word' id='word_1_163' title='bbox 926 2919 989 2986; x_wconf 88' lang='lat' dir='ltr'><strong>vini</strong></span> <span class='ocrx_word' id='word_1_164' title='bbox 1012 2938 1070 3002; x_wconf 89' lang='lat' dir='ltr'><strong>per</strong></span> <span class='ocrx_word' id='word_1_165' title='bbox 1084 2925 1183 2985; x_wconf 88' lang='lat' dir='ltr'><strong>totam</strong></span> <span class='ocrx_word' id='word_1_166' title='bbox 1202 2917 1346 3003; x_wconf 86' lang='lat' dir='ltr'><strong>insulam,</strong></span> 
     </span>
     <span class='ocr_line' id='line_1_21' title="bbox 116 3023 1348 3107; baseline -0.001 -19"><span class='ocrx_word' id='word_1_167' title='bbox 116 3025 264 3090; x_wconf 85' lang='lat' dir='ltr'><strong>videlicet</strong></span> <span class='ocrx_word' id='word_1_168' title='bbox 298 3031 411 3107; x_wconf 83' lang='lat' dir='ltr'><strong>quarta</strong></span> <span class='ocrx_word' id='word_1_169' title='bbox 434 3025 656 3103; x_wconf 81' lang='lat' dir='ltr'><strong>Venetiarum3</strong></span> <span class='ocrx_word' id='word_1_170' title='bbox 680 3031 713 3090; x_wconf 91' lang='lat' dir='ltr'><strong>et</strong></span> <span class='ocrx_word' id='word_1_171' title='bbox 735 3043 834 3106; x_wconf 84' lang='lat' dir='ltr'><strong>voque</strong></span> <span class='ocrx_word' id='word_1_172' title='bbox 854 3024 894 3090; x_wconf 85' lang='lat' dir='ltr'><strong>ad</strong></span> <span class='ocrx_word' id='word_1_173' title='bbox 917 3024 1033 3090; x_wconf 85' lang='lat' dir='ltr'><strong>festum</strong></span> <span class='ocrx_word' id='word_1_174' title='bbox 1057 3023 1162 3090; x_wconf 83' lang='lat' dir='ltr'><strong>Sancti</strong></span> <span class='ocrx_word' id='word_1_175' title='bbox 1184 3023 1348 3090; x_wconf 80' lang='lat' dir='ltr'><strong>Michaelis</strong></span> 
     </span>
     <span class='ocr_line' id='line_1_22' title="bbox 116 3129 1068 3212; baseline 0.001 -19"><span class='ocrx_word' id='word_1_176' title='bbox 116 3147 135 3194; x_wconf 88' lang='lat' dir='ltr'><strong>a</strong></span> <span class='ocrx_word' id='word_1_177' title='bbox 155 3129 334 3212; x_wconf 73' lang='lat' dir='ltr'><strong>vindemiis,</strong></span> <span class='ocrx_word' id='word_1_178' title='bbox 358 3147 507 3196; x_wconf 90' lang='lat' dir='ltr'><strong>mensura</strong></span> <span class='ocrx_word' id='word_1_179' title='bbox 528 3131 570 3193; x_wconf 84' lang='lat' dir='ltr'><strong>sit</strong></span> <span class='ocrx_word' id='word_1_180' title='bbox 592 3129 750 3194; x_wconf 89' lang='lat' dir='ltr'><strong>butiarum</strong></span> <span class='ocrx_word' id='word_1_181' title='bbox 773 3129 903 3210; x_wconf 82' lang='lat' dir='ltr'><strong>triginta</strong></span> <span class='ocrx_word' id='word_1_182' title='bbox 926 3129 1068 3195; x_wconf 86' lang='lat' dir='ltr'><strong>duarum.</strong></span> 
     </span>
    </p>
   </div>
   <div class='ocr_carea' id='block_1_8' title="bbox 381 3325 1080 3370">
    <p class='ocr_par' dir='ltr' id='par_1_8' title="bbox 381 3325 1080 3370">
     <span class='ocr_line' id='line_1_23' title="bbox 381 3325 1080 3370; baseline -0.004 -1"><span class='ocrx_word' id='word_1_183' title='bbox 381 3325 448 3369; x_wconf 77' lang='lat' dir='ltr'>GAP.</span> <span class='ocrx_word' id='word_1_184' title='bbox 472 3325 603 3368; x_wconf 80' lang='lat' dir='ltr'>LXXVIII.</span> <span class='ocrx_word' id='word_1_185' title='bbox 628 3325 754 3368; x_wconf 73' lang='lat' dir='ltr'><strong>eninm</strong></span> <span class='ocrx_word' id='word_1_186' title='bbox 777 3327 897 3370; x_wconf 75' lang='lat' dir='ltr'><strong>fflGBS</strong></span> <span class='ocrx_word' id='word_1_187' title='bbox 919 3325 1080 3368; x_wconf 74' lang='lat' dir='ltr'><strong>ulmum.</strong></span> 
     </span>
    </p>
   </div>
   <div class='ocr_carea' id='block_1_9' title="bbox 116 3423 1348 3613">
    <p class='ocr_par' dir='ltr' id='par_1_9' title="bbox 116 3423 1348 3613">
     <span class='ocr_line' id='line_1_24' title="bbox 156 3423 1348 3508; baseline 0 -18"><span class='ocrx_word' id='word_1_188' title='bbox 156 3424 239 3491; x_wconf 88' lang='lat' dir='ltr'><strong>Item</strong></span> <span class='ocrx_word' id='word_1_189' title='bbox 263 3430 392 3507; x_wconf 88' lang='lat' dir='ltr'><strong>captum</strong></span> <span class='ocrx_word' id='word_1_190' title='bbox 415 3423 484 3504; x_wconf 85' lang='lat' dir='ltr'><strong>luit,</strong></span> <span class='ocrx_word' id='word_1_191' title='bbox 520 3425 604 3508; x_wconf 90' lang='lat' dir='ltr'><strong>quod</strong></span> <span class='ocrx_word' id='word_1_192' title='bbox 626 3425 816 3492; x_wconf 78' lang='lat' dir='ltr'><strong>albemariae</strong></span> <span class='ocrx_word' id='word_1_193' title='bbox 838 3445 897 3491; x_wconf 89' lang='lat' dir='ltr'><strong>seu</strong></span> <span class='ocrx_word' id='word_1_194' title='bbox 919 3424 1077 3492; x_wconf 79' lang='lat' dir='ltr'><strong>formariae</strong></span> <span class='ocrx_word' id='word_1_195' title='bbox 1098 3441 1161 3490; x_wconf 90' lang='lat' dir='ltr'><strong>non</strong></span> <span class='ocrx_word' id='word_1_196' title='bbox 1183 3425 1348 3507; x_wconf 86' lang='lat' dir='ltr'><strong>accipiant,</strong></span> 
     </span>
     <span class='ocr_line' id='line_1_25' title="bbox 116 3529 1195 3613; baseline -0.002 -17"><span class='ocrx_word' id='word_1_197' title='bbox 116 3529 175 3596; x_wconf 87' lang='lat' dir='ltr'><strong>nisi</strong></span> <span class='ocrx_word' id='word_1_198' title='bbox 198 3529 239 3598; x_wconf 89' lang='lat' dir='ltr'><strong>de</strong></span> <span class='ocrx_word' id='word_1_199' title='bbox 262 3549 331 3595; x_wconf 78' lang='lat' dir='ltr'><strong>xxx.</strong></span> <span class='ocrx_word' id='word_1_200' title='bbox 355 3547 449 3596; x_wconf 86' lang='lat' dir='ltr'><strong>vnum</strong></span> <span class='ocrx_word' id='word_1_201' title='bbox 472 3549 574 3612; x_wconf 84' lang='lat' dir='ltr'><strong>poena</strong></span> <span class='ocrx_word' id='word_1_202' title='bbox 595 3548 777 3612; x_wconf 84' lang='lat' dir='ltr'><strong>grossorum</strong></span> <span class='ocrx_word' id='word_1_203' title='bbox 800 3550 853 3597; x_wconf 86' lang='lat' dir='ltr'><strong>sex</strong></span> <span class='ocrx_word' id='word_1_204' title='bbox 877 3548 934 3613; x_wconf 91' lang='lat' dir='ltr'><strong>pro</strong></span> <span class='ocrx_word' id='word_1_205' title='bbox 957 3529 1098 3612; x_wconf 86' lang='lat' dir='ltr'><strong>qualibet</strong></span> <span class='ocrx_word' id='word_1_206' title='bbox 1120 3529 1195 3596; x_wconf 90' lang='lat' dir='ltr'><strong>vice.</strong></span> 
     </span>
    </p>
   </div>
   <div class='ocr_carea' id='block_1_10' title="bbox 304 3725 1160 3771">
    <p class='ocr_par' dir='ltr' id='par_1_10' title="bbox 304 3725 1160 3771">
     <span class='ocr_line' id='line_1_26' title="bbox 304 3725 1160 3771; baseline -0.004 0"><span class='ocrx_word' id='word_1_207' title='bbox 304 3726 371 3771; x_wconf 73' lang='lat' dir='ltr'>GAP.</span> <span class='ocrx_word' id='word_1_208' title='bbox 394 3727 503 3770; x_wconf 75' lang='lat' dir='ltr'><strong>nxxlx.</strong></span> <span class='ocrx_word' id='word_1_209' title='bbox 528 3725 834 3770; x_wconf 73' lang='lat' dir='ltr'><strong>monmnuanronum</strong></span> <span class='ocrx_word' id='word_1_210' title='bbox 856 3727 977 3770; x_wconf 72' lang='lat' dir='ltr'><strong>umens</strong></span> <span class='ocrx_word' id='word_1_211' title='bbox 999 3725 1160 3769; x_wconf 70' lang='lat' dir='ltr'><strong>munuum.</strong></span> 
     </span>
    </p>
   </div>
   <div class='ocr_carea' id='block_1_11' title="bbox 117 3825 1349 4016">
    <p class='ocr_par' dir='ltr' id='par_1_11' title="bbox 117 3825 1349 4016">
     <span class='ocr_line' id='line_1_27' title="bbox 157 3825 1349 3911; baseline 0.001 -20"><span class='ocrx_word' id='word_1_212' title='bbox 157 3825 249 3911; x_wconf 90' lang='lat' dir='ltr'><strong>Item,</strong></span> <span class='ocrx_word' id='word_1_213' title='bbox 286 3827 370 3908; x_wconf 87' lang='lat' dir='ltr'><strong>quod</strong></span> <span class='ocrx_word' id='word_1_214' title='bbox 404 3825 650 3893; x_wconf 89' lang='lat' dir='ltr'><strong>molendinariae</strong></span> <span class='ocrx_word' id='word_1_215' title='bbox 680 3843 742 3892; x_wconf 89' lang='lat' dir='ltr'><strong>non</strong></span> <span class='ocrx_word' id='word_1_216' title='bbox 765 3826 920 3909; x_wconf 89' lang='lat' dir='ltr'><strong>accipiant</strong></span> <span class='ocrx_word' id='word_1_217' title='bbox 953 3825 1035 3892; x_wconf 84' lang='lat' dir='ltr'><strong>vltra</strong></span> <span class='ocrx_word' id='word_1_218' title='bbox 1069 3825 1218 3908; x_wconf 86' lang='lat' dir='ltr'><strong>paruulos</strong></span> <span class='ocrx_word' id='word_1_219' title='bbox 1239 3845 1268 3892; x_wconf 86' lang='lat' dir='ltr'><strong>x.</strong></span> <span class='ocrx_word' id='word_1_220' title='bbox 1291 3843 1349 3908; x_wconf 87' lang='lat' dir='ltr'><strong>pro</strong></span> 
     </span>
     <span class='ocr_line' id='line_1_28' title="bbox 117 3931 585 4016; baseline -0.002 -21"><span class='ocrx_word' id='word_1_221' title='bbox 117 3937 240 4016; x_wconf 85' lang='lat' dir='ltr'><strong>quarta,</strong></span> <span class='ocrx_word' id='word_1_222' title='bbox 265 3949 370 4013; x_wconf 89' lang='lat' dir='ltr'><strong>poena</strong></span> <span class='ocrx_word' id='word_1_223' title='bbox 393 3931 585 4015; x_wconf 88' lang='lat' dir='ltr'><strong>supradicta.</strong></span> 
     </span>
    </p>
   </div>
   <div class='ocr_carea' id='block_1_12' title="bbox 157 4088 1344 4293">
    <p class='ocr_par' dir='ltr' id='par_1_12' title="bbox 157 4088 1344 4293">
     <span class='ocr_line' id='line_1_29' title="bbox 529 4088 940 4163; baseline -0.007 -8"><span class='ocrx_word' id='word_1_224' title='bbox 529 4111 597 4155; x_wconf 76' lang='lat' dir='ltr'><strong>uun.</strong></span> <span class='ocrx_word' id='word_1_225' title='bbox 620 4111 717 4153; x_wconf 84' lang='lat' dir='ltr'><strong>nxxx.</strong></span> <span class='ocrx_word' id='word_1_226' title='bbox 740 4088 940 4163; x_wconf 64' lang='lat' dir='ltr'><strong>oeconomi</strong></span> 
     </span>
     <span class='ocr_line' id='line_1_30' title="bbox 157 4209 1344 4293; baseline 0.002 -18"><span class='ocrx_word' id='word_1_227' title='bbox 157 4209 241 4276; x_wconf 80' lang='lat' dir='ltr'><strong>Item</strong></span> <span class='ocrx_word' id='word_1_228' title='bbox 266 4215 393 4291; x_wconf 83' lang='lat' dir='ltr'><strong>captum</strong></span> <span class='ocrx_word' id='word_1_229' title='bbox 417 4209 485 4292; x_wconf 85' lang='lat' dir='ltr'><strong>fuit,</strong></span> <span class='ocrx_word' id='word_1_230' title='bbox 518 4209 657 4291; x_wconf 82' lang='lat' dir='ltr'><strong>quadiu</strong></span> <span class='ocrx_word' id='word_1_231' title='bbox 681 4210 787 4292; x_wconf 84' lang='lat' dir='ltr'><strong>aliqua</strong></span> <span class='ocrx_word' id='word_1_232' title='bbox 808 4209 904 4293; x_wconf 83' lang='lat' dir='ltr'><strong>loque</strong></span> <span class='ocrx_word' id='word_1_233' title='bbox 926 4228 987 4276; x_wconf 91' lang='lat' dir='ltr'><strong>non</strong></span> <span class='ocrx_word' id='word_1_234' title='bbox 1011 4209 1128 4275; x_wconf 82' lang='lat' dir='ltr'><strong>audeat</strong></span> <span class='ocrx_word' id='word_1_235' title='bbox 1150 4209 1256 4292; x_wconf 85' lang='lat' dir='ltr'><strong>aliqua</strong></span> <span class='ocrx_word' id='word_1_236' title='bbox 1277 4228 1344 4292; x_wconf 91' lang='lat' dir='ltr'><strong>per·</strong></span> 
     </span>
    </p>
   </div>
   <div class='ocr_carea' id='block_1_13' title="bbox 28 4313 1351 4397">
    <p class='ocr_par' dir='ltr' id='par_1_13' title="bbox 28 4313 1351 4397">
     <span class='ocr_line' id='line_1_31' title="bbox 28 4313 1351 4397; baseline 0.005 -24"><span class='ocrx_word' id='word_1_237' title='bbox 28 4362 32 4373; x_wconf 95' lang='lat'>.</span> <span class='ocrx_word' id='word_1_238' title='bbox 117 4331 192 4380; x_wconf 87' lang='lat' dir='ltr'><strong>eona</strong></span> <span class='ocrx_word' id='word_1_239' title='bbox 214 4315 335 4393; x_wconf 82' lang='lat' dir='ltr'><strong>lauare,</strong></span> <span class='ocrx_word' id='word_1_240' title='bbox 358 4316 418 4380; x_wconf 88' lang='lat' dir='ltr'><strong>nisi</strong></span> <span class='ocrx_word' id='word_1_241' title='bbox 442 4315 596 4397; x_wconf 87' lang='lat' dir='ltr'><strong>portando</strong></span> <span class='ocrx_word' id='word_1_242' title='bbox 618 4313 714 4394; x_wconf 76' lang='lat' dir='ltr'><strong>foras,</strong></span> <span class='ocrx_word' id='word_1_243' title='bbox 737 4333 842 4397; x_wconf 90' lang='lat' dir='ltr'><strong>poena</strong></span> <span class='ocrx_word' id='word_1_244' title='bbox 864 4334 1044 4396; x_wconf 84' lang='lat' dir='ltr'><strong>grossorum</strong></span> <span class='ocrx_word' id='word_1_245' title='bbox 1067 4333 1121 4381; x_wconf 83' lang='lat' dir='ltr'><strong>sex</strong></span> <span class='ocrx_word' id='word_1_246' title='bbox 1137 4333 1196 4397; x_wconf 91' lang='lat' dir='ltr'><strong>pro</strong></span> <span class='ocrx_word' id='word_1_247' title='bbox 1210 4313 1351 4396; x_wconf 79' lang='lat' dir='ltr'><strong>qualibet</strong></span> 
     </span>
    </p>
   </div>
   <div class='ocr_carea' id='block_1_14' title="bbox 117 4417 1167 4502">
    <p class='ocr_par' dir='ltr' id='par_1_14' title="bbox 117 4417 1167 4502">
     <span class='ocr_line' id='line_1_32' title="bbox 117 4417 1167 4502; baseline -0.001 -17"><span class='ocrx_word' id='word_1_248' title='bbox 117 4417 183 4486; x_wconf 86' lang='lat' dir='ltr'><strong>vice</strong></span> <span class='ocrx_word' id='word_1_249' title='bbox 205 4421 238 4485; x_wconf 90' lang='lat' dir='ltr'><strong>in</strong></span> <span class='ocrx_word' id='word_1_250' title='bbox 262 4419 345 4485; x_wconf 83' lang='lat' dir='ltr'><strong>villis</strong></span> <span class='ocrx_word' id='word_1_251' title='bbox 367 4425 401 4485; x_wconf 88' lang='lat' dir='ltr'><strong>et</strong></span> <span class='ocrx_word' id='word_1_252' title='bbox 422 4419 603 4502; x_wconf 82' lang='lat' dir='ltr'><strong>specialiter</strong></span> <span class='ocrx_word' id='word_1_253' title='bbox 624 4421 657 4484; x_wconf 92' lang='lat' dir='ltr'><strong>in</strong></span> <span class='ocrx_word' id='word_1_254' title='bbox 679 4421 774 4502; x_wconf 89' lang='lat' dir='ltr'><strong>loque</strong></span> <span class='ocrx_word' id='word_1_255' title='bbox 797 4419 976 4486; x_wconf 87' lang='lat' dir='ltr'><strong>Desoeuich</strong></span> <span class='ocrx_word' id='word_1_256' title='bbox 999 4420 1031 4484; x_wconf 90' lang='lat' dir='ltr'><strong>in</strong></span> <span class='ocrx_word' id='word_1_257' title='bbox 1054 4419 1167 4485; x_wconf 79' lang='lat' dir='ltr'><strong>Koara.</strong></span> 
     </span>
    </p>
   </div>
   <div class='ocr_carea' id='block_1_15' title="bbox 117 4535 323 4546">
    <p class='ocr_par' dir='ltr' id='par_1_15' title="bbox 117 4535 323 4546">
     <span class='ocr_line' id='line_1_33' title="bbox 117 4535 323 4546; baseline -0.005 0"><span class='ocrx_word' id='word_1_258' title='bbox 117 4535 323 4546; x_wconf 68' lang='lat' dir='ltr'><strong>n—-o—u-</strong></span> 
     </span>
    </p>
   </div>
   <div class='ocr_carea' id='block_1_16' title="bbox 121 4578 1350 4918">
    <p class='ocr_par' dir='ltr' id='par_1_16' title="bbox 121 4578 1350 4748">
     <span class='ocr_line' id='line_1_34' title="bbox 164 4578 1350 4657; baseline 0.001 -17"><span class='ocrx_word' id='word_1_259' title='bbox 164 4578 287 4640; x_wconf 83' lang='lat' dir='ltr'><strong>1Poena</strong></span> <span class='ocrx_word' id='word_1_260' title='bbox 302 4597 347 4640; x_wconf 80' lang='lat' dir='ltr'><strong>rr.</strong></span> <span class='ocrx_word' id='word_1_261' title='bbox 371 4597 580 4655; x_wconf 80' lang='lat' dir='ltr'><strong>yperperorum,</strong></span> <span class='ocrx_word' id='word_1_262' title='bbox 603 4581 736 4641; x_wconf 86' lang='lat' dir='ltr'><strong>solvenda</strong></span> <span class='ocrx_word' id='word_1_263' title='bbox 758 4581 795 4640; x_wconf 85' lang='lat' dir='ltr'><strong>ab</strong></span> <span class='ocrx_word' id='word_1_264' title='bbox 810 4597 850 4657; x_wconf 80' lang='lat' dir='ltr'><strong>eo,</strong></span> <span class='ocrx_word' id='word_1_265' title='bbox 875 4581 924 4655; x_wconf 88' lang='lat' dir='ltr'><strong>qui</strong></span> <span class='ocrx_word' id='word_1_266' title='bbox 939 4581 1102 4656; x_wconf 87' lang='lat' dir='ltr'><strong>pascularet</strong></span> <span class='ocrx_word' id='word_1_267' title='bbox 1117 4579 1253 4642; x_wconf 86' lang='lat' dir='ltr'><strong>animalia</strong></span> <span class='ocrx_word' id='word_1_268' title='bbox 1275 4580 1350 4642; x_wconf 82' lang='lat' dir='ltr'><strong>ultre</strong></span> 
     </span>
     <span class='ocr_line' id='line_1_35' title="bbox 121 4666 901 4748; baseline 0 -20"><span class='ocrx_word' id='word_1_269' title='bbox 121 4666 242 4728; x_wconf 81' lang='lat' dir='ltr'><strong>confinia</strong></span> <span class='ocrx_word' id='word_1_270' title='bbox 258 4667 344 4728; x_wconf 86' lang='lat' dir='ltr'><strong>villae</strong></span> <span class='ocrx_word' id='word_1_271' title='bbox 359 4683 435 4748; x_wconf 83' lang='lat' dir='ltr'><strong>auae,</strong></span> <span class='ocrx_word' id='word_1_272' title='bbox 453 4668 590 4727; x_wconf 75' lang='lat' dir='ltr'><strong>statuitur</strong></span> <span class='ocrx_word' id='word_1_273' title='bbox 604 4683 680 4741; x_wconf 88' lang='lat' dir='ltr'><strong>oap.</strong></span> <span class='ocrx_word' id='word_1_274' title='bbox 697 4668 727 4729; x_wconf 82' lang='lat' dir='ltr'><strong>O.</strong></span> <span class='ocrx_word' id='word_1_275' title='bbox 743 4667 901 4729; x_wconf 76' lang='lat' dir='ltr'><strong>Statarii.</strong></span> 
     </span>
    </p>

    <p class='ocr_par' dir='ltr' id='par_1_17' title="bbox 162 4751 712 4828">
     <span class='ocr_line' id='line_1_36' title="bbox 162 4751 712 4828; baseline 0 -13"><span class='ocrx_word' id='word_1_276' title='bbox 162 4751 235 4816; x_wconf 72' lang='lat' dir='ltr'><strong>&#39;Gt</strong></span> <span class='ocrx_word' id='word_1_277' title='bbox 252 4754 340 4814; x_wconf 78' lang='lat' dir='ltr'><strong>etiam</strong></span> <span class='ocrx_word' id='word_1_278' title='bbox 356 4771 432 4828; x_wconf 89' lang='lat' dir='ltr'><strong>eap.</strong></span> <span class='ocrx_word' id='word_1_279' title='bbox 450 4755 536 4815; x_wconf 79' lang='lat' dir='ltr'>CLII.</span> <span class='ocrx_word' id='word_1_280' title='bbox 553 4755 712 4816; x_wconf 84' lang='lat' dir='ltr'><strong>Statuti.</strong></span> 
     </span>
    </p>

    <p class='ocr_par' dir='ltr' id='par_1_18' title="bbox 162 4840 703 4918">
     <span class='ocr_line' id='line_1_37' title="bbox 162 4840 703 4918; baseline -0.002 -14"><span class='ocrx_word' id='word_1_281' title='bbox 162 4840 233 4905; x_wconf 80' lang='lat' dir='ltr'><strong>³ci.</strong></span> <span class='ocrx_word' id='word_1_282' title='bbox 250 4841 371 4904; x_wconf 75' lang='lat' dir='ltr'><strong>interius</strong></span> <span class='ocrx_word' id='word_1_283' title='bbox 386 4859 462 4918; x_wconf 84' lang='lat' dir='ltr'><strong>cap.</strong></span> <span class='ocrx_word' id='word_1_284' title='bbox 480 4841 535 4905; x_wconf 78' lang='lat' dir='ltr'><strong>GV.</strong></span> <span class='ocrx_word' id='word_1_285' title='bbox 551 4841 703 4904; x_wconf 78' lang='lat' dir='ltr'><strong>Reform.</strong></span> 
     </span>
    </p>
   </div>
   <div class='ocr_carea' id='block_1_17' title="bbox 0 0 1710 5402">
    <p class='ocr_par' dir='ltr' id='par_1_19' title="bbox 0 0 1710 5402">
     <span class='ocr_line' id='line_1_38' title="bbox 0 0 1710 5402; baseline 0 0"><span class='ocrx_word' id='word_1_286' title='bbox 0 0 1710 5402; x_wconf 95' lang='lat' dir='ltr'><strong> </strong></span> 
     </span>
    </p>
   </div>
  </div>
 </body>
</html>
