3398 5354
374 455 434 516 156

366 680 434 721 on.
465 680 552 721 xnvl.
582 683 624 722 Il!
647 682 882 724 INUADRN‘PIBUS
905 683 944 724 m
966 681 1201 724 oocunumrus
1223 679 1361 724 nemim
1383 675 1618 722 Possmom.

408 795 489 861 Item
512 802 668 862 statutum
692 805 724 864 et
746 800 926 864 ordinatum
948 805 1005 876 est,
1029 797 1114 877 quod
1138 797 1165 861 si
1188 797 1259 878 quis
1282 794 1450 870 inuaserit,
1480 811 1541 858 seu
1566 808 1618 856 oc-

365 901 531 980 cupauerit
554 904 743 968 auctoritate
767 922 825 968 sua
847 903 986 984 propria,
1010 905 1078 966 sine
1101 901 1230 967 licentia
1252 905 1286 965 et
1309 901 1507 965 auctoritate
1528 895 1618 975 curie

365 1005 541 1068 communis
565 1003 687 1087 Spalati
711 1007 849 1088 aliquam
873 1008 1107 1089 possessionem
1130 1007 1177 1071 rei
1207 1003 1332 1070 stabilis
1362 1001 1510 1085 alicuius,
1544 1017 1619 1082 pre-
1690 1045 1692 1088 2

1689 851 1692 884 l

1690 895 1692 948 l

1690 979 1692 1042 1

371 1111 458 1173 textu
478 1107 611 1176 alicuius
630 1111 716 1189 iuris,
733 1111 818 1192 quod
834 1111 1058 1176 contenderet¹
1074 1129 1109 1176 se
1124 1109 1245 1174 habere
1260 1109 1293 1173 in
1307 1108 1382 1189 ipsa
1396 1104 1616 1188 possessione,
1690 1137 1692 1192 4

368 1211 519 1292 puniatur
540 1212 573 1278 in
594 1233 670 1278 xxv
691 1214 780 1280 libris
804 1221 837 1280 et
859 1217 984 1280 amittat
1007 1231 1099 1279 omne
1121 1214 1181 1290 ius,
1218 1213 1303 1293 quod
1326 1212 1465 1277 haberet
1487 1210 1522 1274 in
1545 1209 1619 1289 ipss
1690 1197 1692 1236 ³

368 1315 596 1394 possessione².
633 1317 676 1382 Et
699 1319 840 1402 quilibet,
864 1319 918 1402 qui
941 1337 1010 1384 cum
1031 1335 1068 1383 eo
1083 1318 1187 1400 inerit,
1210 1318 1361 1398 puniatur
1384 1316 1417 1380 in
1439 1332 1490 1378 xx
1512 1311 1616 1388 utris,

363 1415 425 1482 nisi
440 1418 577 1501 aliquam
592 1421 708 1488 iustam
723 1441 850 1490 causam
865 1423 1060 1504 probabilem
1074 1422 1231 1504 babuerit,
1246 1425 1380 1504 propter
1399 1435 1498 1501 quam
1515 1435 1536 1482 a
1557 1415 1615 1481 tali

366 1537 450 1602 pena
480 1523 598 1590 debeat
627 1528 781 1591 excusari.
816 1527 860 1592 Et
891 1545 1017 1607 semper
1046 1526 1244 1606 intelligatur
1273 1523 1439 1606 possidere
1462 1521 1529 1604 ille,
1561 1519 1616 1601 qui

368 1625 469 1705 primo
492 1627 679 1706 possidebat
702 1631 818 1696 dictam
841 1649 907 1695 rem
931 1630 1077 1695 stabilem
1101 1635 1176 1694 ante
1199 1628 1316 1693 dictum
1340 1627 1540 1692 inuasionem
1561 1621 1614 1688 uel

367 1730 606 1810 occupationem
631 1738 664 1797 et
685 1738 831 1814 tempore
854 1733 937 1812 dicte
966 1732 1180 1816 occupationis
1203 1739 1236 1798 et
1258 1731 1432 1796 inuasionis
1455 1727 1614 1809 possessi-

367 1832 437 1896 onis
460 1834 613 1915 prqdictq,
645 1837 704 1902 nisi
735 1839 809 1903 talis
838 1839 1003 1915 inuadens
1032 1837 1084 1902 uel
1114 1855 1271 1918 occupans
1302 1835 1452 1901 habuerit
1474 1832 1612 1910 titulum,
1691 1867 1692 1870 ¹

370 1936 424 2002 uel
446 1955 574 2003 causam
596 1957 616 2004 a
637 1941 829 2021 possidente,
855 1960 926 2006 nem
949 1947 1026 2006 tunc
1047 1942 1080 2006 in
1102 1941 1189 2005 nullo
1212 1941 1340 2022 penitus
1362 1938 1526 2020 puniatur.

414 2037 447 2104 Si
472 2059 548 2106 uero
570 2043 692 2108 uicinus
715 2045 851 2125 aliquam
875 2045 1016 2126 partem³
1037 2051 1123 2124 terre
1144 2045 1213 2109 siue
1228 2043 1435 2125 particulam⁴
1450 2039 1545 2106 tricini
1562 2039 1610 2104 sui

369 2161 466 2224 super
482 2145 727 2226 apprehenderit
749 2148 802 2212 nel
819 2149 1022 2228 occupauerit
1036 2147 1181 2230 napando
1200 2147 1250 2213 nel
1265 2146 1420 2224 cauendo,
1443 2145 1499 2210 uel
1521 2143 1613 2210 nmili

369 2246 463 2312 modo
481 2246 521 2312 de
541 2266 580 2313 ea
595 2250 870 2332 apprehendendo,
894 2252 998 2317 soluat
1014 2252 1170 2317 communi
1186 2251 1293 2316 soldos
1309 2254 1437 2316 centum
1453 2255 1489 2314 et
1505 2265 1610 2314 ernen-

368 2349 424 2415 det
447 2351 613 2416 damnum⁶
635 2353 739 2420 uicino
762 2359 795 2420 et
817 2354 900 2420 inira
931 2361 1002 2421 octo
1034 2355 1102 2421 dies
1134 2361 1304 2436 postquam
1334 2353 1397 2419 sibi
1426 2357 1610 2435 preceptum

368 2450 465 2518 luerit
495 2473 554 2536 per
583 2461 749 2536 rectorem,
778 2459 910 2524 reducat
938 2477 1005 2524 rem
1036 2459 1068 2524 in
1102 2459 1270 2540 pristinum
1300 2463 1421 2524 statum
1445 2458 1507 2522 sub
1528 2473 1609 2537 pqna

369 2557 525 2637 predicta.

455 2738 522 2780 ΟΔΡ.
545 2739 644 2782 xnvn.
668 2743 711 2783 DE
733 2743 989 2786 umumssosnsus
1012 2743 1129 2784 omre
1151 2743 1193 2784 Dll
1215 2743 1279 2785 NON
1307 2741 1524 2784 orummo.

412 2854 495 2920 Item
518 2861 672 2924 statutum
696 2865 729 2924 et
751 2861 930 2925 ordinatum
953 2867 1014 2942 est,
1039 2860 1124 2942 quod
1148 2860 1176 2924 si
1199 2859 1314 2941 aliquis
1336 2857 1456 2924 habeat
1475 2856 1608 2937 aliquem

372 2963 566 3040 suspectum,
589 2979 629 3026 ne
652 2961 712 3044 ipsi
736 2961 877 3028 offendat
899 2969 933 3028 et
954 2963 1089 3044 suspitio
1113 2963 1155 3028 sit
1178 2963 1219 3026 de
1234 2962 1297 3025 leui
1314 2961 1430 3026 iniuria
1445 2960 1609 3024 commissu

371 3059 455 3127 inter
476 3079 541 3138 eos,
566 3064 651 3142 quod
673 3065 751 3146 ipse,
776 3067 829 3147 qui
852 3066 950 3131 habet
972 3085 1045 3131 eum
1068 3073 1261 3146 suspectum,
1296 3063 1323 3130 si
1346 3069 1441 3144 petat
1461 3062 1608 3142 accipiat·

372 3161 576 3230 fideiussores
607 3167 731 3232 deuon
762 3168 953 3235 offendendo
984 3170 1024 3234 de
1055 3188 1129 3234 xxv
1160 3167 1267 3242 libris;
1298 3167 1325 3234 si
1348 3171 1457 3232 entem
1479 3164 1608 3246 suspitio

371 3265 413 3330 sit
431 3267 471 3332 de
487 3267 594 3348 aliqua
608 3270 823 3348 percussione,
839 3271 925 3336 facta
941 3274 1024 3338 inter
1039 3290 1103 3349 eos,
1125 3277 1272 3338 teneatur
1298 3269 1360 3334 sibi
1385 3268 1463 3334 dare
1483 3265 1608 3332 fideius-

371 3383 461 3434 sores
484 3368 524 3434 de
547 3387 610 3434 uon
634 3369 823 3438 offendendo
846 3373 887 3439 de
911 3375 1055 3442 ducentis
1078 3373 1177 3441 libris.
1213 3374 1246 3440 Si
1277 3379 1384 3439 autem
1415 3371 1546 3454 suspitio
1568 3369 1608 3435 sit

371 3469 411 3535 de
433 3470 600 3538 homicidio
624 3473 784 3541 intereos
807 3477 975 3543 commisso
998 3484 1135 3560 utputa
1158 3477 1198 3543 de
1222 3481 1324 3560 patre,
1347 3475 1413 3541 filio
1438 3481 1494 3540 aut
1513 3473 1608 3538 fratre

372 3573 501 3657 carnali,
526 3580 582 3640 aut
604 3583 720 3658 nepote
743 3581 871 3662 carnali,
895 3581 947 3645 uel
970 3579 1070 3648 fratre
1093 3567 1295 3662 consobrino,
1319 3579 1371 3645 uel
1396 3583 1518 3661 patruo,
1541 3575 1607 3642 uel⁷

371 3678 527 3743 auunculo
550 3681 678 3758 carnali,
708 3685 856 3748 teneatur
879 3683 956 3750 dare
980 3683 1183 3750 fideiussores
1208 3685 1333 3750 deuon
1357 3679 1545 3748 offendendo
1566 3677 1605 3743 de

371 3779 458 3845 mille
481 3779 580 3864 libris,
604 3783 774 3850 dummodo
797 3786 882 3851 dicta
904 3787 1038 3868 suspitio
1061 3786 1246 3854 offensionis
1278 3786 1444 3869 probetur.
1478 3784 1511 3850 Si
1532 3801 1605 3850 uero

371 3898 410 3946 ex
432 3882 495 3947 alia
517 3902 614 3951 causa
637 3887 680 3951 sit
701 3889 836 3968 suspitio
860 3892 943 3955 inter
966 3910 1033 3970 eos,
1062 3895 1214 3956 teneatur
1244 3891 1323 3956 dare
1346 3888 1548 3956 fideiussores
1569 3887 1606 3953 de

372 3983 427 4048 illa
449 3987 636 4069 quantitate,
668 4009 730 4071 quq
761 3994 912 4073 potestati
943 4013 1001 4059 seu
1031 3995 1148 4061 rectori
1181 3995 1265 4074 dicte
1290 3993 1430 4060 ciuitatis
1453 3993 1605 4059 uidebitur

372 4103 552 4156 eonuenrre.
1153 4167 1157 4177 ¹

413 4189 457 4254 Et
486 4197 629 4272 potestas
660 4199 693 4260 et
722 4201 826 4262 rector
856 4205 890 4262 et
921 4197 1071 4266 offitiales
1094 4201 1270 4266 communis
1293 4199 1416 4283 Spalati
1445 4203 1606 4267 teneantur

373 4289 496 4358 uinculo
520 4298 712 4364 sacramenti
734 4299 836 4378 quod⁸
858 4319 916 4381 per
935 4304 1161 4370 omnebonum
1178 4303 1324 4382 offitium,
1349 4304 1436 4386 quod
1452 4299 1605 4369 commode

369 4396 574 4410 -ῄ-ῂ-

420 4429 431 4464 ¹
453 4434 510 4510 Ap.
534 4437 559 4496 L
565 4437 664 4513 jub:
689 4437 940 4521 „pretenderet“.'
984 4439 997 4477 ⁹
1018 4446 1111 4503 Deest
1125 4445 1154 4504 in
1170 4446 1250 4505 cod.
1275 4447 1382 4506 acad.
1406 4447 1441 4505 B.
1504 4443 1604 4504 ³cod.

373 4519 479 4578 acad.
502 4522 527 4579 Β
550 4527 580 4582 et
601 4542 649 4599 ap.
673 4525 800 4599 Ljub.:
831 4525 1058 4608 „particulam“.
1151 4530 1163 4565 ⁴
1190 4533 1272 4608 „siue
1294 4527 1393 4608 part.“
1418 4533 1501 4592 deest
1522 4529 1604 4590 ibid

378 4599 499 4663 ⁶Ood.
524 4610 630 4668 acad.
653 4609 694 4669 B:
723 4611 929 4687 „dampnum“.
1044 4615 1056 4650 ⁶
1078 4617 1170 4677 Deest
1191 4619 1222 4677 in
1243 4619 1325 4678 cod.
1349 4619 1457 4678 acad
1480 4617 1555 4678 Aet
1573 4615 1603 4673 B.

379 4683 391 4718 ⁷
413 4687 505 4748 Deest
527 4711 575 4768 ap.
598 4693 706 4769 Ljub.
781 4693 900 4760 8Οοά.
924 4702 1029 4760 acad.
1052 4703 1077 4761 B
1100 4708 1130 4763 et
1151 4721 1200 4780 ep.
1224 4703 1354 4780 Ljub.:
1379 4707 1460 4787 ¹,et“.
