3422 5364
327 486 389 547 290

329 688 456 770 gregori
480 688 512 751 in
536 687 668 768 palatio,
700 693 870 768 antequam
902 705 1057 769 campana
1086 690 1174 754 esset
1197 706 1337 771 congrue
1368 688 1493 770 pulsata
1513 687 1572 754 sub

329 809 413 874 pena
436 791 598 858 soldorum
629 791 744 875 uiginti
766 809 824 872 pro
848 791 1003 873 quolibet.
1039 791 1082 858 Et
1104 809 1212 858 comes
1235 810 1293 857 seu
1315 798 1422 858 rector
1451 793 1574 858 uinmlo

328 897 521 962 sacramenti
545 897 653 980 exigat
676 913 792 978 penum
814 897 928 978 ipsam.

589 1111 656 1154 GAP.
679 1108 812 1151 Lxxm.
835 1111 877 1152 DE
899 1110 1006 1153 sunum
1029 1111 1093 1153 NON
1115 1111 1303 1154 ammaum.

373 1228 468 1293 Dicto
492 1227 543 1293 die
567 1231 695 1309 captum
717 1225 787 1310 fuit,
819 1228 904 1308 quod
927 1227 1014 1293 nulla
1037 1247 1182 1310 persona,
1207 1227 1298 1310 ciuis,
1321 1227 1495 1308 habitator,
1517 1227 1571 1292 uel

330 1331 478 1411 forensis,
502 1331 717 1413 cuiuscunque
740 1332 929 1400 conditionis
948 1332 1073 1407 existat,
1096 1334 1206 1414 possit,
1232 1332 1359 1415 audeat,
1383 1349 1486 1413 neque
1501 1349 1573 1413 prq-

332 1443 439 1502 sumat
453 1437 484 1500 in
501 1437 632 1502 ciuitate
648 1436 700 1502 nel
717 1437 748 1502 in
766 1437 912 1503 districtu
929 1435 1054 1519 Spalati
1077 1437 1216 1519 aliquem
1233 1455 1361 1502 seruum
1378 1436 1433 1502 uel
1447 1455 1573 1502 seruum

329 1559 388 1622 per
411 1559 508 1616 utare,
541 1540 593 1605 uel
622 1547 822 1621 perferrem
854 1560 961 1607 emere
991 1543 1044 1606 uel
1067 1542 1218 1620 uendere,
1249 1541 1399 1621 alienare,
1431 1547 1571 1623 portare,

331 1645 509 1710 conducere
532 1663 590 1710 seu
612 1645 739 1712 mittere
773 1651 865 1712 cxma
893 1646 1054 1712 ciuitatem
1078 1645 1202 1728 Spalati
1225 1646 1284 1710 sub
1306 1663 1392 1728 pqna
1421 1645 1572 1710 librarum
1696 1651 1697 1688 ³

329 1755 455 1816 centnm
477 1767 659 1831 paruorurn,
684 1751 773 1816 cuius
797 1767 879 1832 pqnq
903 1751 1060 1816 medietas
1085 1751 1126 1814 sit
1149 1747 1323 1815 communis
1347 1748 1462 1814 atalia
1484 1767 1573 1814 accu-
1695 1749 1697 1824 ἶ

331 1852 447 1918 satoris
470 1859 503 1919 et
526 1853 662 1934 quilibet
692 1854 795 1935 possit
825 1872 977 1920 accusare
1000 1860 1033 1920 et
1055 1871 1168 1919 seruus
1202 1855 1275 1919 talis
1305 1853 1390 1918 illico
1420 1851 1503 1918 liber
1523 1853 1571 1917 sit
1696 1845 1697 1850 ’

329 1958 373 2022 Et
396 1957 449 2038 qui
471 1959 651 2039 portauerit
674 1958 724 2024 uel
747 1958 929 2044 extraxerit,
958 1958 1074 2040 perdat
1096 1957 1255 2036 barcham,
1281 1976 1379 2040 super
1401 1975 1466 2038 qua
1488 1964 1574 2021 esset

329 2079 444 2126 seruus
467 2061 551 2126 tulis.
575 2061 619 2126 Et
642 2061 727 2142 quod
750 2061 856 2127 nullus
872 2081 911 2127 ex
926 2063 1060 2143 notarijs
1083 2063 1258 2127 communis
1281 2061 1401 2127 audeat
1423 2061 1483 2126 sub
1506 2059 1573 2125 uin-

328 2165 399 2232 culo
431 2165 620 2232 sacramenti
650 2164 757 2232 facere
791 2168 1035 2231 instrumentum
1069 2165 1212 2246 emptori.
1245 2164 1298 2231 uel
1327 2165 1489 2230 uenditori
1519 2183 1575 2230 seu
1696 2163 1697 2228 ᾗ

329 2269 512 2360 alienationi
536 2269 669 2335 alicuius
693 2270 779 2336 serui
802 2270 854 2336 uel
877 2287 982 2349 serue.
1006 2269 1050 2334 Et
1065 2269 1106 2334 ad
1130 2269 1263 2334 eandem
1286 2285 1402 2349 penam
1425 2275 1575 2335 teneatur

329 2375 534 2440 examinator.
559 2371 668 2454 Saluo,
692 2374 778 2454 quod
801 2371 899 2440 liccat
921 2373 1050 2440 cuilibet
1066 2373 1127 2438 ciui
1144 2372 1268 2456 Spalati
1291 2391 1399 2439 emere
1414 2393 1434 2439 a
1447 2372 1574 2441 forense

328 2484 393 2558 tam
416 2496 555 2558 seruum,
586 2478 639 2544 uel
663 2497 790 2544 seruam
812 2497 871 2561 pro
895 2497 953 2544 suo
976 2497 1045 2557 usu,
1068 2496 1133 2543 non
1163 2477 1326 2560 possendo
1358 2479 1500 2544 uendere
1524 2477 1575 2544 nol

330 2582 472 2649 alienare
506 2583 600 2649 alicui
632 2583 694 2648 ciui
724 2583 778 2650 uel
806 2581 934 2661 forensi,
970 2602 1028 2649 nec
1062 2583 1190 2650 mittere
1224 2588 1316 2648 extra
1346 2581 1511 2649 ciuitatem
1544 2587 1576 2648 et
1695 2633 1697 2640 .

328 2686 507 2754 districtum
531 2685 664 2770 Spalati.

587 2899 654 2944 OAP.
678 2901 728 2948 XO.
750 2902 793 2945 DE
813 2903 925 2946 Ponam
947 2901 1100 2946 Postumus
1123 2901 1166 2944 An
1188 2901 1307 2944 Anum.

373 3015 541 3084 Millesimo
557 3017 726 3100 ccclxxviij.
743 3019 795 3086 die
809 3019 915 3101 xxviij.
932 3020 1057 3102 augusti
1073 3019 1106 3084 in
1121 3017 1401 3084 reformationibus
1419 3016 1576 3084 Jobannis

328 3121 369 3186 de
394 3121 519 3186 Casulis
550 3129 676 3204 captum
708 3127 769 3198 est,
799 3124 885 3204 quod
916 3123 1077 3206 eligantur
1107 3124 1170 3189 duo
1199 3123 1323 3188 nobiles
1355 3123 1396 3188 de
1426 3139 1511 3188 anno
1543 3121 1576 3186 in

329 3243 456 3305 annum,
489 3226 543 3307 qui
566 3225 706 3292 babeant
736 3226 918 3294 libertatem
947 3227 1147 3309 prqcipiendi
1178 3227 1323 3308 patribus
1346 3243 1519 3307 puerorum
1542 3233 1577 3291 et

326 3346 437 3396 eorum
452 3329 673 3412 attinentibus
690 3337 727 3395 ut
742 3348 798 3396 eos
817 3336 939 3412 ponant
953 3348 1025 3395 cum
1039 3329 1201 3412 magistris
1219 3329 1335 3395 artium
1352 3335 1384 3396 et
1401 3329 1577 3412 magistris,

325 3437 360 3496 ut
384 3431 541 3514 recipiant
564 3433 613 3499 et1
635 3433 832 3515 imponatur⁹
851 3435 954 3518 pena⁸
978 3434 1131 3500 librarum
1161 3453 1221 3498 xxv
1243 3452 1301 3516 pro
1332 3434 1488 3519 quolibet,
1521 3433 1578 3516 qui

325 3553 456 3602 seruare
481 3539 708 3620 contempserit
730 3556 837 3604 eorum
854 3539 1015 3604 mandata.
1038 3539 1083 3604 Et
1101 3539 1162 3620 ipsi
1178 3538 1299 3605 nobiles
1323 3539 1426 3604 dictos
1449 3543 1578 3602 coutra-

325 3636 481 3705 facieutes
512 3659 664 3708 accusare
686 3649 720 3708 et
743 3642 931 3708 denuntiare
963 3649 1134 3710 teneantur
1155 3649 1189 3709 et
1211 3643 1349 3709 addatur
1379 3643 1412 3706 in
1436 3647 1576 3708 statuto.

607 3855 674 3896 CAP-
698 3855 760 3898 101.
784 3855 826 3896 DE
849 3855 944 3899 Annua
967 3856 1032 3900 NON
1053 3855 1285 3901 uxunffluunm.

370 3967 540 4036 Millesinro
572 3971 718 4036 ccclxxix.
750 3971 802 4038 die
833 3973 879 4037 ix·
901 3973 1050 4052 octobris,
1082 3975 1114 4038 in
1145 3972 1422 4041 reformationibus
1454 3973 1579 4042 domini

326 4071 482 4139 Johanrris
505 4079 633 4155 captum
656 4074 726 4154 fuit,
758 4077 842 4157 quod
865 4077 953 4142 nulla
977 4095 1113 4158 persona
1143 4078 1359 4160 cuiuscunque
1381 4079 1578 4145 conditionis

326 4177 455 4255 existat,
480 4177 560 4245 ciuis
577 4181 630 4244 uel
646 4179 808 4246 habitator
831 4180 965 4262 Spalati,
990 4181 1109 4247 audeat
1125 4182 1265 4248 uendere
1288 4181 1471 4250 forensibus
1486 4201 1580 4248 arma

326 4278 528 4360 offensibilis,
558 4283 610 4348 uel
642 4283 852 4368 defensibilia,
883 4291 994 4367 prqter
1023 4285 1192 4352 cultelum⁴
1214 4286 1273 4352 sub
1304 4303 1389 4368 pena
1418 4286 1579 4352 librarum

325 4385 558 4467 quinquaginta
581 4386 670 4451 etin
693 4387 894 4455 ammissione
918 4407 1089 4456 armorum.

374 4576 494 4640 1Cod.
519 4580 626 4640 acad.
649 4579 693 4640 A:
719 4575 831 4658 „tum“.
909 4577 1029 4642 2Οοᾱ.
1054 4583 1161 4645 acad.
1185 4583 1210 4642 B
1233 4587 1263 4642 et
1284 4581 1437 4644 ahiud:
1464 4582 1578 4664 ,impo-

326 4667 429 4724 nanu.
502 4663 972 4731 ⁵Deestincod.acad.A.
1044 4667 1579 4731 ⁴00u.acausseteuiud.:

328 4751 525 4832 ,cautelam“.
