3422 5364
340 455 403 520 262

465 684 532 730 ΟΔΡ.
557 683 601 727 VI.
623 683 666 726 DE
687 681 882 728 mmmm
905 682 1072 730 resume
1094 685 1191 728 mnan
1212 684 1276 729 1)ῦο
1299 685 1450 730 flammu-

381 799 550 879 Millesimo
573 799 796 868 trecentesimo
813 800 1073 884 quinquagesimo
1096 803 1208 885 primo,
1233 803 1284 869 die
1300 801 1470 886 penultimo
1487 806 1572 870 ianu-

339 905 408 988 arij‚
440 911 583 989 tempore
614 904 731 972 domini
753 905 881 989 Mephei
913 905 1066 973 Hsmmo¹
1096 912 1222 990 captum
1251 907 1321 989 fuit
1352 909 1436 990 quod
1464 909 1572 992 aliquis

339 1010 417 1078 ciuis
440 1015 472 1078 et
498 1010 661 1077 habitator
684 1009 805 1094 Spalati
827 1011 879 1076 uel
901 1010 1039 1078 lorensis
1055 1011 1135 1078 non2
1153 1011 1270 1080 audeat
1285 1030 1415 1096 pascere
1430 1014 1573 1080 animalia
1679 1053 1680 1058 κ

343 1135 403 1182 sua
432 1135 453 1182 a
486 1113 614 1182 flumine
635 1115 715 1182 Badi
745 1133 848 1198 usque
879 1115 920 1182 ad
941 1113 1066 1202 {flumen
1087 1113 1205 1198 Solone
1237 1117 1405 1200 subpena
1425 1119 1574 1202 perdendi
1679 1185 1680 1188 ,

340 1221 487 1288 emmelis
510 1226 545 1288 et
567 1220 716 1288 credatur
738 1226 772 1288 ot
793 1221 926 1304 quilibet
947 1222 1047 1304 possit
1069 1237 1219 1290 accusare
1249 1228 1283 1290 et
1312 1223 1430 1291 habeat
1459 1223 1572 1291 medie

339 1331 438 1395 tatem
459 1343 554 1410 pene.

648 1522 715 1567 one.
736 1522 792 1565 v11.
815 1522 857 1566 on
878 1523 986 1567 nonore
1008 1523 1072 1568 nom
1094 1501 1274 1569 umanum&

384 1639 520 1723 Captum
542 1642 600 1719 est
624 1638 710 1722 quod
732 1638 845 1722 abquis
867 1658 931 1707 non
952 1644 1061 1708 teneat
1083 1657 1195 1723 porcos
1219 1647 1252 1709 et
1267 1659 1380 1725 porcas
1396 1641 1430 1707 in
1446 1643 1573 1710 multato

341 1745 464 1829 Spalati
486 1749 519 1812 et
541 1745 568 1810 si
598 1750 707 1811 tenere
735 1743 883 1825 uoluerit,
915 1750 1024 1812 teneat
1045 1745 1077 1810 in
1100 1747 1193 1813 domo
1225 1747 1284 1812 sub
1307 1765 1393 1829 pena
1415 1748 1573 1814 soldorum

344 1851 400 1917 xp.
424 1867 482 1932 pro
513 1848 655 1932 quolibet
677 1867 773 1931 porco
796 1855 829 1915 et
851 1848 992 1931 qualibet
1014 1851 1093 1933 uice,
1123 1849 1150 1916 si
1172 1851 1304 1917 inuenta
1325 1850 1445 1918 fuerint
1465 1853 1507 1920 de
1527 1853 1575 1920 die

342 1960 376 2024 et
399 1955 425 2022 si
448 1953 489 2026 de
512 1958 614 2036 noete,
637 1954 815 2036 duplicetur
837 1971 930 2036 pena.
961 1954 1005 2022 Et
1035 1955 1148 2022 talem*
1178 1954 1323 2023 officialis
1352 1973 1504 2025 acursare
1531 1963 1574 2024 te-

343 2065 467 2128 neatur.

698 2253 765 2298 OAP.
788 2255 856 2298 vm.
880 2255 922 2298 DE
945 2253 1098 2300 ousnonu
1120 2255 1226 2301 darm.

386 2371 552 2439 Millesimo
575 2369 800 2438 trecentesimo
823 2373 1058 2456 septuagesimo
1089 2374 1209 2459 quinto,
1245 2373 1297 2440 dio
1321 2374 1443 2442 decimo
1466 2380 1575 2444 oetam

343 2477 454 2560 aprilis
479 2481 608 2561 captum
627 2475 688 2542 fuit
710 2481 742 2542 et
764 2475 928 2558 prouisum
950 2495 1008 2559 pro
1030 2479 1165 2547 maxinno
1186 2479 1312 2560 damno,
1336 2479 1421 2562 quod
1437 2480 1575 2546 daturin

340 2599 450 2666 campo
481 2599 501 2648 a
532 2579 656 2664 bestijs‚
689 2579 774 2663 quod
804 2581 952 2648 custodes
975 2581 1143 2666 eligantur,
1179 2582 1233 2664 qui
1265 2600 1324 2666 pro
1355 2584 1502 2652 mercede
1523 2603 1576 2650 sna

342 2687 481 2753 habeant
503 2685 544 2752 de
566 2685 710 2767 quolibet
731 2685 824 2768 boue,
849 2686 902 2768 qui
924 2689 1006 2767 arat,
1027 2685 1164 2752 mediam
1187 2692 1333 2768 quartam
1355 2688 1445 2756 ordei
1467 2695 1502 2758 et
1515 2709 1576 2756 mo

345 2791 496 2858 dietatem
520 2790 658 2858 omnium
682 2791 984 2858 condemnationum.

391 2896 453 2962 Die
475 2895 587 2963 ultimo
610 2895 795 2978 subscriptis
811 2893 843 2960 in
862 2895 953 2962 dictis
968 2893 1245 2963 reformationibus
1260 2903 1390 2980 coptum
1404 2897 1473 2979 fuit,
1497 2898 1577 2980 quod

344 2999 487 3083 regimen
510 3000 650 3066 ciuitatis
673 2998 806 3082 Spoleti,
817 2999 935 3066 habeat
950 2999 1080 3082 plenum
1095 3001 1261 3067 arbitrium
1277 3003 1416 3084 eligendi
1431 3003 1577 3070 custodes

344 3105 446 3187 campi
468 3109 502 3172 et
523 3104 723 3190 procudendi,
748 3105 833 3187 quod
856 3104 1005 3172 damnum
1026 3123 1090 3171 non
1113 3105 1216 3188 detur,
1238 3112 1336 3190 prout
1357 3109 1405 3174 eis
1421 3108 1577 3176 uidebitur

344 3227 405 3292 pro
430 3210 512 3276 bono
535 3214 621 3278 statu
644 3209 782 3278 ciuitatis
805 3207 954 3292 sperant

583 3476 651 3521 (iss-
673 3475 723 3520 11:
741 3477 784 3520 DE
806 3475 888 3520 FERA
909 3475 1152 3522 mmmmm!
1174 3479 1209 3521 nt
1230 3477 1344 3522 (imo.

391 3591 560 3659 Millesimo
590 3593 810 3661 metentesimo
840 3593 1090 3676 septuagessimo
1117 3599 1217 3674 sento,
1244 3593 1296 3660 die
1325 3594 1400 3678 xiiij.
1430 3597 1462 3661 in
1492 3595 1578 3662 dictis

343 3695 622 3764 reformationibus
645 3702 772 3780 captum
792 3696 861 3774 lut,
895 3697 981 3778 quod
1011 3697 1145 3780 quilibet
1167 3697 1337 3780 pasculans
1368 3716 1443 3765 curn
1473 3699 1577 3782 bestijs

343 3799 473 3868 minutis
496 3807 529 3868 et
552 3802 700 3868 damnum
734 3803 813 3868 dans
842 3802 875 3867 iu
904 3819 1013 3884 campo
1037 3801 1168 3885 Spoleti,
1199 3801 1316 3885 perdat
1344 3803 1491 3882 bestiam,
1520 3821 1577 3886 que

345 3905 453 3972 ueniat
475 3906 507 3971 in
530 3925 696 3974 commune
720 3906 843 3990 Spalati
865 3914 898 3974 et
919 3907 1119 3974 nihilominus
1150 3907 1256 3975 soluat
1278 3909 1437 3974 communi
1459 3907 1577 3992 Spoleti

347 4009 455 4076 soldos
470 4010 609 4093 quinque
624 4030 795 4094 pardorum
809 4031 867 4096 pro
882 4013 1025 4094 qualibet
1039 4013 1150 4079 bestia.
1170 4015 1214 4079 Et
1230 4013 1435 4079 inueniuntur
1448 4019 1578 4095 quatuor

346 4114 498 4182 custodes
520 4115 563 4182 ad
584 4117 729 4200 predicta
751 4135 822 4184 cum
844 4119 1036 4200 competenti
1059 4119 1175 4186 salario
1199 4119 1246 4186 eis
1267 4119 1457 4186 tribuendo⁶
1477 4125 1511 4186 et
1528 4119 1577 4186 he·

392 4307 483 4387 ¹Ap.
507 4311 635 4388 Ljub.:
660 4313 785 4395 „Emo“.
848 4309 976 4372 ²Deost
998 4314 1027 4372 in
1050 4314 1130 4374 cod.
1153 4314 1261 4374 acad.
1283 4313 1356 4374 Aet
1369 4313 1404 4374 Β.
1465 4311 1576 4376 ‘cod

345 4397 451 4458 acad.
474 4397 503 4458 A
524 4400 655 4476 glossam
684 4399 775 4464 habet
797 4400 826 4459 in
849 4400 999 4476 margine:
1032 4402 1097 4476 „De
1126 4401 1182 4460 huo
1204 4401 1327 4460 materia
1356 4401 1481 4461 habetur
1510 4402 1577 4461 libro

346 4489 461 4565 quarto,
491 4487 619 4562 capitulo
642 4481 757 4563 lxviiJ“.
789 4487 877 4549 uod.
908 4489 1015 4548 acad.
1038 4489 1063 4547 B
1087 4491 1182 4563 otap.
1207 4487 1334 4564 Ljub.:
1369 4489 1433 4566 „De
1456 4507 1485 4564 p.
1509 4491 1576 4549 nt

344 4571 392 4631 dio
414 4569 522 4633 sosto“.
603 4570 616 4605 ⁴
638 4573 730 4633 Deest
752 4573 781 4634 in
803 4573 883 4635 cod.
907 4576 1013 4638 acad.
1037 4576 1062 4634 B
1085 4579 1115 4636 et
1132 4593 1180 4651 ap.
1205 4573 1314 4647 Ljub.
1391 4573 1405 4610 ⁵
1430 4573 1576 4654 „Spalatl“

346 4657 428 4715 deest
450 4658 480 4716 in
502 4658 581 4718 cod.
604 4661 709 4719 acad.
733 4661 766 4722 B.
790 4661 846 4738 Ap.
872 4662 1000 4740 Ljub.:
1026 4663 1137 4740 „ipsius
1160 4662 1319 4723 ciuitatis“.
1413 4661 1425 4696 ⁶
1451 4663 1511 4741 „eis
1533 4662 1576 4721 tri·

347 4737 481 4808 tuende
506 4744 589 4808 deest
611 4763 659 4822 ap.
683 4745 793 4824 LJ'ub.
