3376 5392
730 648 784 689 xx.
807 645 941 690 arumna
963 644 1095 690 nucffls
1117 632 1200 706 ω’,

348 744 375 796 in
399 759 450 812 qua
479 743 510 798 de
535 743 743 814 congregatione
766 743 938 815 popularium
963 748 990 798 et
1014 741 1085 812 quod
1109 757 1162 796 non
1186 741 1292 812 possint
1316 740 1406 796 tacere
1431 739 1590 807 cousilinm;

349 829 421 900 quod
439 829 606 886 differentiae
620 831 678 900 jecur
698 831 790 886 finime
808 849 862 887 uon
880 833 986 902 possint
1005 829 1141 900 iunouari;
1160 827 1232 898 quod
1244 827 1388 898 priuilegia
1401 827 1591 882 communitati

349 933 477 974 concessa
494 935 549 972 nou
567 923 640 974 stent
658 918 687 971 in
705 918 830 974 manibus
848 919 1003 989 specialium
1021 933 1206 988 personarum,
1224 915 1272 972 scd
1290 916 1319 970 in
1337 929 1423 984 capsa
1436 914 1488 970 sub
1500 915 1591 970 tribus

903 1006 1034 1062 clunibus.

393 1163 580 1231 Franciscus
603 1163 734 1232 Foscori
756 1165 817 1230 Dei
838 1168 945 1250 prolia
967 1165 1034 1232 doc
1047 1161 1259 1238 Venturum
1280 1173 1333 1229 etc.

393 1305 559 1372 Nobilibus
589 1314 622 1372 et
650 1306 845 1387 sapientibus
868 1307 942 1371 viris
966 1305 1112 1372 Michaeli
1135 1305 1270 1370 Michael
1291 1305 1332 1370 de
1355 1322 1414 1369 suo
1436 1304 1590 1369 mandato

350 1411 457 1476 comiti
481 1409 637 1477 Ourzulae
667 1415 699 1477 et
728 1411 961 1478 successoribus
990 1412 1055 1478 suis
1077 1409 1224 1477 fidelibus
1247 1409 1371 1475 dilectis
1393 1409 1532 1475 salutem
1556 1414 1590 1474 at

350 1514 525 1580 dilectionis
549 1512 708 1581 affectum.

393 1635 541 1702 Relatum
566 1641 616 1702 cst
638 1637 775 1702 dominio
798 1643 907 1702 nostro
929 1635 1171 1719 partefidelium
1190 1635 1387 1700 subditorum
1406 1639 1588 1700 nostrorum

348 1741 499 1807 nobilium
524 1738 680 1806 Onrzulae
704 1760 750 1818 aa,
774 1758 856 1821 quae
874 1761 932 1824 per
946 1740 1130 1806 relationem
1147 1741 1179 1804 iu
1196 1740 1321 1822 scriptis
1337 1739 1377 1804 ad
1392 1758 1451 1805 nos
1468 1739 1586 1815 datum,

347 1863 440 1927 quam
463 1845 554 1911 uobis
576 1846 729 1910 mittimus
751 1845 800 1911 his
823 1845 974 1910 inclusam
997 1845 1162 1923 uidebitis;
1185 1852 1219 1909 et
1239 1845 1350 1926 primo,
1375 1844 1462 1926 quod
1479 1845 1512 1908 in
1527 1843 1584 1908 illa
1682 1913 1684 1934 ἦ

348 1958 435 2016 terra
458 1959 566 2016 nostra
589 1953 799 2033 congregatur
820 1969 915 2014 uuum
937 1949 1102 2016 consilium
1117 1950 1304 2032 populorum
1319 1950 1361 2014 ad
1376 1967 1489 2014 sonum
1504 1967 1588 2013 carn-
1682 1951 1684 2028 ᾖ

350 2073 451 2137 panae
474 2060 508 2120 et
530 2072 599 2119 euru
622 2053 834 2136 publicatione
851 2055 1024 2136 praeconis.
1041 2055 1126 2137 quod
1141 2059 1274 2120 uocatur
1289 2053 1452 2119 consilium
1470 2071 1589 2119 nouum
1683 2053 1684 2066 ¹

349 2160 435 2223 ultra
465 2160 629 2224 consilium
660 2157 823 2238 nobilium,
853 2160 937 2239 quod
967 2159 1095 2224 solitum
1126 2165 1175 2225 est
1205 2159 1399 2240 congregari,
1430 2176 1588 2240 quaeres

348 2263 476 2329 uidetur
509 2263 600 2328 uobis
633 2261 889 2328 inhonestissime
922 2270 1053 2346 propter
1087 2281 1211 2329 errores
1244 2269 1278 2328 et
1310 2261 1471 2342 scaudala,
1506 2279 1589 2342 quac

349 2376 480 2450 propter
502 2367 562 2432 hoc
585 2384 750 2432 occurrere
772 2375 913 2448 possent.
937 2367 1090 2434 Volumus
1113 2386 1199 2450 ergo,
1224 2385 1261 2432 ao
1283 2367 1375 2433 uobis
1391 2367 1589 2444 mandamus,

350 2481 505 2554 quatenus
528 2471 697 2553 prouidere
720 2471 870 2557 debeatis,
901 2473 985 2553 quod
1009 2473 1126 2538 dictum
1151 2471 1314 2538 consilium
1337 2489 1455 2536 nouum
1479 2477 1590 2536 contra

350 2577 570 2643 concessiones
600 2582 725 2642 nostras
748 2581 781 2642 et
803 2577 1046 2642 consuetudines
1070 2577 1177 2642 solitas
1198 2595 1259 2642 uon
1283 2583 1504 2657 congregetur,
1528 2577 1587 2641 scd
1670 2650 1676 2659 ,

350 2683 546 2758 obseruatur,
580 2681 665 2762 quod
695 2680 823 2744 solitum
847 2687 898 2745 est
921 2681 1058 2746 seruari:
1089 2699 1162 2744 nam
1185 2681 1211 2745 si
1234 2689 1503 2762 congregarentur
1524 2679 1589 2743 duo

351 2785 493 2870 consilia,
516 2785 616 2850 multa
638 2785 788 2850 scandala
810 2791 843 2850 et
858 2785 1110 2852 inconuenientia
1125 2785 1238 2850 exoriri
1254 2791 1386 2866 possent
1401 2787 1486 2850 iuter
1500 2785 1591 2865 ipsos

352 2889 462 2957 fideles
485 2897 620 2968 nostros,
645 2890 731 2971 quod
753 2890 879 2956 omuino
903 2891 1098 2972 disponimus
1120 2891 1252 2956 emtore.

393 3012 484 3094 ltern,
509 3013 593 3094 quod
616 3013 692 3078 dicti
715 3011 885 3094 populares
908 3019 1063 3078 conantur
1083 3029 1238 3077 renouare
1253 3011 1326 3076 lites
1343 3016 1376 3076 et
1391 3009 1592 3078 differentias

353 3117 514 3200 quasdam,
548 3135 629 3198 quae
658 3115 736 3182 alias
767 3115 897 3182 fuerunt
925 3118 1008 3184 inter
1037 3117 1136 3183 dictos
1159 3115 1282 3184 nobiles
1305 3121 1338 3181 et
1359 3115 1535 3198 populares
1558 3121 1594 3180 et

350 3221 464 3303 quibus
486 3221 692 3304 imposuimus
715 3219 810 3286 finem
834 3221 974 3288 debitum
997 3227 1031 3286 et
1053 3221 1210 3287 silentium
1227 3228 1261 3286 et
1276 3219 1393 3286 ducere
1408 3220 1592 3301 praedictos

353 3327 476 3392 nobiles
498 3345 556 3408 per
578 3327 652 3392 lites
675 3345 745 3392 curu
767 3325 927 3392 laboribus
950 3333 983 3390 et
1000 3325 1155 3406 expensis,
1179 3323 1262 3406 quod
1278 3342 1341 3390 non
1355 3325 1485 3389 uidetur
1499 3325 1594 3390 nobis

350 3430 524 3496 honestum.
546 3431 698 3497 Volumus
721 3447 807 3512 ergo,
832 3436 865 3496 et
887 3430 1071 3495 mandamus
1094 3429 1194 3514 uobis
1215 3429 1300 3510 quod
1316 3427 1470 3510 praelatis
1487 3446 1591 3510 popu·

351 3534 470 3600 laribus
493 3535 657 3618 iniungere
674 3534 826 3614 debeatis
851 3533 935 3616 quod
951 3533 1037 3600 nullo
1053 3535 1146 3600 modo
1162 3535 1313 3600 iunouare
1329 3531 1470 3599 debeant
1485 3533 1591 3598 dictas

351 3637 548 3705 differentias
578 3640 640 3704 iam
669 3637 774 3705 finitas
799 3646 832 3706 et
853 3639 1039 3705 terminatas
1063 3657 1120 3721 per
1143 3657 1201 3704 nos
1223 3639 1312 3704 iuxta
1334 3637 1466 3703 formam
1491 3639 1591 3719 priui-
1683 3651 1684 3666 *

350 3743 504 3828 legionum
527 3750 716 3810 nostrorum.

1682 3687 1684 3728 l

1682 3735 1684 3766 l

1682 3767 1684 3828 i

396 3865 487 3946 Item,
511 3867 596 3948 quod
619 3867 786 3949 priuilegia
808 3871 841 3934 et
863 3867 1093 3947 concessiones,
1117 3885 1196 3950 quas
1218 3865 1350 3932 lecimus
1373 3865 1592 3933 communitati

351 3969 508 4037 Curzulae
531 3971 657 4036 suntin
680 3973 825 4038 manibus
850 3973 1048 4038 diuersarum
1064 3971 1247 4054 specialium
1264 3989 1479 4054 personarum,
1504 3989 1590 4054 quae
1683 3991 1684 3994 ’

348 4075 514 4158 priuilegia
536 4079 569 4141 et
591 4075 810 4142 concessiones
834 4077 946 4143 solitae
969 4081 1061 4143 erant
1076 4077 1256 4143 conseruari
1273 4077 1305 4142 in
1320 4075 1508 4142 cancellaria
1522 4077 1585 4144 sub
1683 4079 1684 4088 ’

347 4181 449 4246 tribus
474 4180 632 4246 clnuibus:
662 4180 852 4262 iniungimus
882 4181 978 4264 igitur
999 4181 1099 4260 uobis,
1123 4185 1159 4247 ut
1181 4181 1325 4248 omnibus
1347 4181 1409 4247 illis
1431 4181 1586 4264 personis,

351 4303 432 4366 quae
453 4285 571 4351 habent
593 4284 759 4368 priuilegia
781 4304 917 4368 pernes
940 4286 999 4368 ipsi
1024 4285 1240 4352 communitati
1263 4304 1421 4364 concessa,
1445 4303 1583 4367 poenam

350 4390 513 4472 imponere
544 4390 697 4468 debentis,
728 4391 812 4472 quod
841 4389 912 4456 illo‘
925 4396 1128 4474 praesentare
1152 4391 1291 4458 debeant
1313 4391 1405 4458 uobis
1429 4409 1486 4458 seu
1509 4407 1584 4457 cau·
1683 4451 1684 4492 ,

351 4495 498 4561 cellariae
529 4495 613 4560 illius
646 4500 775 4560 nostrae
805 4497 1046 4582 conrmuuitatiS,
1077 4513 1159 4578 quac
1182 4496 1328 4563 uolumus
1351 4495 1531 4562 conseruari
1555 4501 1587 4561 et
1683 4529 1684 4570 3

352 4599 453 4664 teneri
482 4601 541 4666 sub
571 4601 672 4666 tribus
701 4599 852 4679 cladibus,
883 4619 1015 4682 quarum
1047 4600 1181 4667 alteram
1210 4619 1267 4668 uos
1298 4607 1408 4666 tenere
1432 4599 1584 4680 debeatis,
1682 4643 1684 4684 3

351 4703 481 4770 alteram
512 4709 621 4772 teneat
644 4704 848 4771 cancellarius
870 4707 1103 4772 communitatis
1126 4711 1158 4772 et
1180 4705 1314 4773 altarem
1338 4723 1420 4771 unus
1442 4724 1482 4772 ex
1504 4705 1583 4771 iudi-
1683 4719 1684 4754 ὲ
