<?xml version="1.0" encoding="UTF-8"?>
<!DOCTYPE html PUBLIC "-//W3C//DTD XHTML 1.0 Transitional//EN"
    "http://www.w3.org/TR/xhtml1/DTD/xhtml1-transitional.dtd">
<html xmlns="http://www.w3.org/1999/xhtml" xml:lang="en" lang="en">
 <head>
  <title>
</title>
<meta http-equiv="Content-Type" content="text/html;charset=utf-8" />
  <meta name='ocr-system' content='tesseract 3.04.00' />
  <meta name='ocr-capabilities' content='ocr_page ocr_carea ocr_par ocr_line ocrx_word'/>
</head>
<body>
  <div class='ocr_page' id='page_1' title='image "./statutaetlegesc00yuggoog_0594.png"; bbox 0 0 3398 5354; ppageno 0'>
   <div class='ocr_carea' id='block_1_1' title="bbox 365 432 428 496">
    <p class='ocr_par' dir='ltr' id='par_1_1' title="bbox 365 432 428 496">
     <span class='ocr_line' id='line_1_1' title="bbox 365 432 428 496; baseline 0.032 -2"><span class='ocrx_word' id='word_1_1' title='bbox 365 432 428 496; x_wconf 82' lang='lat'>234</span> 
     </span>
    </p>
   </div>
   <div class='ocr_carea' id='block_1_2' title="bbox 361 637 1677 1666">
    <p class='ocr_par' dir='ltr' id='par_1_2' title="bbox 361 637 1677 1141">
     <span class='ocr_line' id='line_1_2' title="bbox 362 637 1677 722; baseline -0.001 -18"><span class='ocrx_word' id='word_1_2' title='bbox 362 655 434 705; x_wconf 88' lang='lat' dir='ltr'>esse</span> <span class='ocrx_word' id='word_1_3' title='bbox 457 641 616 722; x_wconf 89' lang='lat' dir='ltr'>poterunt,</span> <span class='ocrx_word' id='word_1_4' title='bbox 647 639 845 721; x_wconf 90' lang='lat' dir='ltr'>postmodum</span> <span class='ocrx_word' id='word_1_5' title='bbox 875 639 1116 722; x_wconf 81' lang='lat' dir='ltr'><strong>examinatores,</strong></span> <span class='ocrx_word' id='word_1_6' title='bbox 1148 655 1283 720; x_wconf 90' lang='lat' dir='ltr'>quorum</span> <span class='ocrx_word' id='word_1_7' title='bbox 1311 655 1391 704; x_wconf 89' lang='lat' dir='ltr'>auus</span> <span class='ocrx_word' id='word_1_8' title='bbox 1413 637 1467 704; x_wconf 89' lang='lat' dir='ltr'>uel</span> <span class='ocrx_word' id='word_1_9' title='bbox 1488 641 1580 720; x_wconf 79' lang='lat' dir='ltr'>pater,</span> <span class='ocrx_word' id='word_1_10' title='bbox 1676 669 1677 722; x_wconf 69' lang='lat' dir='ltr'>j</span> 
     </span>
     <span class='ocr_line' id='line_1_3' title="bbox 361 731 1677 825; baseline 0.002 -18"><span class='ocrx_word' id='word_1_11' title='bbox 361 741 414 810; x_wconf 92' lang='lat' dir='ltr'>uel</span> <span class='ocrx_word' id='word_1_12' title='bbox 444 741 581 825; x_wconf 81' lang='lat' dir='ltr'><strong>ipsemet</strong></span> <span class='ocrx_word' id='word_1_13' title='bbox 610 740 729 808; x_wconf 83' lang='lat' dir='ltr'>tuerint</span> <span class='ocrx_word' id='word_1_14' title='bbox 756 743 790 808; x_wconf 93' lang='lat' dir='ltr'>in</span> <span class='ocrx_word' id='word_1_15' title='bbox 818 743 903 810; x_wconf 85' lang='lat' dir='ltr'>dieto</span> <span class='ocrx_word' id='word_1_16' title='bbox 933 741 1037 810; x_wconf 85' lang='lat' dir='ltr'>officio</span> <span class='ocrx_word' id='word_1_17' title='bbox 1067 743 1241 810; x_wconf 83' lang='lat' dir='ltr'>iudicatus¹</span> <span class='ocrx_word' id='word_1_18' title='bbox 1264 742 1438 809; x_wconf 84' lang='lat' dir='ltr'>seeundum</span> <span class='ocrx_word' id='word_1_19' title='bbox 1463 741 1587 810; x_wconf 83' lang='lat' dir='ltr'>forman</span> <span class='ocrx_word' id='word_1_20' title='bbox 1676 731 1677 824; x_wconf 50' lang='grc' dir='ltr'><em>ᾗ</em></span> 
     </span>
     <span class='ocr_line' id='line_1_4' title="bbox 363 845 1586 931; baseline 0 -17"><span class='ocrx_word' id='word_1_21' title='bbox 363 851 557 914; x_wconf 88' lang='lat' dir='ltr'>statutorum</span> <span class='ocrx_word' id='word_1_22' title='bbox 586 853 619 913; x_wconf 88' lang='lat' dir='ltr'>et</span> <span class='ocrx_word' id='word_1_23' title='bbox 648 846 742 914; x_wconf 83' lang='lat' dir='ltr'>aliter</span> <span class='ocrx_word' id='word_1_24' title='bbox 774 848 860 914; x_wconf 89' lang='lat' dir='ltr'>nullo</span> <span class='ocrx_word' id='word_1_25' title='bbox 896 847 989 915; x_wconf 91' lang='lat' dir='ltr'>modo</span> <span class='ocrx_word' id='word_1_26' title='bbox 1024 848 1148 931; x_wconf 84' lang='lat' dir='ltr'><strong>possint</strong></span> <span class='ocrx_word' id='word_1_27' title='bbox 1181 845 1369 914; x_wconf 79' lang='lat' dir='ltr'>succedere¹</span> <span class='ocrx_word' id='word_1_28' title='bbox 1396 847 1465 914; x_wconf 85' lang='lat' dir='ltr'>loeo</span> <span class='ocrx_word' id='word_1_29' title='bbox 1496 845 1586 931; x_wconf 86' lang='lat' dir='ltr'>ipsius</span> 
     </span>
     <span class='ocr_line' id='line_1_5' title="bbox 363 949 1677 1036; baseline 0.001 -17"><span class='ocrx_word' id='word_1_30' title='bbox 363 950 486 1032; x_wconf 81' lang='lat' dir='ltr'>iudicis,</span> <span class='ocrx_word' id='word_1_31' title='bbox 510 951 571 1017; x_wconf 91' lang='lat' dir='ltr'>nisi</span> <span class='ocrx_word' id='word_1_32' title='bbox 591 969 650 1036; x_wconf 88' lang='lat' dir='ltr'>per</span> <span class='ocrx_word' id='word_1_33' title='bbox 665 952 794 1018; x_wconf 91' lang='lat' dir='ltr'>modum</span> <span class='ocrx_word' id='word_1_34' title='bbox 817 954 965 1036; x_wconf 89' lang='lat' dir='ltr'>superius</span> <span class='ocrx_word' id='word_1_35' title='bbox 988 953 1193 1036; x_wconf 88' lang='lat' dir='ltr'>nominatum,</span> <span class='ocrx_word' id='word_1_36' title='bbox 1216 970 1319 1035; x_wconf 85' lang='lat' dir='ltr'>usque</span> <span class='ocrx_word' id='word_1_37' title='bbox 1334 953 1376 1020; x_wconf 89' lang='lat' dir='ltr'>ad</span> <span class='ocrx_word' id='word_1_38' title='bbox 1391 949 1587 1020; x_wconf 81' lang='lat' dir='ltr'>sufficientem</span> <span class='ocrx_word' id='word_1_39' title='bbox 1676 971 1677 996; x_wconf 70' lang='lat'>³</span> 
     </span>
     <span class='ocr_line' id='line_1_6' title="bbox 361 1041 1677 1141; baseline 0.004 -20"><span class='ocrx_word' id='word_1_40' title='bbox 361 1073 529 1122; x_wconf 90' lang='lat' dir='ltr'>numerum</span> <span class='ocrx_word' id='word_1_41' title='bbox 550 1059 674 1124; x_wconf 90' lang='lat' dir='ltr'>tantum</span> <span class='ocrx_word' id='word_1_42' title='bbox 697 1057 784 1140; x_wconf 83' lang='lat' dir='ltr'>curie</span> <span class='ocrx_word' id='word_1_43' title='bbox 807 1058 999 1141; x_wconf 82' lang='lat' dir='ltr'>supradicte.</span> <span class='ocrx_word' id='word_1_44' title='bbox 1676 1041 1677 1076; x_wconf 64' lang='lat'>³</span> 
     </span>
    </p>

    <p class='ocr_par' dir='ltr' id='par_1_3' title="bbox 364 1159 1677 1666">
     <span class='ocr_line' id='line_1_7' title="bbox 404 1159 1677 1256; baseline 0.005 -31"><span class='ocrx_word' id='word_1_45' title='bbox 404 1159 474 1245; x_wconf 85' lang='lat' dir='ltr'>Ego</span> <span class='ocrx_word' id='word_1_46' title='bbox 498 1159 689 1246; x_wconf 79' lang='lat' dir='ltr'>Stephanus,</span> <span class='ocrx_word' id='word_1_47' title='bbox 713 1159 796 1229; x_wconf 87' lang='lat' dir='ltr'>filius</span> <span class='ocrx_word' id='word_1_48' title='bbox 819 1164 953 1230; x_wconf 84' lang='lat' dir='ltr'>condam</span> <span class='ocrx_word' id='word_1_49' title='bbox 974 1162 1157 1231; x_wconf 87' lang='lat' dir='ltr'>Desiderati</span> <span class='ocrx_word' id='word_1_50' title='bbox 1178 1162 1219 1229; x_wconf 89' lang='lat' dir='ltr'>do</span> <span class='ocrx_word' id='word_1_51' title='bbox 1241 1159 1429 1242; x_wconf 83' lang='lat' dir='ltr'>Franohino‚</span> <span class='ocrx_word' id='word_1_52' title='bbox 1452 1160 1583 1244; x_wconf 79' lang='lat' dir='ltr'>publicus</span> <span class='ocrx_word' id='word_1_53' title='bbox 1676 1193 1677 1256; x_wconf 61' lang='lat'><em>3</em></span> 
     </span>
     <span class='ocr_line' id='line_1_8' title="bbox 365 1263 1677 1350; baseline 0.002 -20"><span class='ocrx_word' id='word_1_54' title='bbox 365 1263 522 1348; x_wconf 89' lang='lat' dir='ltr'>imperiali</span> <span class='ocrx_word' id='word_1_55' title='bbox 544 1266 734 1334; x_wconf 80' lang='lat' dir='ltr'>auctoritate</span> <span class='ocrx_word' id='word_1_56' title='bbox 757 1268 900 1334; x_wconf 75' lang='lat' dir='ltr'>somnus</span> <span class='ocrx_word' id='word_1_57' title='bbox 916 1285 1000 1334; x_wconf 89' lang='lat' dir='ltr'>nuno</span> <span class='ocrx_word' id='word_1_58' title='bbox 1021 1268 1157 1350; x_wconf 76' lang='lat' dir='ltr'>predicti</span> <span class='ocrx_word' id='word_1_59' title='bbox 1179 1266 1297 1334; x_wconf 91' lang='lat' dir='ltr'>domini</span> <span class='ocrx_word' id='word_1_60' title='bbox 1319 1265 1444 1332; x_wconf 80' lang='lat' dir='ltr'>comitis</span> <span class='ocrx_word' id='word_1_61' title='bbox 1464 1283 1585 1348; x_wconf 80' lang='lat' dir='ltr'>presens</span> <span class='ocrx_word' id='word_1_62' title='bbox 1676 1319 1677 1332; x_wconf 41' lang='lat'>2</span> 
     </span>
     <span class='ocr_line' id='line_1_9' title="bbox 364 1367 1677 1456; baseline 0.002 -20"><span class='ocrx_word' id='word_1_63' title='bbox 364 1373 520 1437; x_wconf 86' lang='lat' dir='ltr'>statutum</span> <span class='ocrx_word' id='word_1_64' title='bbox 542 1371 654 1455; x_wconf 82' lang='lat' dir='ltr'>scripsi</span> <span class='ocrx_word' id='word_1_65' title='bbox 675 1371 708 1438; x_wconf 94' lang='lat' dir='ltr'>in</span> <span class='ocrx_word' id='word_1_66' title='bbox 732 1372 873 1456; x_wconf 79' lang='lat' dir='ltr'>presenti</span> <span class='ocrx_word' id='word_1_67' title='bbox 896 1373 1056 1440; x_wconf 91' lang='lat' dir='ltr'>uolumine</span> <span class='ocrx_word' id='word_1_68' title='bbox 1082 1377 1275 1440; x_wconf 86' lang='lat' dir='ltr'>statutorum</span> <span class='ocrx_word' id='word_1_69' title='bbox 1296 1371 1337 1438; x_wconf 91' lang='lat' dir='ltr'>de</span> <span class='ocrx_word' id='word_1_70' title='bbox 1359 1370 1487 1454; x_wconf 86' lang='lat' dir='ltr'>speuiah</span> <span class='ocrx_word' id='word_1_71' title='bbox 1506 1389 1584 1438; x_wconf 86' lang='lat' dir='ltr'>mau-</span> <span class='ocrx_word' id='word_1_72' title='bbox 1676 1367 1677 1382; x_wconf 57' lang='lat'>³</span> 
     </span>
     <span class='ocr_line' id='line_1_10' title="bbox 365 1471 1677 1559; baseline 0.003 -20"><span class='ocrx_word' id='word_1_73' title='bbox 365 1473 441 1542; x_wconf 90' lang='lat' dir='ltr'>dato</span> <span class='ocrx_word' id='word_1_74' title='bbox 471 1475 548 1542; x_wconf 91' lang='lat' dir='ltr'>mihi</span> <span class='ocrx_word' id='word_1_75' title='bbox 577 1474 660 1544; x_wconf 84' lang='lat' dir='ltr'>facto</span> <span class='ocrx_word' id='word_1_76' title='bbox 690 1494 749 1559; x_wconf 86' lang='lat' dir='ltr'>per</span> <span class='ocrx_word' id='word_1_77' title='bbox 779 1477 939 1543; x_wconf 89' lang='lat' dir='ltr'>dominum</span> <span class='ocrx_word' id='word_1_78' title='bbox 969 1479 1114 1545; x_wconf 85' lang='lat' dir='ltr'>comitem</span> <span class='ocrx_word' id='word_1_79' title='bbox 1138 1485 1172 1544; x_wconf 91' lang='lat' dir='ltr'>et</span> <span class='ocrx_word' id='word_1_80' title='bbox 1193 1477 1379 1544; x_wconf 85' lang='lat' dir='ltr'>statutarios</span> <span class='ocrx_word' id='word_1_81' title='bbox 1402 1475 1584 1559; x_wconf 76' lang='lat' dir='ltr'>supradictos</span> <span class='ocrx_word' id='word_1_82' title='bbox 1676 1471 1677 1504; x_wconf 85' lang='lat'>³</span> 
     </span>
     <span class='ocr_line' id='line_1_11' title="bbox 365 1578 1677 1666; baseline 0.002 -20"><span class='ocrx_word' id='word_1_83' title='bbox 365 1578 418 1650; x_wconf 88' lang='lat' dir='ltr'>die</span> <span class='ocrx_word' id='word_1_84' title='bbox 441 1581 646 1650; x_wconf 80' lang='lat' dir='ltr'>decimanona</span> <span class='ocrx_word' id='word_1_85' title='bbox 667 1581 783 1652; x_wconf 82' lang='lat' dir='ltr'>mensis</span> <span class='ocrx_word' id='word_1_86' title='bbox 804 1582 912 1666; x_wconf 86' lang='lat' dir='ltr'>maroij</span> <span class='ocrx_word' id='word_1_87' title='bbox 936 1583 1133 1666; x_wconf 61' lang='lat' dir='ltr'>supradietis</span> <span class='ocrx_word' id='word_1_88' title='bbox 1676 1587 1677 1592; x_wconf 77' lang='grc'>’</span> 
     </span>
    </p>
   </div>
   <div class='ocr_carea' id='block_1_3' title="bbox 658 1790 1309 1859">
    <p class='ocr_par' dir='ltr' id='par_1_4' title="bbox 658 1790 1309 1859">
     <span class='ocr_line' id='line_1_12' title="bbox 658 1790 1309 1859; baseline -0.005 -1"><span class='ocrx_word' id='word_1_89' title='bbox 658 1811 725 1858; x_wconf 80' lang='lat' dir='ltr'>aaa.</span> <span class='ocrx_word' id='word_1_90' title='bbox 747 1813 783 1857; x_wconf 91' lang='lat'>11.</span> <span class='ocrx_word' id='word_1_91' title='bbox 806 1815 848 1856; x_wconf 87' lang='lat' dir='ltr'>nn</span> <span class='ocrx_word' id='word_1_92' title='bbox 869 1814 1097 1859; x_wconf 72' lang='lat' dir='ltr'>assumamonn</span> <span class='ocrx_word' id='word_1_93' title='bbox 1119 1790 1309 1858; x_wconf 63' lang='lat' dir='ltr'>emanant</span> 
     </span>
    </p>
   </div>
   <div class='ocr_carea' id='block_1_4' title="bbox 366 1929 1588 3694">
    <p class='ocr_par' dir='ltr' id='par_1_5' title="bbox 366 1929 1586 3377">
     <span class='ocr_line' id='line_1_13' title="bbox 410 1929 1581 2016; baseline 0.001 -20"><span class='ocrx_word' id='word_1_94' title='bbox 410 1929 492 1996; x_wconf 86' lang='lat' dir='ltr'>Item</span> <span class='ocrx_word' id='word_1_95' title='bbox 515 1934 668 1997; x_wconf 88' lang='lat' dir='ltr'>statutum</span> <span class='ocrx_word' id='word_1_96' title='bbox 691 1937 725 1998; x_wconf 88' lang='lat' dir='ltr'>et</span> <span class='ocrx_word' id='word_1_97' title='bbox 746 1931 926 1999; x_wconf 89' lang='lat' dir='ltr'>ordinatum</span> <span class='ocrx_word' id='word_1_98' title='bbox 949 1938 1008 2016; x_wconf 80' lang='lat' dir='ltr'>est,</span> <span class='ocrx_word' id='word_1_99' title='bbox 1033 1932 1117 2016; x_wconf 88' lang='lat' dir='ltr'>quod</span> <span class='ocrx_word' id='word_1_100' title='bbox 1139 1931 1281 2014; x_wconf 87' lang='lat' dir='ltr'>quotibet</span> <span class='ocrx_word' id='word_1_101' title='bbox 1303 1935 1337 1997; x_wconf 89' lang='lat' dir='ltr'>et</span> <span class='ocrx_word' id='word_1_102' title='bbox 1357 1929 1581 2014; x_wconf 74' lang='lat' dir='ltr'>singndo⁶anno</span> 
     </span>
     <span class='ocr_line' id='line_1_14' title="bbox 370 2030 1582 2121; baseline 0.003 -24"><span class='ocrx_word' id='word_1_103' title='bbox 370 2030 449 2098; x_wconf 87' lang='lat' dir='ltr'>fiant</span> <span class='ocrx_word' id='word_1_104' title='bbox 472 2033 535 2100; x_wconf 93' lang='lat' dir='ltr'>duo</span> <span class='ocrx_word' id='word_1_105' title='bbox 565 2032 716 2103; x_wconf 83' lang='lat' dir='ltr'>officiales</span> <span class='ocrx_word' id='word_1_106' title='bbox 738 2035 771 2102; x_wconf 93' lang='lat' dir='ltr'>in</span> <span class='ocrx_word' id='word_1_107' title='bbox 793 2036 922 2105; x_wconf 87' lang='lat' dir='ltr'>eonsiho</span> <span class='ocrx_word' id='word_1_108' title='bbox 952 2036 1103 2121; x_wconf 85' lang='lat' dir='ltr'>generali,</span> <span class='ocrx_word' id='word_1_109' title='bbox 1134 2036 1189 2120; x_wconf 88' lang='lat' dir='ltr'>qui</span> <span class='ocrx_word' id='word_1_110' title='bbox 1217 2041 1386 2102; x_wconf 85' lang='lat' dir='ltr'>teneantur</span> <span class='ocrx_word' id='word_1_111' title='bbox 1415 2033 1582 2102; x_wconf 84' lang='lat' dir='ltr'>denuntiare</span> 
     </span>
     <span class='ocr_line' id='line_1_15' title="bbox 368 2139 1583 2225; baseline 0.001 -21"><span class='ocrx_word' id='word_1_112' title='bbox 368 2155 477 2205; x_wconf 90' lang='lat' dir='ltr'>omnes</span> <span class='ocrx_word' id='word_1_113' title='bbox 500 2143 533 2205; x_wconf 88' lang='lat' dir='ltr'>st</span> <span class='ocrx_word' id='word_1_114' title='bbox 556 2139 707 2222; x_wconf 86' lang='lat' dir='ltr'>singulos,</span> <span class='ocrx_word' id='word_1_115' title='bbox 739 2141 792 2224; x_wconf 90' lang='lat' dir='ltr'>qui</span> <span class='ocrx_word' id='word_1_116' title='bbox 815 2161 878 2209; x_wconf 93' lang='lat' dir='ltr'>non</span> <span class='ocrx_word' id='word_1_117' title='bbox 899 2141 1098 2225; x_wconf 80' lang='lat' dir='ltr'>pastinarent</span> <span class='ocrx_word' id='word_1_118' title='bbox 1120 2141 1232 2222; x_wconf 81' lang='lat' dir='ltr'>oliuae,</span> <span class='ocrx_word' id='word_1_119' title='bbox 1252 2139 1404 2206; x_wconf 78' lang='lat' dir='ltr'>uidelicet</span> <span class='ocrx_word' id='word_1_120' title='bbox 1425 2157 1479 2206; x_wconf 86' lang='lat' dir='ltr'>ser</span> <span class='ocrx_word' id='word_1_121' title='bbox 1498 2139 1583 2222; x_wconf 89' lang='lat' dir='ltr'>pedes</span> 
     </span>
     <span class='ocr_line' id='line_1_16' title="bbox 366 2240 1584 2328; baseline 0.001 -21"><span class='ocrx_word' id='word_1_122' title='bbox 366 2240 521 2309; x_wconf 89' lang='lat' dir='ltr'>oliuarum</span> <span class='ocrx_word' id='word_1_123' title='bbox 550 2262 609 2327; x_wconf 94' lang='lat' dir='ltr'>pro</span> <span class='ocrx_word' id='word_1_124' title='bbox 641 2245 783 2328; x_wconf 85' lang='lat' dir='ltr'>quolibet</span> <span class='ocrx_word' id='word_1_125' title='bbox 812 2251 945 2314; x_wconf 88' lang='lat' dir='ltr'>ureteno</span> <span class='ocrx_word' id='word_1_126' title='bbox 980 2249 1154 2314; x_wconf 87' lang='lat' dir='ltr'>seeundum</span> <span class='ocrx_word' id='word_1_127' title='bbox 1182 2243 1318 2311; x_wconf 82' lang='lat' dir='ltr'>formam</span> <span class='ocrx_word' id='word_1_128' title='bbox 1347 2248 1532 2312; x_wconf 87' lang='lat' dir='ltr'>statutonun</span> <span class='ocrx_word' id='word_1_129' title='bbox 1555 2246 1584 2309; x_wconf 89' lang='lat' dir='ltr'>et</span> 
     </span>
     <span class='ocr_line' id='line_1_17' title="bbox 367 2346 1584 2433; baseline 0.001 -21"><span class='ocrx_word' id='word_1_130' title='bbox 367 2346 487 2415; x_wconf 88' lang='lat' dir='ltr'>habere</span> <span class='ocrx_word' id='word_1_131' title='bbox 524 2347 664 2416; x_wconf 87' lang='lat' dir='ltr'>debeant</span> <span class='ocrx_word' id='word_1_132' title='bbox 695 2370 715 2417; x_wconf 89' lang='lat' dir='ltr'>a</span> <span class='ocrx_word' id='word_1_133' title='bbox 748 2351 904 2418; x_wconf 84' lang='lat' dir='ltr'>communi</span> <span class='ocrx_word' id='word_1_134' title='bbox 942 2352 1041 2418; x_wconf 86' lang='lat' dir='ltr'>libras</span> <span class='ocrx_word' id='word_1_135' title='bbox 1075 2369 1131 2419; x_wconf 86' lang='lat' dir='ltr'>sax</span> <span class='ocrx_word' id='word_1_136' title='bbox 1164 2368 1336 2433; x_wconf 86' lang='lat' dir='ltr'>paruarum</span> <span class='ocrx_word' id='word_1_137' title='bbox 1367 2367 1427 2432; x_wconf 92' lang='lat' dir='ltr'>pro</span> <span class='ocrx_word' id='word_1_138' title='bbox 1460 2349 1584 2431; x_wconf 87' lang='lat' dir='ltr'>quohbet</span> 
     </span>
     <span class='ocr_line' id='line_1_18' title="bbox 367 2452 1582 2538; baseline 0 -20"><span class='ocrx_word' id='word_1_139' title='bbox 367 2452 539 2519; x_wconf 74' lang='lat' dir='ltr'>annuatim.</span> <span class='ocrx_word' id='word_1_140' title='bbox 573 2453 618 2520; x_wconf 88' lang='lat' dir='ltr'>Et</span> <span class='ocrx_word' id='word_1_141' title='bbox 640 2455 667 2520; x_wconf 94' lang='lat' dir='ltr'>si</span> <span class='ocrx_word' id='word_1_142' title='bbox 689 2454 751 2538; x_wconf 92' lang='lat' dir='ltr'>ipsi</span> <span class='ocrx_word' id='word_1_143' title='bbox 772 2453 925 2523; x_wconf 88' lang='lat' dir='ltr'>officiales</span> <span class='ocrx_word' id='word_1_144' title='bbox 948 2474 1011 2523; x_wconf 88' lang='lat' dir='ltr'>non</span> <span class='ocrx_word' id='word_1_145' title='bbox 1034 2455 1264 2534; x_wconf 68' lang='lat' dir='ltr'>denuntiarent,</span> <span class='ocrx_word' id='word_1_146' title='bbox 1295 2453 1412 2520; x_wconf 81' lang='lat' dir='ltr'>cadant</span> <span class='ocrx_word' id='word_1_147' title='bbox 1432 2454 1463 2519; x_wconf 90' lang='lat' dir='ltr'>in</span> <span class='ocrx_word' id='word_1_148' title='bbox 1484 2469 1582 2536; x_wconf 84' lang='lat' dir='ltr'>penam</span> 
     </span>
     <span class='ocr_line' id='line_1_19' title="bbox 366 2557 1582 2642; baseline 0.001 -19"><span class='ocrx_word' id='word_1_149' title='bbox 366 2575 442 2624; x_wconf 82' lang='lat' dir='ltr'>xxv</span> <span class='ocrx_word' id='word_1_150' title='bbox 464 2576 634 2640; x_wconf 86' lang='lat' dir='ltr'>paruarum</span> <span class='ocrx_word' id='word_1_151' title='bbox 652 2577 710 2642; x_wconf 92' lang='lat' dir='ltr'>pro</span> <span class='ocrx_word' id='word_1_152' title='bbox 727 2561 878 2642; x_wconf 89' lang='lat' dir='ltr'>quolibet.</span> <span class='ocrx_word' id='word_1_153' title='bbox 901 2561 944 2628; x_wconf 85' lang='lat' dir='ltr'>Et</span> <span class='ocrx_word' id='word_1_154' title='bbox 959 2561 1114 2628; x_wconf 84' lang='lat' dir='ltr'>clametur</span> <span class='ocrx_word' id='word_1_155' title='bbox 1136 2561 1328 2640; x_wconf 80' lang='lat' dir='ltr'>emmanue,</span> <span class='ocrx_word' id='word_1_156' title='bbox 1352 2558 1438 2640; x_wconf 92' lang='lat' dir='ltr'>quod</span> <span class='ocrx_word' id='word_1_157' title='bbox 1459 2557 1582 2640; x_wconf 72' lang='lat' dir='ltr'>qualibet</span> 
     </span>
     <span class='ocr_line' id='line_1_20' title="bbox 367 2662 1581 2746; baseline -0.002 -18"><span class='ocrx_word' id='word_1_158' title='bbox 367 2662 421 2746; x_wconf 88' lang='lat' dir='ltr'>qui</span> <span class='ocrx_word' id='word_1_159' title='bbox 443 2663 562 2730; x_wconf 90' lang='lat' dir='ltr'>uellent</span> <span class='ocrx_word' id='word_1_160' title='bbox 584 2665 753 2746; x_wconf 73' lang='lat' dir='ltr'>pastinare,</span> <span class='ocrx_word' id='word_1_161' title='bbox 777 2667 909 2732; x_wconf 88' lang='lat' dir='ltr'>ueniant</span> <span class='ocrx_word' id='word_1_162' title='bbox 924 2671 957 2732; x_wconf 89' lang='lat' dir='ltr'>st</span> <span class='ocrx_word' id='word_1_163' title='bbox 971 2671 1141 2732; x_wconf 83' lang='lat' dir='ltr'>teneantur</span> <span class='ocrx_word' id='word_1_164' title='bbox 1162 2665 1273 2732; x_wconf 89' lang='lat' dir='ltr'>uenire</span> <span class='ocrx_word' id='word_1_165' title='bbox 1297 2664 1339 2730; x_wconf 87' lang='lat' dir='ltr'>ad</span> <span class='ocrx_word' id='word_1_166' title='bbox 1360 2662 1532 2730; x_wconf 86' lang='lat' dir='ltr'>faciendum</span> <span class='ocrx_word' id='word_1_167' title='bbox 1551 2679 1581 2727; x_wconf 90' lang='lat' dir='ltr'>se</span> 
     </span>
     <span class='ocr_line' id='line_1_21' title="bbox 367 2766 1583 2853; baseline -0.002 -20"><span class='ocrx_word' id='word_1_168' title='bbox 367 2766 462 2833; x_wconf 81' lang='lat' dir='ltr'>scribi</span> <span class='ocrx_word' id='word_1_169' title='bbox 484 2767 526 2833; x_wconf 89' lang='lat' dir='ltr'>ad</span> <span class='ocrx_word' id='word_1_170' title='bbox 548 2766 709 2850; x_wconf 85' lang='lat' dir='ltr'>officiales,</span> <span class='ocrx_word' id='word_1_171' title='bbox 737 2770 792 2852; x_wconf 91' lang='lat' dir='ltr'>qui</span> <span class='ocrx_word' id='word_1_172' title='bbox 813 2771 854 2837; x_wconf 92' lang='lat' dir='ltr'>ad</span> <span class='ocrx_word' id='word_1_173' title='bbox 876 2771 1054 2853; x_wconf 80' lang='lat' dir='ltr'>predictum</span> <span class='ocrx_word' id='word_1_174' title='bbox 1076 2768 1215 2838; x_wconf 83' lang='lat' dir='ltr'>officium</span> <span class='ocrx_word' id='word_1_175' title='bbox 1236 2769 1355 2836; x_wconf 88' lang='lat' dir='ltr'>fuerint</span> <span class='ocrx_word' id='word_1_176' title='bbox 1376 2786 1435 2852; x_wconf 88' lang='lat' dir='ltr'>pro</span> <span class='ocrx_word' id='word_1_177' title='bbox 1456 2773 1583 2849; x_wconf 89' lang='lat' dir='ltr'>tempore</span> 
     </span>
     <span class='ocr_line' id='line_1_22' title="bbox 366 2871 1584 2959; baseline -0.001 -21"><span class='ocrx_word' id='word_1_178' title='bbox 366 2871 509 2954; x_wconf 87' lang='lat' dir='ltr'>deputati</span> <span class='ocrx_word' id='word_1_179' title='bbox 525 2873 566 2939; x_wconf 90' lang='lat' dir='ltr'>ad</span> <span class='ocrx_word' id='word_1_180' title='bbox 582 2874 748 2940; x_wconf 88' lang='lat' dir='ltr'>terminum</span> <span class='ocrx_word' id='word_1_181' title='bbox 764 2893 822 2958; x_wconf 89' lang='lat' dir='ltr'>per</span> <span class='ocrx_word' id='word_1_182' title='bbox 836 2880 1001 2956; x_wconf 82' lang='lat' dir='ltr'>rectorem,</span> <span class='ocrx_word' id='word_1_183' title='bbox 1018 2875 1072 2959; x_wconf 87' lang='lat' dir='ltr'>qui</span> <span class='ocrx_word' id='word_1_184' title='bbox 1083 2895 1142 2958; x_wconf 89' lang='lat' dir='ltr'>pro</span> <span class='ocrx_word' id='word_1_185' title='bbox 1159 2881 1302 2957; x_wconf 88' lang='lat' dir='ltr'>tempore</span> <span class='ocrx_word' id='word_1_186' title='bbox 1316 2872 1459 2940; x_wconf 79' lang='lat' dir='ltr'>fueritin</span> <span class='ocrx_word' id='word_1_187' title='bbox 1473 2871 1584 2938; x_wconf 80' lang='lat' dir='ltr'>ciuitate</span> 
     </span>
     <span class='ocr_line' id='line_1_23' title="bbox 369 2973 1586 3064; baseline -0.004 -20"><span class='ocrx_word' id='word_1_188' title='bbox 369 2975 500 3060; x_wconf 87' lang='lat' dir='ltr'>Spalati,</span> <span class='ocrx_word' id='word_1_189' title='bbox 523 2977 665 3046; x_wconf 85' lang='lat' dir='ltr'>extiterit</span> <span class='ocrx_word' id='word_1_190' title='bbox 686 2980 888 3048; x_wconf 75' lang='lat' dir='ltr'>stabihtumt</span> <span class='ocrx_word' id='word_1_191' title='bbox 912 2981 956 3048; x_wconf 81' lang='lat' dir='ltr'>Et</span> <span class='ocrx_word' id='word_1_192' title='bbox 970 2981 1026 3064; x_wconf 87' lang='lat' dir='ltr'>illi,</span> <span class='ocrx_word' id='word_1_193' title='bbox 1051 2981 1105 3064; x_wconf 90' lang='lat' dir='ltr'>qui</span> <span class='ocrx_word' id='word_1_194' title='bbox 1119 2999 1183 3048; x_wconf 91' lang='lat' dir='ltr'>non</span> <span class='ocrx_word' id='word_1_195' title='bbox 1198 2979 1398 3063; x_wconf 85' lang='lat' dir='ltr'>pastinarent</span> <span class='ocrx_word' id='word_1_196' title='bbox 1419 2976 1523 3055; x_wconf 87' lang='lat' dir='ltr'>oliuas,</span> <span class='ocrx_word' id='word_1_197' title='bbox 1542 2973 1586 3040; x_wconf 91' lang='lat' dir='ltr'>uel</span> 
     </span>
     <span class='ocr_line' id='line_1_24' title="bbox 369 3080 1585 3170; baseline -0.002 -23"><span class='ocrx_word' id='word_1_198' title='bbox 369 3100 433 3148; x_wconf 91' lang='lat' dir='ltr'>non</span> <span class='ocrx_word' id='word_1_199' title='bbox 455 3081 596 3150; x_wconf 80' lang='lat' dir='ltr'>tacerent</span> <span class='ocrx_word' id='word_1_200' title='bbox 619 3102 655 3150; x_wconf 91' lang='lat' dir='ltr'>se</span> <span class='ocrx_word' id='word_1_201' title='bbox 677 3085 782 3164; x_wconf 82' lang='lat' dir='ltr'>scribi,</span> <span class='ocrx_word' id='word_1_202' title='bbox 813 3086 940 3153; x_wconf 89' lang='lat' dir='ltr'>soluant</span> <span class='ocrx_word' id='word_1_203' title='bbox 961 3105 1019 3170; x_wconf 94' lang='lat' dir='ltr'>pro</span> <span class='ocrx_word' id='word_1_204' title='bbox 1042 3085 1185 3169; x_wconf 88' lang='lat' dir='ltr'>quolibet</span> <span class='ocrx_word' id='word_1_205' title='bbox 1206 3090 1339 3152; x_wconf 89' lang='lat' dir='ltr'>ureteno</span> <span class='ocrx_word' id='word_1_206' title='bbox 1361 3083 1467 3150; x_wconf 88' lang='lat' dir='ltr'>soldos</span> <span class='ocrx_word' id='word_1_207' title='bbox 1486 3080 1585 3162; x_wconf 78' lang='lat' dir='ltr'>ripa</span> 
     </span>
     <span class='ocr_line' id='line_1_25' title="bbox 370 3184 1586 3275; baseline -0.001 -23"><span class='ocrx_word' id='word_1_208' title='bbox 370 3205 500 3254; x_wconf 80' lang='lat' dir='ltr'>auorum</span> <span class='ocrx_word' id='word_1_209' title='bbox 523 3194 556 3256; x_wconf 92' lang='lat' dir='ltr'>et</span> <span class='ocrx_word' id='word_1_210' title='bbox 577 3194 748 3258; x_wconf 81' lang='lat' dir='ltr'>taneantur</span> <span class='ocrx_word' id='word_1_211' title='bbox 778 3190 980 3258; x_wconf 87' lang='lat' dir='ltr'>nihilominus</span> <span class='ocrx_word' id='word_1_212' title='bbox 1010 3192 1173 3275; x_wconf 85' lang='lat' dir='ltr'>pastinare</span> <span class='ocrx_word' id='word_1_213' title='bbox 1202 3195 1235 3256; x_wconf 89' lang='lat' dir='ltr'>et</span> <span class='ocrx_word' id='word_1_214' title='bbox 1257 3187 1406 3256; x_wconf 82' lang='lat' dir='ltr'>similiter</span> <span class='ocrx_word' id='word_1_215' title='bbox 1434 3204 1535 3254; x_wconf 87' lang='lat' dir='ltr'>omnes</span> <span class='ocrx_word' id='word_1_216' title='bbox 1553 3184 1586 3250; x_wconf 88' lang='lat' dir='ltr'>de</span> 
     </span>
     <span class='ocr_line' id='line_1_26' title="bbox 369 3291 1454 3377; baseline 0.001 -21"><span class='ocrx_word' id='word_1_217' title='bbox 369 3291 522 3374; x_wconf 81' lang='lat' dir='ltr'>predictis</span> <span class='ocrx_word' id='word_1_218' title='bbox 544 3294 668 3377; x_wconf 87' lang='lat' dir='ltr'>possint</span> <span class='ocrx_word' id='word_1_219' title='bbox 691 3295 880 3364; x_wconf 87' lang='lat' dir='ltr'>denuntiare</span> <span class='ocrx_word' id='word_1_220' title='bbox 901 3297 1075 3364; x_wconf 84' lang='lat' dir='ltr'>seeundum</span> <span class='ocrx_word' id='word_1_221' title='bbox 1096 3293 1229 3363; x_wconf 85' lang='lat' dir='ltr'>formam</span> <span class='ocrx_word' id='word_1_222' title='bbox 1252 3299 1454 3361; x_wconf 88' lang='lat' dir='ltr'>statutorum.</span> 
     </span>
    </p>

    <p class='ocr_par' dir='ltr' id='par_1_6' title="bbox 372 3395 1588 3694">
     <span class='ocr_line' id='line_1_27' title="bbox 414 3395 1586 3485; baseline -0.001 -24"><span class='ocrx_word' id='word_1_223' title='bbox 414 3395 531 3464; x_wconf 83' lang='lat' dir='ltr'>Actum</span> <span class='ocrx_word' id='word_1_224' title='bbox 554 3405 588 3466; x_wconf 90' lang='lat' dir='ltr'>et</span> <span class='ocrx_word' id='word_1_225' title='bbox 609 3397 768 3466; x_wconf 88' lang='lat' dir='ltr'>firmatum</span> <span class='ocrx_word' id='word_1_226' title='bbox 790 3399 887 3467; x_wconf 86' lang='lat' dir='ltr'>tuerit</span> <span class='ocrx_word' id='word_1_227' title='bbox 908 3401 1103 3485; x_wconf 79' lang='lat' dir='ltr'>predictum⁷</span> <span class='ocrx_word' id='word_1_228' title='bbox 1125 3405 1280 3468; x_wconf 90' lang='lat' dir='ltr'>statutum</span> <span class='ocrx_word' id='word_1_229' title='bbox 1301 3401 1335 3465; x_wconf 93' lang='lat' dir='ltr'>in</span> <span class='ocrx_word' id='word_1_230' title='bbox 1353 3399 1446 3482; x_wconf 92' lang='lat' dir='ltr'>pleno</span> <span class='ocrx_word' id='word_1_231' title='bbox 1461 3401 1493 3463; x_wconf 88' lang='lat' dir='ltr'>et</span> <span class='ocrx_word' id='word_1_232' title='bbox 1506 3411 1586 3480; x_wconf 77' lang='lat' dir='ltr'>gene·</span> 
     </span>
     <span class='ocr_line' id='line_1_28' title="bbox 372 3496 1587 3588; baseline -0.001 -22"><span class='ocrx_word' id='word_1_233' title='bbox 372 3501 433 3566; x_wconf 89' lang='lat' dir='ltr'>rali</span> <span class='ocrx_word' id='word_1_234' title='bbox 454 3503 586 3570; x_wconf 86' lang='lat' dir='ltr'>oonsilio</span> <span class='ocrx_word' id='word_1_235' title='bbox 609 3505 749 3571; x_wconf 81' lang='lat' dir='ltr'>ciuitatis</span> <span class='ocrx_word' id='word_1_236' title='bbox 773 3503 904 3588; x_wconf 79' lang='lat' dir='ltr'>Spatati,</span> <span class='ocrx_word' id='word_1_237' title='bbox 927 3511 1023 3588; x_wconf 88' lang='lat' dir='ltr'>prout</span> <span class='ocrx_word' id='word_1_238' title='bbox 1045 3511 1135 3588; x_wconf 91' lang='lat' dir='ltr'>patet</span> <span class='ocrx_word' id='word_1_239' title='bbox 1148 3507 1181 3571; x_wconf 94' lang='lat' dir='ltr'>in</span> <span class='ocrx_word' id='word_1_240' title='bbox 1197 3503 1424 3572; x_wconf 87' lang='lat' dir='ltr'>reformatione</span> <span class='ocrx_word' id='word_1_241' title='bbox 1446 3496 1587 3584; x_wconf 82' lang='lat' dir='ltr'>predicta⁸</span> 
     </span>
     <span class='ocr_line' id='line_1_29' title="bbox 373 3603 1588 3694; baseline -0.002 -22"><span class='ocrx_word' id='word_1_242' title='bbox 373 3623 431 3687; x_wconf 92' lang='lat' dir='ltr'>per</span> <span class='ocrx_word' id='word_1_243' title='bbox 445 3625 496 3673; x_wconf 89' lang='lat' dir='ltr'>me</span> <span class='ocrx_word' id='word_1_244' title='bbox 512 3606 708 3691; x_wconf 82' lang='lat' dir='ltr'>Stephanum</span> <span class='ocrx_word' id='word_1_245' title='bbox 730 3613 943 3693; x_wconf 78' lang='lat' dir='ltr'>prescriptum</span> <span class='ocrx_word' id='word_1_246' title='bbox 964 3611 1133 3694; x_wconf 85' lang='lat' dir='ltr'>notarium,</span> <span class='ocrx_word' id='word_1_247' title='bbox 1157 3615 1304 3676; x_wconf 79' lang='lat' dir='ltr'>currente</span> <span class='ocrx_word' id='word_1_248' title='bbox 1326 3627 1409 3675; x_wconf 91' lang='lat' dir='ltr'>anno</span> <span class='ocrx_word' id='word_1_249' title='bbox 1432 3603 1588 3673; x_wconf 84' lang='lat' dir='ltr'>natiuitatis</span> 
     </span>
    </p>
   </div>
   <div class='ocr_carea' id='block_1_5' title="bbox 373 3710 1517 3802">
    <p class='ocr_par' dir='ltr' id='par_1_7' title="bbox 373 3710 1517 3802">
     <span class='ocr_line' id='line_1_30' title="bbox 373 3710 1517 3802; baseline -0.001 -25"><span class='ocrx_word' id='word_1_250' title='bbox 373 3711 491 3778; x_wconf 91' lang='lat' dir='ltr'>domini</span> <span class='ocrx_word' id='word_1_251' title='bbox 513 3712 783 3799; x_wconf 84' lang='lat' dir='ltr'>Moeexnriij,</span> <span class='ocrx_word' id='word_1_252' title='bbox 806 3716 961 3784; x_wconf 82' lang='lat' dir='ltr'>indicione</span> <span class='ocrx_word' id='word_1_253' title='bbox 984 3717 1096 3802; x_wconf 89' lang='lat' dir='ltr'>prima,</span> <span class='ocrx_word' id='word_1_254' title='bbox 1120 3715 1172 3784; x_wconf 91' lang='lat' dir='ltr'>die</span> <span class='ocrx_word' id='word_1_255' title='bbox 1193 3715 1306 3799; x_wconf 85' lang='lat' dir='ltr'>xxiij.</span> <span class='ocrx_word' id='word_1_256' title='bbox 1329 3710 1517 3781; x_wconf 88' lang='lat' dir='ltr'>nouembris.</span> 
     </span>
    </p>
   </div>
   <div class='ocr_carea' id='block_1_6' title="bbox 663 3941 1313 4012">
    <p class='ocr_par' dir='ltr' id='par_1_8' title="bbox 663 3941 1313 4012">
     <span class='ocr_line' id='line_1_31' title="bbox 663 3941 1313 4012; baseline -0.005 -2"><span class='ocrx_word' id='word_1_257' title='bbox 663 3963 730 4010; x_wconf 78' lang='lat' dir='ltr'>oua.</span> <span class='ocrx_word' id='word_1_258' title='bbox 753 3966 800 4008; x_wconf 87' lang='lat' dir='ltr'>m.</span> <span class='ocrx_word' id='word_1_259' title='bbox 823 3967 867 4009; x_wconf 79' lang='lat' dir='ltr'>nn</span> <span class='ocrx_word' id='word_1_260' title='bbox 888 3966 1060 4012; x_wconf 76' lang='lat' dir='ltr'>sonumonn</span> <span class='ocrx_word' id='word_1_261' title='bbox 1081 3941 1313 4011; x_wconf 74' lang='lat' dir='ltr'>aonamom’.</span> 
     </span>
    </p>
   </div>
   <div class='ocr_carea' id='block_1_7' title="bbox 373 4045 1675 4272">
    <p class='ocr_par' dir='ltr' id='par_1_9' title="bbox 373 4045 1675 4272">
     <span class='ocr_line' id='line_1_32' title="bbox 414 4045 1675 4166; baseline -0.002 -20"><span class='ocrx_word' id='word_1_262' title='bbox 414 4080 495 4147; x_wconf 87' lang='lat' dir='ltr'>Item</span> <span class='ocrx_word' id='word_1_263' title='bbox 518 4085 673 4148; x_wconf 88' lang='lat' dir='ltr'>statutum</span> <span class='ocrx_word' id='word_1_264' title='bbox 694 4087 728 4150; x_wconf 91' lang='lat' dir='ltr'>et</span> <span class='ocrx_word' id='word_1_265' title='bbox 742 4082 922 4150; x_wconf 87' lang='lat' dir='ltr'>ordinatum</span> <span class='ocrx_word' id='word_1_266' title='bbox 944 4090 1004 4166; x_wconf 88' lang='lat' dir='ltr'>est,</span> <span class='ocrx_word' id='word_1_267' title='bbox 1027 4083 1113 4166; x_wconf 89' lang='lat' dir='ltr'>quod</span> <span class='ocrx_word' id='word_1_268' title='bbox 1136 4083 1164 4149; x_wconf 94' lang='lat' dir='ltr'>si</span> <span class='ocrx_word' id='word_1_269' title='bbox 1185 4082 1298 4166; x_wconf 89' lang='lat' dir='ltr'>aliquis</span> <span class='ocrx_word' id='word_1_270' title='bbox 1320 4085 1447 4163; x_wconf 88' lang='lat' dir='ltr'>peteret</span> <span class='ocrx_word' id='word_1_271' title='bbox 1468 4079 1591 4161; x_wconf 86' lang='lat' dir='ltr'>aliquan</span> <span class='ocrx_word' id='word_1_272' title='bbox 1674 4045 1675 4084; x_wconf 50' lang='lat'><em>³</em></span> 
     </span>
     <span class='ocr_line' id='line_1_33' title="bbox 373 4183 1593 4272; baseline -0.004 -20"><span class='ocrx_word' id='word_1_273' title='bbox 373 4186 507 4268; x_wconf 78' lang='lat' dir='ltr'>pecunie</span> <span class='ocrx_word' id='word_1_274' title='bbox 530 4187 750 4272; x_wconf 89' lang='lat' dir='ltr'>quantitatem,</span> <span class='ocrx_word' id='word_1_275' title='bbox 780 4189 921 4256; x_wconf 84' lang='lat' dir='ltr'>uel&#39;rem</span> <span class='ocrx_word' id='word_1_276' title='bbox 946 4187 1078 4256; x_wconf 88' lang='lat' dir='ltr'>ahouius</span> <span class='ocrx_word' id='word_1_277' title='bbox 1107 4187 1224 4255; x_wconf 86' lang='lat' dir='ltr'>ualeris</span> <span class='ocrx_word' id='word_1_278' title='bbox 1247 4187 1399 4254; x_wconf 82' lang='lat' dir='ltr'>declarati</span> <span class='ocrx_word' id='word_1_279' title='bbox 1421 4189 1456 4252; x_wconf 86' lang='lat' dir='ltr'>et</span> <span class='ocrx_word' id='word_1_280' title='bbox 1477 4183 1516 4251; x_wconf 90' lang='lat' dir='ltr'>de</span> <span class='ocrx_word' id='word_1_281' title='bbox 1534 4183 1593 4265; x_wconf 85' lang='lat' dir='ltr'>ipsa</span> 
     </span>
    </p>
   </div>
   <div class='ocr_carea' id='block_1_8' title="bbox 372 4375 1592 4804">
    <p class='ocr_par' dir='ltr' id='par_1_10' title="bbox 372 4375 1592 4804">
     <span class='ocr_line' id='line_1_34' title="bbox 418 4375 1591 4462; baseline -0.006 -19"><span class='ocrx_word' id='word_1_282' title='bbox 418 4377 509 4458; x_wconf 79' lang='lat' dir='ltr'>¹Ap.</span> <span class='ocrx_word' id='word_1_283' title='bbox 533 4380 661 4459; x_wconf 87' lang='lat' dir='ltr'>Ljnb.:</span> <span class='ocrx_word' id='word_1_284' title='bbox 687 4383 866 4462; x_wconf 80' lang='lat' dir='ltr'>„iudieare“.</span> <span class='ocrx_word' id='word_1_285' title='bbox 936 4378 1081 4443; x_wconf 54' lang='lat' dir='ltr'>‘ibide</span> <span class='ocrx_word' id='word_1_286' title='bbox 1107 4379 1297 4458; x_wconf 79' lang='lat' dir='ltr'>„aoeaders“.</span> <span class='ocrx_word' id='word_1_287' title='bbox 1369 4376 1381 4414; x_wconf 79' lang='lat'><strong>³</strong></span> <span class='ocrx_word' id='word_1_288' title='bbox 1402 4379 1494 4440; x_wconf 85' lang='lat' dir='ltr'>Deest</span> <span class='ocrx_word' id='word_1_289' title='bbox 1513 4375 1591 4438; x_wconf 87' lang='lat' dir='ltr'>ibid</span> 
     </span>
     <span class='ocr_line' id='line_1_35' title="bbox 373 4466 1592 4547; baseline -0.005 -19"><span class='ocrx_word' id='word_1_290' title='bbox 373 4466 519 4530; x_wconf 74' lang='lat' dir='ltr'>‘ibidz</span> <span class='ocrx_word' id='word_1_291' title='bbox 556 4469 660 4547; x_wconf 79' lang='lat' dir='ltr'>„Quod</span> <span class='ocrx_word' id='word_1_292' title='bbox 691 4471 768 4531; x_wconf 90' lang='lat' dir='ltr'>omni</span> <span class='ocrx_word' id='word_1_293' title='bbox 798 4489 875 4531; x_wconf 90' lang='lat' dir='ltr'>anno</span> <span class='ocrx_word' id='word_1_294' title='bbox 905 4469 978 4530; x_wconf 87' lang='lat' dir='ltr'>hant</span> <span class='ocrx_word' id='word_1_295' title='bbox 1007 4470 1064 4528; x_wconf 91' lang='lat' dir='ltr'>duo</span> <span class='ocrx_word' id='word_1_296' title='bbox 1095 4468 1244 4546; x_wconf 82' lang='lat' dir='ltr'>officiales,</span> <span class='ocrx_word' id='word_1_297' title='bbox 1276 4467 1326 4544; x_wconf 92' lang='lat' dir='ltr'>qui</span> <span class='ocrx_word' id='word_1_298' title='bbox 1356 4467 1528 4528; x_wconf 86' lang='lat' dir='ltr'>denunoient</span> <span class='ocrx_word' id='word_1_299' title='bbox 1546 4481 1592 4523; x_wconf 90' lang='lat' dir='ltr'>non</span> 
     </span>
     <span class='ocr_line' id='line_1_36' title="bbox 372 4549 1591 4641; baseline -0.006 -24"><span class='ocrx_word' id='word_1_300' title='bbox 372 4556 557 4634; x_wconf 84' lang='lat' dir='ltr'>pastinantes</span> <span class='ocrx_word' id='word_1_301' title='bbox 572 4555 697 4619; x_wconf 65' lang='lat' dir='ltr'>ohnas‘.</span> <span class='ocrx_word' id='word_1_302' title='bbox 760 4555 839 4641; x_wconf 73' lang='lat' dir='ltr'>⁶„et</span> <span class='ocrx_word' id='word_1_303' title='bbox 853 4557 986 4635; x_wconf 67' lang='lat' dir='ltr'>singulo‘¹</span> <span class='ocrx_word' id='word_1_304' title='bbox 1005 4558 1088 4618; x_wconf 85' lang='lat' dir='ltr'>deest</span> <span class='ocrx_word' id='word_1_305' title='bbox 1108 4555 1203 4617; x_wconf 85' lang='lat' dir='ltr'>ibid.</span> <span class='ocrx_word' id='word_1_306' title='bbox 1263 4553 1398 4616; x_wconf 75' lang='lat' dir='ltr'>⁶ibid:</span> <span class='ocrx_word' id='word_1_307' title='bbox 1415 4549 1591 4638; x_wconf 70' lang='lat' dir='ltr'>,amburat</span> 
     </span>
     <span class='ocr_line' id='line_1_37' title="bbox 377 4638 1591 4724; baseline -0.002 -23"><span class='ocrx_word' id='word_1_308' title='bbox 377 4641 390 4678; x_wconf 74' lang='lat'>‘⁸</span> <span class='ocrx_word' id='word_1_309' title='bbox 412 4643 526 4704; x_wconf 84' lang='lat' dir='ltr'>ibid:</span> <span class='ocrx_word' id='word_1_310' title='bbox 552 4646 723 4724; x_wconf 68' lang='lat' dir='ltr'>„presens‘t</span> <span class='ocrx_word' id='word_1_311' title='bbox 786 4641 926 4706; x_wconf 70' lang='lat' dir='ltr'>0ibid:</span> <span class='ocrx_word' id='word_1_312' title='bbox 953 4648 1053 4722; x_wconf 81' lang='lat' dir='ltr'>¹‚patet</span> <span class='ocrx_word' id='word_1_313' title='bbox 1074 4642 1242 4704; x_wconf 82' lang='lat' dir='ltr'>reformatio</span> <span class='ocrx_word' id='word_1_314' title='bbox 1265 4641 1405 4718; x_wconf 82' lang='lat' dir='ltr'>soripta“.</span> <span class='ocrx_word' id='word_1_315' title='bbox 1465 4638 1591 4702; x_wconf 71' lang='lat' dir='ltr'>’ihidt</span> 
     </span>
     <span class='ocr_line' id='line_1_38' title="bbox 377 4728 533 4804; baseline 0.013 -18"><span class='ocrx_word' id='word_1_316' title='bbox 377 4728 533 4804; x_wconf 78' lang='lat' dir='ltr'>„notarii“.</span> 
     </span>
    </p>
   </div>
   <div class='ocr_carea' id='block_1_9' title="bbox 0 0 1708 5354">
    <p class='ocr_par' dir='ltr' id='par_1_11' title="bbox 0 0 1708 5354">
     <span class='ocr_line' id='line_1_39' title="bbox 0 0 1708 5354; baseline 0 0"><span class='ocrx_word' id='word_1_317' title='bbox 0 0 1708 5354; x_wconf 95' lang='lat' dir='ltr'> </span> 
     </span>
    </p>
   </div>
  </div>
 </body>
</html>
