3398 5354
1323 451 1385 517 209

137 655 261 734 ciuem,
292 660 367 721 tuno
389 655 486 737 recipi
509 654 626 722 debeat
647 657 679 720 in
700 655 818 722 cinem¹
840 662 873 722 ot
901 675 959 738 pro
991 657 1059 722 ciue
1083 655 1169 738 dicte
1194 655 1333 722 ciuitatis
1358 662 1392 724 et

137 760 287 842 gaudeat
309 766 343 825 et
365 760 506 841 gaudere
529 761 646 828 debeat
664 759 826 843 beneficijs
843 767 876 828 et
891 761 1061 827 honoribus
1078 761 1218 826 ciuitatis
1235 761 1391 842 predicte.

136 863 189 929 Et
222 863 365 930 similiter
394 864 510 930 debeat
540 866 647 931 subire
677 871 711 932 et
739 864 846 930 facore
869 883 966 931 onera
1002 868 1036 931 et
1058 865 1213 947 obsequia
1236 865 1335 931 realia
1357 869 1392 931 et

138 968 331 1048 personalia
353 973 497 1051 tempore
521 969 609 1050 pacis
632 974 665 1035 et
686 975 832 1050 tempora
854 987 979 1052 guerre,
1015 970 1097 1035 sicut
1119 969 1171 1052 elij
1197 968 1283 1036 ciues
1306 969 1390 1049 dicte

138 1071 299 1138 ciuitatis.

188 1176 236 1240 Et
257 1175 321 1260 ille,
355 1175 471 1256 quide
493 1193 577 1243 nouo
600 1175 773 1258 recipietur
794 1177 827 1240 in
849 1175 951 1241 ciuem
973 1175 1058 1256 dicte
1082 1174 1245 1256 ciuiuus&
1276 1175 1393 1242 debeat

139 1279 178 1343 in
206 1279 291 1346 dicto
314 1279 446 1346 consilio
469 1281 564 1346 tactis
587 1279 753 1362 seripturis
777 1279 986 1361 corporaliter
1007 1281 1115 1346 iurare
1138 1280 1179 1346 ad
1203 1283 1314 1346 sancte
1329 1279 1392 1346 Dei

140 1384 318 1465 euangelia
340 1383 430 1466 sequi
452 1384 604 1450 mandata
625 1384 805 1466 potestatis,
837 1383 970 1450 rectoris
1001 1389 1033 1450 et
1056 1385 1230 1450 communis
1253 1383 1392 1449 ciuitatis

139 1488 294 1569 predicte
325 1493 358 1553 et
385 1507 458 1554 esec
480 1494 656 1570 perpetuus
679 1496 711 1554 et
733 1489 900 1555 continuus
924 1489 1086 1555 habitator
1109 1488 1212 1568 dicte³
1234 1487 1392 1567 ciuitatis3

140 1597 179 1658 et
204 1592 292 1673 quod
315 1593 433 1657 amicos
457 1592 541 1672 dicte
565 1592 704 1658 ciuitatis
727 1594 850 1660 tenebit
879 1611 937 1675 pro
968 1593 1034 1659 suis
1064 1593 1173 1658 amicis
1196 1597 1229 1658 et
1249 1592 1392 1658 inimicos

141 1694 234 1774 dicte
257 1695 396 1760 ciuitatis
419 1696 541 1762 tenebit
571 1713 629 1778 pro
660 1696 725 1762 suis
747 1695 882 1762 inimicis
904 1702 937 1763 et
960 1696 1045 1778 quod
1072 1695 1212 1762 fideliter
1241 1700 1310 1761 toto
1333 1712 1392 1761 suo

140 1815 244 1878 posse
267 1798 393 1880 publice
416 1803 449 1865 et
470 1800 597 1880 priuata
620 1799 789 1878 ordinabit,
821 1799 978 1865 tractabit
1000 1805 1035 1866 et
1055 1797 1160 1878 faciet
1192 1815 1392 1880 quecumque

142 1901 336 1984 cognouerit
367 1901 547 1968 redundare
577 1902 619 1968 ad
649 1902 802 1968 honorem
826 1909 859 1969 et
888 1903 1007 1969 bonum
1030 1906 1063 1969 et
1084 1900 1249 1984 pacificum
1273 1905 1391 1968 statum

142 2003 234 2086 dicte
252 2004 410 2087 ciuitatis.

605 2216 673 2262 uae.
696 2217 731 2260 rr.
754 2217 796 2260 nn
818 2217 935 2272 nonu.

189 2331 274 2396 Item
298 2335 454 2397 statutum
476 2335 510 2398 et
531 2332 711 2398 ordinatum
734 2337 792 2411 est
824 2332 909 2413 quod
939 2336 1081 2414 potestas
1104 2331 1137 2397 in
1160 2331 1316 2415 principio
1340 2333 1390 2400 sui

143 2434 311 2518 regiminis
333 2436 366 2500 in
389 2436 531 2519 generali
547 2436 688 2503 consilio·
696 2437 780 2518 dicte
797 2436 937 2502 umtotis
952 2435 1050 2503 iaciat
1065 2435 1139 2520 eligi
1155 2455 1253 2502 uuum
1267 2437 1388 2504 bonurn

144 2543 181 2604 et
203 2539 363 2622 ydoneum
386 2541 549 2622 syndicum
573 2541 614 2606 de
639 2541 724 2606 dicte
746 2540 875 2608 ciuitate
897 2540 939 2606 ad
962 2539 1162 2621 recipiendos
1182 2559 1282 2607 nouos
1305 2541 1393 2606 ciues

144 2643 234 2723 dicte
258 2643 413 2728 ciuitatis3
436 2643 512 2709 dum
534 2649 642 2710 tamen
666 2645 769 2710 dictus
792 2645 939 2727 syndicus
963 2643 1085 2709 nullum
1106 2643 1268 2711 forensem
1290 2645 1393 2725 possit

144 2764 207 2828 per
236 2765 272 2813 se
302 2748 445 2830 recipere
475 2748 508 2812 in
538 2748 640 2814 ciuem
671 2748 754 2828 dicte
787 2747 942 2812 ciuitatis⁴
971 2751 1004 2812 et
1034 2748 1067 2812 in
1089 2747 1231 2828 generali
1262 2747 1392 2814 consilio

144 2850 289 2916 ciuitatis
320 2851 465 2933 predicte
495 2851 669 2917 secundum
698 2850 832 2916 formam
862 2851 1056 2933 predictam
1086 2854 1121 2915 et
1143 2851 1169 2916 si
1200 2850 1294 2916 aliter
1315 2850 1394 2918 reci-

145 2960 285 3035 peretur
297 2954 330 3018 in
353 2956 465 3034 ciuem,
489 2954 562 3020 talis
585 2954 725 3036 receptio
748 2972 812 3020 non
833 2954 941 3020 ualeat
962 2954 1032 3034 ipso
1054 2953 1132 3018 iure.
1155 2953 1200 3018 Et
1221 2953 1262 3019 do
1283 2970 1392 3036 recep·

144 3058 236 3124 tione
258 3075 413 3124 nouorum
436 3057 552 3124 ciuium
574 3075 702 3140 semper
716 3055 775 3123 fiat
796 3057 957 3139 publicum
976 3057 1229 3136 instrumentum,
1252 3059 1317 3121 tam
1334 3075 1391 3139 pro

145 3161 275 3227 cautela
297 3161 490 3228 commuuis⁶
512 3179 607 3244 quam
631 3163 727 3230 etiam
742 3179 800 3244 pro
816 3161 940 3229 cautela
962 3159 1097 3241 illorum,
1121 3160 1175 3244 qui
1198 3160 1393 3243 recipiuntur

143 3265 179 3329 in
202 3282 304 3331 nouos
327 3265 422 3334 ciues.
1250 3261 1255 3270 ’

190 3369 237 3434 Et
259 3369 287 3435 si
310 3369 426 3451 abnuis
448 3367 584 3436 forensis
598 3369 794 3451 reciperetur
808 3369 841 3434 in
856 3368 959 3434 ciuem
975 3367 1060 3448 dicte
1076 3367 1215 3434 ciuitatis
1231 3373 1265 3434 et
1280 3377 1392 3450 postea

146 3477 329 3554 spontanea
350 3473 520 3539 uoluntate
542 3473 779 3554 derelinqueret
807 3461 1036 3537 habitationem
1068 3471 1154 3551 dicte
1178 3471 1316 3537 ciuitatis
1338 3472 1393 3537 uel

145 3576 197 3641 sui
216 3575 389 3658 districtus,
412 3576 497 3658 quod
513 3577 556 3642 sit
578 3581 733 3659 perpetuo
756 3575 947 3643 exbenditus
968 3575 1053 3655 dicte
1076 3575 1215 3641 ciuitatis
1235 3580 1269 3641 et
1287 3577 1393 3640 omnia

146 3681 234 3747 bona
255 3681 420 3763 publicata
440 3686 628 3747 remaneant
648 3681 682 3746 in
704 3697 869 3747 commune
891 3675 1015 3761 Spoleti
1037 3682 1071 3746 et
1093 3678 1338 3746 condemnetur⁶
1359 3678 1392 3743 in

146 3785 380 3869 qninquaginta
399 3784 500 3852 libris.

600 4015 667 4062 ΟᾸΡ.
691 4015 739 4059 m.
761 4015 804 4058 DE
825 4013 943 4057 EODM.

191 4129 275 4197 Item
301 4134 455 4197 statutum
478 4135 512 4198 et
533 4131 712 4198 ordinatum
735 4135 795 4210 est,
819 4130 903 4212 quod
926 4147 984 4211 per
1006 4143 1171 4194 commune
1190 4125 1312 4209 Spalati
1333 4124 1392 4192 fiat

146 4253 231 4302 unus
253 4235 345 4317 iiber,
379 4236 497 4318 inquo
520 4237 699 4303 scribantur
721 4235 825 4301 omnia
848 4231 1134 4318 luminariorum,
1166 4231 1220 4313 qui
1243 4231 1283 4297 de
1306 4247 1390 4297 nouo

194 4445 207 4482 ¹
232 4451 320 4531 „tune
335 4479 377 4490 -
393 4441 506 4507 eiuem“
532 4447 615 4507 deest
637 4461 686 4521 ap.
710 4445 818 4521 Ljub.
886 4440 898 4478 ²
921 4443 1036 4504 Verba:
1064 4445 1112 4520 „et
1133 4436 1202 4501 i11e⁰
1226 4457 1320 4515 nsque
1336 4440 1390 4500 ad:

146 4529 317 4614 „ciuitatis“
343 4534 449 4594 desunt
470 4533 563 4597 ibid.
635 4529 778 4592 tibid:
802 4529 983 4611 „predicte“.
1054 4527 1067 4561 ⁴
1091 4528 1167 4611 „nisi
1182 4561 1224 4572 -
1240 4525 1387 4587 ciuitatis“

145 4623 232 4682 deest
254 4620 349 4681 ibid.
433 4617 554 4682 ⁶Ood.
578 4618 686 4682 acad.
706 4619 730 4678 B
754 4621 783 4678 et
805 4635 854 4694 ap.
876 4617 995 4693 Ljuba
1022 4613 1184 4694 „Spalati“.
1270 4611 1390 4674 ⁶(lod.

144 4705 254 4796 acad
277 4707 319 4770 B:
345 4705 624 4786 „condempnetur“.

1247 4802 1286 4868 14
