3434 5368
310 417 386 486 XIV

309 627 467 697 Curuulae
490 635 547 712 est,
570 627 677 696 infimo
701 638 808 697 autem
832 630 902 698 1000
925 631 1045 712 clipeus
1067 629 1199 714 insignis
1219 629 1355 696 civitatis
1378 626 1547 696 Curaulae.

309 733 457 818 Sequitur
480 736 541 800 iam
565 754 658 817 quam
682 755 778 820 supra
801 737 891 802 attuli
923 739 1062 818 provisio
1085 737 1242 820 generalis
1272 735 1479 817 proveditoris
1510 737 1551 799 et

312 847 378 904 tum
403 839 541 921 denique
571 841 664 907 index
692 847 789 923 atque
818 848 924 908 textus
952 840 1149 908 Statutorum
1171 846 1204 908 et
1225 841 1353 922 quidem
1374 841 1406 906 iu
1429 838 1552 924 pagiua

310 945 439 1010 sinistra
462 946 615 1026 originale
638 946 781 1020 latinum,
806 948 838 1010 iu
861 947 993 1012 dextera
1014 952 1121 1011 autem
1142 945 1245 1012 versio
1268 945 1382 1010 italica.

355 1047 554 1116 Statutorum
576 1049 655 1116 baec
677 1051 776 1117 editio
799 1052 904 1134 explet
926 1057 968 1116 44
991 1049 1078 1135 folia,
1102 1051 1240 1116 numeris
1263 1049 1395 1132 signata.

351 1153 388 1220 ln
411 1151 473 1218 fine
497 1155 653 1221 versionis
675 1157 782 1238 posuit
804 1155 947 1224 notarius
969 1162 1156 1240 sequentem
1178 1155 1370 1221 clausulam:
1397 1151 1484 1234 ,ugo
1499 1151 1550 1216 Io.

310 1258 390 1340 Bap.
415 1259 579 1325 Rosaueus
603 1279 632 1342 q.
658 1259 757 1326 Marci
779 1261 819 1326 D.
842 1261 868 1326 Ι.
892 1259 1029 1343 Philippi
1052 1261 1123 1327 nob.
1149 1258 1316 1326 Curzulen.
1335 1258 1407 1340 pub.
1431 1257 1550 1340 Impar.

314 1363 504 1430 auctoritate
526 1362 601 1430 Not.
624 1365 713 1430 iussu
737 1365 857 1431 clariss.
882 1365 921 1430 D.
945 1365 1067 1431 comitis
1091 1370 1124 1431 et
1145 1362 1382 1448 magnificorum
1407 1361 1476 1427 Du.
1499 1359 1553 1424 iu-

312 1467 424 1544 dicum,
449 1466 672 1548 delieusorum,
689 1469 860 1551 aliorumq3
884 1469 1045 1551 nobilium,
1063 1468 1190 1534 Statuta
1213 1468 1305 1534 huius
1321 1464 1448 1546 magnii.
1465 1482 1552 1532 com·

310 1573 474 1636 munitatis
497 1571 634 1639 fideliter
656 1593 694 1640 ex
717 1575 876 1640 autentico
900 1575 1020 1639 extraxi
1044 1593 1081 1639 ac
1104 1573 1239 1650 traduxi,
1262 1590 1377 1654 meque
1398 1570 1430 1634 in
1453 1565 1553 1634 fidem

312 1675 494 1762 subscripsi,
522 1695 560 1744 ac
582 1679 671 1762 signo
693 1697 764 1744 meo
789 1677 884 1744 solito
904 1679 1053 1745 ruboraul
1069 1679 1101 1743 iu
1116 1677 1211 1744 tidem
1228 1683 1285 1744 etc.
1310 1675 1400 1741 Anno
1422 1672 1552 1740 Domini

312 1779 465 1847 M.DO.X.
491 1820 532 1830 -
556 1783 605 1865 (L.
630 1781 697 1868 S.)‘

358 1885 458 1952 Simili
470 1887 563 1952 modo
576 1889 721 1968 sequitur
732 1889 766 1952 in
778 1889 918 1954 secunda
928 1889 1000 1954 libri
1013 1895 1105 1969 parte
1114 1887 1258 1953 collectio
1270 1883 1552 1952 Reformationum.

359 1989 544 2057 Collectioui
560 1991 633 2056 huie
648 1993 758 2058 addita
773 1999 847 2058 sunt
865 1991 1003 2058 nonnula
1018 1998 1169 2074 excerpta
1184 1993 1360 2058 litterarum
1383 1987 1552 2063 ducalium,

318 2093 588 2162 confirmationem
601 2103 791 2162 statutorum
804 2097 989 2178 spectantia,
1006 2101 1102 2178 atque
1115 2095 1310 2164 Catasticum
1320 2093 1399 2160 illud
1414 2092 1556 2160 omnium

314 2205 471 2267 terrarum
484 2207 543 2266 etc.
560 2201 644 2282 quod
660 2202 691 2264 10
709 2201 846 2268 editione
861 2207 971 2266 nostra
982 2201 1014 2265 in
1031 2197 1093 2267 1100
1109 2200 1368 2267 reformatiouum
1379 2197 1554 2280 posuimus.

358 2303 440 2370 Tota
463 2304 541 2372 haec
564 2305 666 2370 altera
687 2323 761 2388 pars
784 2305 920 2387 complet
947 2309 1006 2370 132
1038 2299 1180 2389 pug'inas,
1213 2323 1251 2369 ex
1273 2303 1387 2386 qurbus
1406 2304 1464 2368 119
1480 2306 1556 2368 tan·

314 2407 477 2474 tummodo
500 2410 638 2475 numeris
662 2416 737 2475 suut
758 2410 910 2493 signatae.
1188 2472 1193 2486 ,

359 2513 493 2578 Praeter
520 2513 602 2578 hanc
631 2512 719 2579 nulla
745 2514 808 2579 alia
837 2521 889 2579 est
919 2513 1006 2580 facta
1035 2515 1141 2580 editio.
1172 2514 1211 2579 In
1239 2513 1395 2580 nonnullis
1425 2511 1556 2595 quidem

318 2619 471 2700 exemplis
496 2637 596 2684 annus
620 2618 663 2683 M.
688 2618 945 2684 DCLlllllllllII
968 2619 1147 2701 adscriptus
1170 2619 1335 2699 invenitur,
1360 2619 1450 2702 quasi
1467 2623 1558 2683 esset

316 2741 417 2787 annus
441 2723 572 2788 alterius
595 2723 742 2790 editionis
765 2723 883 2804 iactae3
906 2725 1107 2806 perspicuum
1130 2731 1237 2790 tamen
1259 2731 1317 2807 est,
1341 2741 1504 2788 numerum
1522 2718 1557 2784 L

317 2827 479 2907 posterius
501 2827 612 2910 majori
636 2828 737 2909 spatio
760 2829 843 2893 inter·
874 2847 1021 2894 numeros
1044 2827 1069 2894 C
1092 2834 1125 2892 et
1147 2827 1177 2893 X
1200 2828 1341 2893 incusum
1372 2847 1459 2906 esse,
1488 2843 1555 2908 quo

317 2929 442 2996 facilius
464 2931 609 3014 exempla
630 2932 808 3013 antiquiora
831 2933 1003 2999 vestirent*

366 3052 425 3135 (ad
450 3051 470 3116 1
476 3051 528 3138 V.)
559 3053 650 3131 Quod
674 3054 809 3136 denique
836 3055 878 3120 ad
907 3055 1030 3122 litteras
1060 3056 1130 3120 illas
1153 3056 1283 3121 ducales
1305 3055 1446 3137 abasque
1469 3054 1556 3120 deci-

322 3158 441 3238 siones,
467 3159 630 3241 privilegia
660 3161 892 3226 communitatis
920 3181 957 3225 ac
987 3161 1202 3226 universitatis
1233 3160 1341 3242 populi
1372 3166 1404 3225 et
1432 3158 1558 3224 insulae

322 3263 483 3330 Ourzulae
507 3265 685 3342 attinentes,
710 3285 789 3346 qvias
813 3268 871 3330 sub
892 3286 935 3329 nr·¹
962 3265 1014 3330 lV.
1040 3267 1168 3331 editioni
1192 3264 1264 3331 lrriic
1279 3267 1406 3349 inserui,
1430 3265 1555 3341 attinet,

319 3371 430 3450 paucis
452 3377 574 3434 tautum
597 3371 767 3452 explicabo.
1350 3449 1352 3456 Ι

362 3473 401 3539 10
423 3473 619 3540 bibliotheca
642 3475 755 3542 nobilis
777 3477 881 3558 gentis
903 3477 942 3541 de
965 3475 1079 3542 Arneri
1101 3477 1273 3558 00000100,
1305 3477 1393 3542 00100
1419 3475 1559 3558 gentiles

320 3597 378 3662 per
390 3579 542 3644 nonnulla
557 3580 620 3644 iam
636 3580 764 3645 saecula
780 3579 962 3646 muneribus
982 3581 1025 3646 ibi
1041 3585 1136 3662 atque
1153 3581 1358 3664 dignitatibus
1374 3579 1558 3660 funguutur,

324 3683 464 3750 codicem
487 3686 734 3768 manuscriptum
758 3685 958 3752 chartaceum
980 3684 1101 3751 formae
1124 3687 1345 3766 quartanariae
1366 3684 1477 3763 inveni,
1501 3684 1558 3766 qui

322 3806 361 3854 ex
387 3792 446 3855 105
471 3787 554 3854 101110
577 3791 715 3855 numeris
738 3789 870 3872 signatis
893 3795 1019 3855 constat
1034 3795 1067 3855 et
1082 3790 1141 3855 hac
1162 3789 1365 3872 inscriptione
1387 3789 1558 3870 inscriptus

322 3899 388 3958 est:
415 3893 584 3980 ,Racculta
608 3894 639 3959 di
662 3895 776 3960 lettere
797 3895 918 3974 Ducali,
943 3895 1169 3976 terminaziuni
1192 3895 1251 3960 atti
1274 3892 1459 3976 esuliragij,
1482 3911 1558 3959 con-

321 3998 463 4064 cernenti
503 3999 591 4064 uarie
620 3999 842 4082 praerogatiua
872 4020 891 4067 e
919 3999 1075 4082 priuilegij
1107 3999 1192 4064 della
1223 4018 1312 4082 mag:
1347 3997 1558 4078 0000000111,

320 4121 379 4168 000
403 4122 467 4169 000
493 4103 754 4170 dell'vniuevsitt
777 4103 828 4170 del
849 4105 1008 4187 popoloe
1039 4104 1132 4169 villici
1161 4103 1326 4170 dell’isola
1355 4103 1387 4169 di
1413 4099 1566 4182 0000010,

320 4207 475 4272 trascritti
498 4208 636 4274 secondo
661 4208 682 4272 l’
696 4209 808 4276 ordine
836 4209 876 4274 de
899 4210 995 4292 tempi
1025 4209 1067 4276 da
1088 4227 1130 4274 un
1153 4207 1234 4276 libro
1257 4209 1361 4276 antico
1387 4207 1562 4276 essisteute

320 4311 353 4378 iu
376 4328 451 4376 casa
473 4309 587 4378 Arneri
612 4312 654 4378 da
675 4316 726 4379 me
748 4314 788 4378 D.
812 4313 961 4382 Giacomo
985 4311 1082 4380 0001ο
1105 4315 1218 4380 umeri
1240 4313 1354 4380 l‘auuo
1380 4313 1491 4381 1748.“

364 4409 607 4498 Autograpbum
629 4419 742 4498 ipsum,
767 4437 804 4484 ex
828 4435 889 4498 quo
913 4419 1003 4500 copia
1019 4419 1179 4500 exscripta
1194 4425 1252 4499 est,
1269 4435 1458 4501 quamquam
1474 4433 1561 4482 sum-

321 4537 404 4585 mam
427 4537 558 4602 operam
581 4521 663 4600 dedi,
686 4521 774 4587 nullo
797 4523 893 4589 modo
915 4523 1054 4590 invenire
1076 4523 1174 4606 potui.

355 4659 370 4692 *
389 4658 521 4714 Curzulae
540 4667 568 4714 et
585 4659 644 4729 ipsa
662 4658 717 4714 vidi
735 4659 790 4713 tale
800 4660 961 4730 exemplum.
981 4659 1020 4716 uf.
1039 4661 1120 4718 etiam
1138 4659 1382 4716 Valentiuelli
1400 4689 1433 4700 -
1450 4657 1560 4714 Biblio-

319 4727 406 4798 gralia
422 4727 494 4784 della
511 4727 653 4788 Dalmazia
670 4745 685 4784 e
704 4728 747 4783 del
766 4729 941 4798 Monteuegro
960 4761 992 4770 -—
1011 4747 1037 4800 p.
1056 4733 1115 4785 231.
