3398 5354
334 479 395 540 196

394 703 463 748 ΟΔΡ.
487 703 546 747 vn.
571 704 657 758 QUOD
680 705 802 748 mnus
825 705 928 749 rom
950 705 1064 750 bonnus
1088 706 1171 747 Am
1192 705 1310 747 POR'MS
1337 705 1499 748 OEUl'l'fflS.

371 820 455 886 Item
480 823 638 885 statutum
661 827 695 885 et
727 821 908 886 ordinatum
931 827 990 898 est,
1022 821 1107 902 quod
1138 820 1243 885 nullus
1274 825 1373 902 ponat
1395 819 1502 885 fimum
1522 819 1568 885 uel

329 924 454 1008 sordes,
488 941 593 1005 neque
624 925 827 1006 purgatorias
857 925 980 1006 aliquas
1012 931 1086 989 ante
1114 922 1198 990 iores
1223 942 1279 989 sen
1303 931 1416 1005 portas
1439 923 1567 989 ciuitatis

329 1025 463 1112 Spalati,
497 1027 555 1093 sed
587 1027 721 1108 quilibet
749 1029 837 1109 ipsas
868 1034 998 1110 portare
1022 1027 1138 1094 debeat
1159 1031 1249 1092 extra
1273 1045 1397 1092 murum
1422 1026 1511 1106 burgi
1531 1027 1568 1090 ad

328 1131 448 1211 riuum,
472 1129 515 1195 ad
538 1129 613 1196 litus
636 1129 743 1196 maris.
766 1129 812 1195 Et
826 1131 881 1212 qui
897 1127 1130 1206 contrafecerit,
1153 1128 1257 1195 soluat
1271 1130 1411 1194 bannum
1426 1128 1492 1192 xn²¹
1516 1129 1570 1194 sol-

330 1231 405 1317 dos,
429 1232 517 1300 cuius
540 1232 695 1300 medietas
718 1235 761 1298 sit
783 1233 957 1312 eommunis
979 1237 1014 1296 et
1036 1232 1098 1297 alia
1120 1233 1325 1298 accusatoris.

330 1495 398 1542 Μ.
420 1495 491 1539 vm.
515 1497 599 1552 QUOD
623 1497 754 1560 rudunt,
779 1497 841 1550 Qum
863 1497 1009 1541 UOOA‘PUB
1031 1496 1223 1554 cumeanus,
1247 1497 1311 1540 NON
1330 1495 1567 1539 laudunum

909 1583 995 1626 mio.

379 1697 461 1764 Item
491 1702 648 1764 statutum
678 1703 713 1764 et
742 1697 923 1764 ordinatum
953 1705 1012 1777 est,
1048 1700 1134 1779 quod
1165 1697 1273 1780 platea
1302 1703 1380 1764 ante
1402 1698 1567 1774 ecclesian,

335 1817 399 1883 que
422 1806 556 1868 uocatur
578 1799 754 1885 plaudatur,
782 1819 845 1868 non
867 1801 1107 1883 ingomberetur
1129 1799 1204 1868 fimo
1235 1801 1288 1866 uel
1318 1802 1476 1883 aliquibus
1504 1802 1567 1882 aliia

334 1903 496 1988 sordibus,
520 1908 554 1972 et
572 1904 627 1988 qui
647 1902 880 1982 contrafecerit,
904 1905 1009 1970 soluat
1024 1905 1164 1970 bannum
1181 1905 1218 1968 xl
1234 1904 1353 1984 soldos,
1377 1905 1465 1971 cuius
1480 1903 1568 1970 banni

337 2005 495 2074 medietas
518 2006 561 2072 sit
582 2008 757 2072 communis
780 2014 814 2073 et
836 2007 900 2072 alia
922 2008 1127 2074 accusatoris.
1150 2008 1195 2072 Et
1217 2007 1364 2074 similiter
1379 2008 1490 2090 platea,
1513 2025 1567 2088 que

337 2115 475 2176 uocatur
498 2110 679 2193 pistorium¹
702 2129 765 2177 non
787 2110 1024 2192 ingomberetur
1047 2111 1153 2191 aliquo
1176 2108 1250 2176 fimo
1273 2111 1326 2178 uel
1342 2112 1496 2190 sordibus,
1519 2110 1568 2174 ssd

334 2214 515 2282 mundetur.
547 2214 617 2279 Nec
646 2213 759 2296 anuis
790 2213 948 2294 adhereat
977 2231 1013 2278 se
1036 2233 1126 2279 muro
1151 2213 1242 2294 burgi
1266 2233 1326 2280 nec
1348 2214 1486 2280 ciuitatis
1506 2230 1567 2276 cnm

333 2317 441 2400 aliquo
475 2317 633 2384 hedificio.
678 2317 722 2382 Et
755 2318 809 2398 qui
842 2315 1073 2397 contrafecerit,
1115 2318 1221 2384 soluat
1259 2317 1401 2384 bannum
1440 2319 1566 2398 quinque

333 2419 489 2487 librarum
513 2426 546 2488 et
568 2419 749 2488 hedificium
773 2421 927 2486 diruatur.

436 2665 504 2712 01?-
526 2665 572 2710 lx.
596 2667 680 2720 QUOD
703 2667 824 2711 nunnus
848 2667 950 2709 Polffl
974 2667 1153 2711 Odmllffl
1176 2670 1234 2713 SUB
1256 2670 1343 2714 MUEO
1366 2671 1472 2714 BUBGI.

375 2781 457 2850 Item
490 2788 644 2849 statutum
678 2789 712 2850 et
735 2785 915 2849 ordinatum
946 2791 1004 2867 est,
1035 2785 1120 2867 quod
1144 2785 1250 2851 nullus
1270 2790 1437 2867 presumat
1457 2802 1564 2866 ponere

333 2887 516 2953 camardam
538 2888 627 2952 iuxta
648 2888 701 2952 uel
724 2889 782 2952 sub
807 2907 897 2953 rnuro
921 2888 1012 2971 burgi
1045 2895 1078 2954 et
1108 2890 1247 2956 ciuitatis
1278 2909 1297 2954 a
1328 2889 1471 2955 domibus
1502 2905 1564 2970 pre

334 2989 493 3056 dictorum
517 2990 550 3055 in
574 2991 707 3055 circuitu
730 3010 832 3072 usque
855 2992 895 3056 ad
919 3001 1043 3074 portam
1068 2994 1108 3058 de
1127 2993 1204 3072 rina,
1229 2993 1285 3059 sed
1301 2991 1400 3058 faciat
1421 2994 1463 3058 lbi
1478 2998 1563 3057 ortos.

334 3093 378 3159 Et
397 3093 452 3175 qui
467 3093 703 3175 contrafecerit,
721 3095 826 3160 soluat
841 3097 980 3161 bannum
997 3097 1035 3160 xl
1052 3097 1160 3162 soldos
1176 3103 1209 3162 et
1224 3094 1404 3162 hedificium
1425 3097 1563 3161 diruatur.

517 3341 586 3385 ΟΔΡ.
609 3342 642 3385 X.
665 3343 707 3385 DE
729 3343 905 3387 numeros
928 3343 1095 3389 stamnum
1117 3345 1153 3387 nt
1174 3345 1263 3389 MURO
1285 3345 1393 3390 BUBGI.

374 3455 456 3522 Item
481 3459 640 3522 statutum
664 3463 697 3523 et
720 3458 901 3524 ordinatum
923 3464 983 3538 est,
1007 3460 1092 3542 quod
1109 3467 1215 3526 rector
1229 3461 1282 3527 uel
1297 3461 1428 3546 iudices,
1451 3460 1502 3541 qui
1516 3475 1564 3541 pro

332 3565 476 3642 tempore
500 3557 630 3640 fuerint,
653 3559 773 3626 faciant
795 3560 883 3628 fieri’
906 3583 963 3629 suo
987 3569 1129 3646 tempore
1151 3563 1298 3630 hedificia
1314 3565 1345 3630 in
1362 3583 1452 3630 muro
1472 3563 1564 3644 burgi,

334 3661 403 3730 siue
419 3663 452 3729 in
469 3665 609 3742 ciuitate,
637 3665 690 3730 uel
713 3671 803 3731 extra
825 3667 989 3733 ciuitatem
1012 3674 1045 3734 et
1059 3667 1250 3750 ubicumque
1272 3678 1482 3750 opportunum
1504 3685 1566 3732 esse

333 3767 514 3848 uidebitur;
538 3787 608 3834 cum
633 3769 764 3837 consilio
787 3779 893 3838 tamen
913 3779 948 3838 et
964 3773 1128 3854 expensis⁸
1150 3773 1384 3839 communitatis
1408 3771 1565 3839 secundum

335 3873 582 3954 possibilitatem
607 3874 755 3940 ciuitatis.

488 4120 555 4163 OAP.
579 4121 623 4162 XI·
652 4123 694 4163 mr
717 4123 993 4166 raoomuoamue
1018 4125 1116 4167 SUPER
1138 4125 1264 4167 POR'I'UH
1286 4123 1424 4166 numum.

375 4233 455 4301 Item
491 4241 647 4300 statutum
679 4243 711 4302 ot
734 4238 914 4304 ordinatum
939 4245 998 4322 est,
1027 4241 1111 4322 quod
1141 4247 1295 4322 potestas,
1326 4241 1379 4304 uel
1403 4241 1500 4318 curia,
1522 4235 1567 4318 qni

285 4431 288 4437 Δ
332 4355 390 4418 pro
422 4341 566 4420 tempore
597 4338 703 4417 luerit,
735 4341 832 4408 faciat
862 4340 948 4407 fieri⁴
979 4351 1200 4424 procuratores
1232 4363 1328 4425 super
1360 4343 1446 4408 iacto
1469 4347 1567 4424 portus

330 4439 460 4506 nauium
490 4447 524 4507 et
553 4443 594 4509 ad
621 4447 832 4526 reparandum
857 4464 1033 4513 sauurnare
1057 4453 1091 4512 et
1112 4465 1238 4513 murum
1261 4452 1374 4528 portus
1396 4444 1567 4528 specialiter
1621 4487 1627 4508 .

335 4571 540 4584 *aum-mn·-

379 4629 470 4710 ²Ap.
494 4634 520 4692 L
523 4635 622 4710 jub:
648 4635 861 4711 ,pastorinm“.
932 4631 1078 4698 libid:
1103 4633 1250 4720 „faeere“.
1315 4635 1398 4721 ’,οἱ
1420 4635 1565 4714 expensisl

331 4717 416 4784 deest
444 4736 493 4795 ap.
517 4719 630 4798 Ljub.
686 4720 713 4755 '⁴
735 4723 844 4784 ibid:
876 4722 1026 4806 „faeere“.
