3376 5392
363 455 425 524 204

767 695 878 735 xnvru.
901 695 1022 738 orcoIslo
1046 693 1178 746 comlrls,

358 770 413 823 qua
430 754 567 823 statuitur,
587 755 657 824 quod
675 772 752 810 namo
771 756 899 812 ascendat
917 757 1044 811 barcham
1069 755 1241 824 piscatorum,
1260 754 1374 821 arripiat
1397 753 1485 823 pisces
1502 759 1527 806 ct
1546 753 1584 806 iu-

358 824 496 894 grcdiatur
514 826 654 890 cancellos,
674 827 731 878 siue
750 825 1212 964 Staniiirtissilligidgtuireiirsssamm
1231 825 1283 894 ipsi
1300 838 1355 876 non
1368 823 1487 878 cendant
1498 823 1586 892 pisces

400 999 545 1066 Mccccoec.
570 1001 631 1066 Dic
653 1003 697 1066 ai.
725 1001 873 1067 Octobris.

402 1105 590 1190 Magnificus
613 1114 646 1173 et
668 1125 841 1190 generosus
865 1107 1007 1172 dominus
1040 1107 1222 1172 Dominicus
1246 1104 1414 1186 Theupulo
1436 1121 1493 1184 pro
1516 1102 1585 1166 illu·

360 1210 513 1277 strissimo
536 1217 570 1276 et
592 1211 855 1278 excellentissimo
879 1211 981 1276 ducali
1004 1211 1143 1276 dominio
1160 1211 1366 1290 venetiarum
1382 1227 1487 1274 comes
1511 1205 1586 1271 Gur-

361 1315 452 1380 zulae
475 1315 684 1396 dignissimus,
709 1317 844 1382 existens
868 1317 926 1380 sub
948 1317 1033 1398 logia
1055 1317 1195 1381 marinae
1226 1335 1295 1381 cum
1319 1333 1377 1380 suo
1399 1313 1503 1378 iudice
1526 1331 1585 1377 ser.

358 1419 539 1502 Peregrino,
561 1426 594 1486 et
617 1420 863 1501 comparuissent
889 1439 993 1486 coram
1016 1439 1054 1486 eo
1078 1420 1220 1484 nonnulli
1243 1424 1306 1484 tam
1330 1419 1461 1498 nobiles,
1494 1435 1588 1497 quam

359 1524 538 1605 populares,
563 1533 800 1606 conquerentes,
825 1527 907 1606 quod
931 1526 1105 1607 piscatores
1128 1531 1193 1590 tam
1213 1525 1392 1606 indigenae,
1415 1540 1510 1604 quam
1532 1521 1587 1586 ad·

360 1647 471 1708 uenae,
495 1629 621 1710 quaudo
644 1631 775 1694 ueniunt
798 1631 838 1695 ad
869 1631 1031 1695 ciuitatem
1054 1649 1124 1694 cum
1148 1630 1285 1710 piscibus
1308 1635 1342 1693 et
1363 1625 1527 1709 applicant
1549 1625 1586 1691 od

318 1777 323 1789 .
357 1731 456 1814 littus
481 1733 572 1797 multi
595 1753 699 1798 emere
723 1734 866 1799 uolentes
889 1735 929 1798 de
959 1735 1051 1798 dictis
1084 1734 1221 1816 piscibus
1251 1739 1421 1814 antequam
1452 1733 1586 1812 piscator

358 1835 520 1902 descendit
543 1839 581 1904 dc
606 1838 734 1916 baritha,
765 1840 937 1902 ascendunt
959 1839 1018 1920 ipsi
1041 1839 1129 1919 prius
1161 1837 1274 1900 dictam
1299 1836 1451 1902 barcham
1474 1841 1508 1900 ct
1529 1837 1586 1900 eri-

359 1942 450 2022 piunt
472 1943 574 2024 pisces
598 1943 682 2008 dicto
699 1941 856 2023 piscatori,
882 1944 968 2016 uelit,
992 1943 1089 2022 nolit,
1112 1943 1200 2021 adeo,
1225 1943 1309 2022 quod
1333 1941 1505 2022 aliquando
1525 1941 1586 2021 pis

359 2052 445 2114 cator
468 2055 598 2130 propter
620 2047 852 2112 nmltitudinem
875 2049 905 2112 iu
935 2049 1003 2114 eius
1026 2047 1174 2112 brucham
1206 2047 1444 2112 ascendentium
1475 2046 1587 2110 auditit

358 2151 469 2232 pisces
495 2153 647 2231 nesciens,
672 2153 741 2232 quis
764 2153 895 2216 abstulit
917 2154 1037 2234 pisces,
1061 2161 1094 2218 et
1118 2153 1206 2216 multi
1226 2159 1394 2233 praeterea
1426 2157 1587 2216 remanent

356 2255 423 2320 sine
446 2257 593 2341 piscibus,
618 2259 669 2337 qui
694 2275 755 2320 non
779 2263 911 2337 possunt
932 2257 1061 2335 habero,
1085 2275 1143 2322 nec
1166 2275 1271 2322 emere
1295 2256 1361 2321 suis
1384 2256 1526 2336 pecumjs
1548 2257 1586 2320 dc

357 2360 448 2424 dictis
474 2363 618 2442 piscibus,
644 2362 728 2441 quod
751 2368 802 2426 est
824 2361 1034 2426 malefactum.

401 2465 500 2542 Quam
524 2467 652 2531 obrem
677 2465 785 2530 audita
808 2466 1037 2547 praedictorum
1062 2466 1202 2545 querela,
1226 2472 1259 2531 ct
1280 2465 1489 2530 consideratis
1515 2483 1586 2530 cou-

358 2571 542 2649 siderandis
568 2571 791 2637 determinanit
813 2590 850 2635 ac
872 2573 1083 2648 sententiauit,
1114 2571 1200 2650 quod
1231 2588 1333 2652 nemo,
1366 2569 1586 2650 cmuscumque

356 2675 543 2740 conditionis
567 2675 706 2740 existens
729 2674 855 2752 audeat,
879 2693 937 2739 nec
955 2681 1136 2756 praesumat
1152 2674 1300 2755 deinceps
1315 2675 1361 2739 ire
1377 2674 1513 2748 obuiam,
1530 2692 1585 2740 nec

312 2823 316 2834 ·
358 2781 528 2845 ascendere
551 2779 699 2847 barcham
723 2779 854 2844 alicuius
878 2780 1043 2860 piscatoris
1066 2780 1168 2860 pisces
1191 2779 1329 2843 uendere
1352 2779 1500 2855 uolentis,
1530 2796 1586 2842 uec

356 2891 487 2966 tangere
519 2885 619 2950 dictos
650 2885 753 2965 pisces
781 2885 847 2950 sine
877 2903 1026 2964 expressa
1055 2885 1129 2949 dicti
1159 2883 1324 2964 piscatoris
1355 2883 1499 2961 licentia,
1530 2882 1586 2948 sed

358 2995 532 3069 expectare,
554 2989 639 3070 quod
664 2990 811 3071 piscator,
834 2989 887 3069 qui
910 2989 1029 3053 uendet
1052 2989 1152 3053 dictos
1175 2989 1288 3069 pisces
1311 2987 1367 3053 det
1389 2989 1421 3052 in
1445 2987 1585 3052 manibus

356 3093 454 3173 ipsius
478 3111 582 3158 emere
605 3093 750 3172 uolantis,
774 3095 832 3160 sub
855 3112 958 3174 poena
988 3093 1097 3159 decem
1128 3093 1280 3158 librarum
1310 3092 1465 3174 exigenda
1495 3109 1586 3172 quam

356 3199 507 3278 primum,
530 3217 588 3263 nec
609 3199 711 3280 possit
733 3199 797 3263 ullo
820 3199 913 3264 modo
937 3199 1042 3279 aliqua
1065 3198 1134 3263 fieri
1157 3199 1261 3280 gratia
1291 3198 1331 3263 de
1361 3197 1446 3261 dicta
1475 3214 1584 3277 poena

398 3303 477 3367 Item
501 3303 582 3382 quod
607 3323 699 3369 nemo
722 3303 944 3385 cuiuscumque
968 3289 1155 3369 conditionis
1179 3303 1301 3382 existat,
1327 3301 1445 3367 audeat
1465 3301 1584 3382 ingredi

356 3407 519 3485 cancellos,
545 3410 613 3472 siue
637 3415 808 3490 stangatas,
833 3428 913 3490 quae
936 3415 1007 3472 sunt
1032 3408 1156 3489 positae
1172 3407 1255 3472 circa
1269 3406 1417 3488 lapidem,
1443 3406 1496 3470 ubi
1512 3423 1584 3469 uen-

356 3511 473 3575 duntur
495 3512 607 3592 pisces,
632 3513 687 3578 sed
710 3520 838 3578 nraneat
853 3519 941 3578 entra
956 3513 1014 3578 sub
1031 3513 1141 3578 eadem
1158 3531 1278 3593 poena,
1302 3529 1360 3576 nec
1376 3511 1480 3592 possit
1494 3513 1584 3576 etiam

355 3615 420 3680 ullo
443 3616 534 3680 modo
559 3617 728 3697 aliquado
752 3619 836 3682 dicta
857 3636 959 3699 poena
981 3616 1050 3682 fieri
1073 3617 1185 3698 gratia.

399 3721 578 3798 Praeterea,
603 3721 686 3803 quod
709 3723 812 3787 nullus
833 3723 971 3803 piscator
1001 3723 1126 3800 audeat,
1158 3739 1217 3786 nec
1245 3725 1429 3802 praesumat
1450 3719 1584 3786 uendere

354 3825 456 3907 pisces
479 3826 591 3890 mixtos
615 3844 684 3890 cum
707 3825 822 3904 herbis,
847 3846 902 3892 seu
924 3827 1027 3909 alliga,
1052 3827 1109 3891 sed
1125 3825 1258 3890 mundos
1275 3826 1342 3890 sine
1357 3824 1466 3905 aliqua
1479 3821 1581 3888 huius·

356 3930 440 3994 modi
463 3929 660 3995 immunditia
683 3931 741 3995 sub
765 3931 874 3996 eadem
898 3951 1008 4012 poena,
1033 3938 1068 3996 ut
1090 3950 1193 4012 supra.

398 4033 524 4099 Testes:
549 4053 609 4099 ser.
634 4034 782 4100 Nicoleus
806 4037 944 4112 Obradi;
969 4056 1027 4101 ser.
1052 4035 1196 4101 Andreas
1219 4032 1380 4111 Voletich3
1404 4053 1463 4098 ser.
1488 4031 1583 4098 Auto-

353 4141 424 4205 nius
439 4138 551 4222 Arrgeli
574 4146 607 4203 et
629 4141 719 4204 multi
740 4140 795 4222 'alij
820 4146 969 4226 astantes.

772 4321 858 4360 xurx.
883 4321 1003 4363 nno1s10
1027 4321 1160 4380 commis,

353 4398 409 4450 qua
427 4383 565 4446 statuitur,
584 4380 655 4448 quod
675 4381 791 4450 Ragusci
808 4383 1104 4505 patronicnauigliorum
1133 4381 1269 4450 accipiant
1292 4379 1345 4434 duo
1369 4381 1452 4436 tertia
1474 4379 1581 4434 marina·

724 4505 728 4510 .
796 4468 899 4506 riorum
941 4468 1132 4508 urzuensrum.

397 4555 458 4620 Da
479 4577 531 4622 av.
558 4555 698 4622 Octobris
721 4556 867 4624 Mccccac.

398 4661 584 4742 Magnificus
607 4667 639 4728 ct
660 4681 835 4746 generosus
858 4666 1002 4731 dominus
1025 4665 1208 4730 Dominicus
1231 4663 1397 4746 Theupulo
1427 4677 1482 4745 pro
1510 4661 1576 4726 illo·

356 4767 509 4834 strissimo
532 4773 565 4832 et
587 4767 847 4837 excellentissimo
871 4769 974 4835 ducali
998 4770 1135 4837 dominio
1158 4769 1362 4836 venetiarum
1388 4787 1490 4836 comes
1503 4765 1575 4832 Our-
