3376 5392
1306 21 1682 300 ’Ἥ

348 750 392 816 tal
414 751 568 818 beneficio
592 751 651 816 cha
672 770 734 818 non
757 749 768 814 i
790 751 947 832 1111111111,
971 751 1072 833 iqual
1088 771 1150 819 non
1176 751 1272 818 fanno
1289 751 1403 819 alcuna
1426 771 1588 838 graneam

347 875 405 938 per
427 863 540 938 questa
568 861 671 923 terra:
702 857 852 923 l'andara
874 857 906 922 la
928 863 1028 939 parte,
1059 857 1117 923 che
1149 857 1189 924 de
1219 864 1323 924 cetero
1349 857 1444 924 alcun
1468 864 1581 940 patron

347 962 387 1026 de
410 962 502 1044 galia,
526 980 604 1028 ouer
626 962 665 1028 de
687 981 778 1040 nane,
802 983 841 1029 ue
872 961 902 1026 d’
911 962 1003 1028 alcun
1026 963 1142 1029 nauilio
1169 981 1233 1028 non
1256 963 1370 1030 debbia
1390 982 1501 1029 menar
1525 982 1583 1044 per

347 1067 437 1132 alcun
460 1067 564 1151 modo,
587 1068 697 1145 forma
725 1087 804 1134 ouer
831 1068 975 1150 inaegnio
1004 1069 1116 1134 elcnno
1139 1085 1197 1150 per
1220 1069 1344 1134 scr-inan
1367 1069 1425 1136 che
1449 1068 1582 1134 nansia

346 1172 476 1237 cittadin
506 1173 631 1250 natiue,
669 1192 747 1239 ouer
775 1172 854 1239 fatto
886 1192 944 1255 per
973 1173 1157 1256 priuilegi03
1195 1179 1228 1238 et
1257 1174 1363 1240 chussi
1393 1173 1494 1238 anche
1527 1191 1585 1254 per

347 1277 560 1358 supraehargo
584 1283 666 1344 sotto
689 1295 771 1360 pena
801 1278 841 1344 de
869 1278 974 1344 ducati
1004 1278 1090 1344 mille
1121 1279 1194 1344 nelli
1219 1280 1267 1344 sui
1296 1279 1415 1360 proprij
1446 1279 1521 1343 beni
1543 1277 1585 1342 da

346 1399 436 1450 esser
459 1383 555 1447 scossi
568 1401 625 1464 per
646 1382 656 1446 i
679 1382 848 1464 prouedori
872 1383 912 1448 de
935 1401 1078 1448 commun
1102 1389 1135 1448 et
1157 1401 1246 1448 esser
1267 1382 1399 1465 priuado
1422 1400 1480 1464 per
1503 1383 1577 1446 anni

347 1485 438 1552 diere
460 1486 501 1551 da
524 1505 611 1552 esser
636 1493 750 1568 patron
773 1487 813 1552 de
835 1487 920 1570 galia
943 1493 976 1552 11
997 1487 1037 1552 (11
1060 1507 1142 1553 naue
1164 1507 1204 1554 ne
1226 1485 1325 1552 anche
1341 1485 1382 1552 de
1397 1486 1516 1552 nauilio
1532 1505 1582 1551 so·

347 1590 479 1676 praditti
507 1589 611 1656 dobba
644 1591 742 1656 ander
772 1610 841 1656 curn
865 1592 971 1657 sriuan
1006 1591 1057 1656 all'
1071 1590 1172 1658 officio
1204 1591 1279 1656 delli
1300 1591 1516 1672 prouedadori
1543 1591 1584 1656 de

347 1711 492 1760 commun
507 1701 540 1761 et
554 1695 653 1761 anche
677 1696 901 1780 sopracharghi
923 1701 957 1761 et
972 1697 1128 1763 debbiano
1151 1715 1262 1763 menar
1284 1696 1367 1762 cussi
1382 1696 1458 1779 ogni
1472 1696 1583 1774 uiazo;

346 1801 355 1864 i
379 1800 453 1880 qual
476 1819 538 1866 non
562 1801 656 1866 debis
671 1821 759 1867 esser
784 1801 925 1867 accetadi
948 1819 1006 1883 per
1027 1801 1038 1866 i
1062 1801 1133 1866 ditti
1148 1800 1361 1884 prouedadori
1377 1819 1413 1865 se
1428 1817 1492 1865 non
1509 1804 1582 1866 sert

346 1904 508 1984 cittadino‚
533 1923 610 1971 ouer
633 1925 689 1988 per
712 1905 876 1988 priuilegio
899 1904 997 1984 iatto;
1030 1903 1165 1971 lazando
1195 1905 1244 1972 far
1271 1905 1376 1987 quella
1397 1922 1501 1986 prona
1524 1904 1582 1969 che

347 2012 367 2072 1
389 2009 458 2074 1111
480 2015 595 2091 parera
617 2015 709 2092 poter
731 2029 817 2077 esser
839 2010 992 2089 scriuani,
1028 2029 1106 2076 ouer
1134 2010 1359 2094 sopracharghi
1387 2015 1475 2074 sotto
1497 2027 1581 2090 pena

351 535 413 603 164

346 2113 431 2178 (11111
445 2114 611 2196 'priuation
634 2114 707 2178 dell'
721 2113 823 2180 oificio
847 2119 880 2180 11
901 2132 1000 2197 pagar
1023 2113 1128 2180 ducati
1144 2133 1187 2180 cc.
1213 2134 1270 2196 per
1293 2115 1416 2180 cadaun
1431 2113 1473 2179 de
1487 2113 1579 2180 luoro

345 2217 403 2283 che
426 2219 622 2285 consentisse
638 2219 668 2284 11
685 2219 852 2297 contrario,
876 2219 907 2284 la
930 2219 1004 2299 qual
1024 2237 1107 2300 pena
1121 2220 1169 2284 sia
1184 2219 1418 2303 dell’auogaria
1437 2218 1479 2284 de
1495 2235 1579 2284 com·

344 2339 420 2387 mun
443 2329 476 2390 et
498 2341 533 2389 se
556 2341 652 2405 possa
673 2323 705 2389 la
726 2329 873 2405 presente
900 2329 992 2405 parte
1020 2342 1163 2404 reuocar,
1194 2343 1313 2390 senon
1336 2342 1394 2405 per
1419 2325 1470 2388 111
1494 2323 1576 2405 parti
1680 2321 1682 2416 1

344 2427 385 2494 (11
407 2433 520 2509 questo
543 2427 703 2511 conseglio
725 2427 925 2512 congregado
948 2430 989 2494 da
1011 2435 1103 2496 cento
1126 2448 1144 2494 e
1167 2429 1246 2494 uiuti
1268 2429 1300 2494 in
1322 2446 1409 2494 suso.
1681 2417 1682 2422 ’

725 2609 790 2650 xvr.
814 2609 948 2651 nrnnasa
970 2609 1103 2652 onosma
1125 2597 1199 2669 ω’,

344 2670 372 2724 in
391 2684 445 2738 qua
462 2669 495 2724 de
512 2669 633 2740 angarlja
651 2676 679 2725 et
696 2670 819 2726 custodia
829 2673 956 2810 1111111181
972 2671 1204 2812 Ktpgfiagumento
1217 2685 1271 2726 non
1283 2668 1460 2739 extrahendo,
1479 2669 1531 2724 nisi
1543 2667 1576 2724 de

387 2845 576 2913 Franciacua
598 2846 737 2930 Foscori,
761 2847 824 2912 Dei
843 2850 949 2931 pratia
972 2849 1039 2912 dac
1068 2847 1276 2912 Venetici-ium
1299 2855 1352 2912 etc.

386 2953 493 3020 Nobili
515 2961 548 3018 et
572 2955 706 3035 sapienti
731 2955 796 3019 viro
821 2953 928 3019 Marco
952 2953 1130 3018 Gradenico
1153 2954 1192 3018 (11
1216 2971 1273 3018 suo
1297 2953 1448 3018 mandato
1471 2952 1575 3017 comiti

344 3058 499 3125 Curzulae
523 3057 609 3124 fideli
631 3057 745 3124 dilecto
769 3058 903 3124 salutem
926 3065 959 3124 et
981 3057 1158 3124 dilectionis
1180 3057 1336 3123 allectum.

387 3163 600 3231 Intelleximus
623 3165 747 3230 litteras
770 3171 894 3231 uestras
917 3163 1009 3229 datas
1031 3165 1132 3246 primo
1155 3163 1262 3246 Martij
1286 3181 1387 3244 nuper
1398 3161 1572 3245 praeteriti.

343 3269 459 3350 quibus
483 3268 596 3350 dicitis,
624 3269 709 3350 quod
731 3287 845 3350 parere
867 3276 1009 3334 uestrum
1032 3256 1126 3346 esset,
1158 3269 1243 3350 quod
1265 3269 1306 3333 ad
1330 3287 1428 3350 opera
1451 3267 1575 3350 publica

341 3371 425 3439 illius
448 3373 585 3439 ciuitatis
608 3373 652 3438 illi
675 3391 793 3452 omncs,
818 3374 872 3454 qui
894 3379 964 3440 octo
987 3373 1053 3439 dies
1076 3373 1220 3455 deputati
1243 3379 1318 3440 sunt
1340 3373 1380 3438 ad
1401 3371 1573 3438 custodiam

342 3478 479 3544 ciuitatis
502 3477 668 3563 Corsulae,
692 3479 857 3544 attendant
881 3478 921 3543 ad
945 3495 1043 3560 opera
1065 3477 1267 3559 illapublica‚
1291 3497 1373 3560 quae
1391 3478 1477 3542 leuia
1492 3481 1572 3554 sunt

343 3583 417 3664 quia
440 3581 587 3648 facillime
612 3601 707 3666 agere
729 3587 865 3664 possunt
896 3589 930 3648 et
952 3603 1061 3648 sumus
1077 3579 1215 3650 contenti
1240 3590 1273 3649 et
1295 3583 1441 3648 uolumus
1464 3599 1572 3648 secuu-

342 3687 416 3752 dum
439 3687 601 3754 consilium
625 3695 657 3754 et
679 3707 792 3770 parere
819 3693 976 3766 uestrum,
1012 3689 1097 3769 quod
1120 3688 1161 3754 ad
1183 3707 1280 3770 opera
1301 3687 1355 3752 illa
1379 3686 1508 3768 publica
1528 3684 1572 3749 illi

342 3811 459 3871 omnes,
484 3794 536 3874 qui
560 3793 703 3875 deputati
728 3797 802 3858 sunt
824 3793 866 3858 ad
881 3792 1055 3858 custodiam
1072 3794 1219 3874 ciuitatis,
1243 3792 1438 3874 deputentur
1453 3798 1486 3858 et
1501 3809 1569 3856 con·

341 3898 522 3978 situantur,
546 3899 655 3980 sicque
680 3898 719 3964 (11
742 3899 939 3978 temporem
963 3903 1088 3980 tempus
1112 3898 1276 3964 obseruari
1299 3897 1454 3963 debeatis.

383 4001 432 4068 Ad
454 4002 572 4068 factum
595 4009 701 4069 autem
723 4002 871 4084 possendi
895 4003 1061 4069 extrahere
1083 4008 1116 4068 11
1137 4002 1255 4070 habere
1277 4003 1317 4068 de
1336 4003 1431 4068 terris
1458 4001 1569 4067 nostris

340 4105 446 4187 blada,
470 4107 611 4188 dicimus,
635 4107 719 4189 quod
741 4109 801 4189 ipsi
824 4107 1039 4172 communitati
1062 4107 1094 4172 in
1118 4108 1261 4174 omnibus
1288 4106 1486 4188 complacere
1507 4105 1570 4172 uel-

340 4211 450 4294 lenus,
474 4213 531 4278 sed
546 4217 678 4294 propter
692 4213 860 4276 niaximam
875 4213 1107 4291 necessitatem,
1132 4231 1227 4294 quam
1243 4213 1382 4295 patimur
1396 4211 1567 4288 bladorum,

339 4315 495 4395 nolumus,
524 4323 560 4380 ut
582 4317 622 4382 de
647 4317 740 4382 terris
768 4317 884 4383 nostris
913 4317 1081 4382 extrahant
1111 4319 1181 4399 ipsa
1207 4317 1365 4384 frumenta
1396 4317 1448 4382 uel
1470 4315 1567 4393 blada

339 4421 396 4487 sed
418 4421 606 4504 prouideant
628 4422 668 4487 de
690 4423 833 4504 partibus
855 4420 990 4503 Apudiae
1014 4421 1132 4488 habere
1155 4428 1190 4488 ut
1211 4421 1323 4490 melius
1345 4427 1505 4504 poterunt

361 4525 499 4592 'Datum
526 4528 558 4591 in
588 4531 696 4593 nostro
726 4527 830 4592 ducali
861 4527 979 4608 palatio
1009 4527 1062 4594 die
1092 4529 1144 4610 vij.
1176 4526 1303 4609 Aprilis,
1334 4527 1504 4594 indictione
1530 4527 1566 4590 ri.

338 4630 517 4714 Mocccrliij.

542 4735 721 4818 Atergo:

379 4839 482 4908 Nobili
505 4847 538 4906 et
560 4841 696 4924 sapienti
718 4841 784 4908 viro
808 4841 916 4908 Marco
938 4841 1116 4909 Gradenico
1139 4840 1245 4908 comiti
1269 4838 1437 4908 Curnulae.
