3422 5364
695 724 762 768 ΟΔΡ.
788 724 851 769 on.
874 726 916 768 DE
938 727 1046 770 rmus
1070 726 1095 769 Β.
1118 725 1246 770 nomo.

393 839 474 906 Item
498 845 627 922 captum
649 839 719 921 fuit,
744 841 828 922 quod
851 840 932 922 ferie
956 861 981 908 s.
1003 843 1141 925 Domni,
1164 841 1318 910 uidelicet
1341 842 1409 908 dies
1431 846 1496 908 tres
1517 845 1596 906 ante
1699 791 1701 876 ᾗ

351 941 470 1009 festum
493 949 527 1010 et
550 946 618 1012 dies
642 950 710 1011 tres
734 951 807 1028 post
829 945 944 1013 festum
969 948 1033 1014 sint
1062 949 1162 1028 libers
1187 951 1252 1012 turn
1275 945 1466 1025 forensibus,
1497 963 1594 1028 qnam
1699 969 1701 1024 j

350 1047 474 1138 ciuibus
505 1050 687 1129 mercando,
719 1051 866 1136 emendo,
897 1051 1064 1118 uendendo
1091 1051 1124 1116 in
1146 1069 1257 1135 grosso
1288 1056 1323 1118 et
1352 1051 1495 1118 minutim
1523 1051 1595 1117 sine
1699 1035 1701 1064 ¹

350 1151 457 1234 aliquo
479 1170 572 1235 pens.

785 1335 853 1380 ΟᾸΡ.
877 1336 952 1380 0111.
976 1337 1018 1378 DE
1039 1335 1156 1380 ΠΒΗΒ.

394 1450 443 1516 Ex
472 1451 555 1517 libro
586 1453 688 1519 ueteri
718 1451 977 1518 reformationum
1001 1452 1190 1534 Meoooxxiij.
1216 1452 1269 1518 die
1300 1452 1412 1519 ultimo
1443 1451 1518 1534 maij
1550 1451 1591 1516 od

353 1562 459 1621 sudas
473 1555 536 1620 xlv.
552 1557 627 1624 item
650 1559 849 1640 propositum
866 1555 928 1622 fuit
943 1557 983 1622 de
998 1556 1087 1640 ferijs
1109 1557 1346 1624 introducendis
1362 1575 1421 1638 pro
1435 1555 1594 1621 messibus

351 1678 371 1724 a
393 1660 525 1726 uiatoris
542 1711 549 1725 .
567 1711 574 1726 .
594 1711 600 1724 .
621 1709 629 1728 .
651 1661 836 1728 Ambrosius
859 1661 972 1742 Nicole
1003 1662 1169 1745 consuluit,
1201 1661 1276 1743 qnia
1306 1679 1405 1743 graue
1435 1665 1485 1726 est
1506 1659 1593 1725 omni

348 1781 432 1830 anno
455 1762 552 1830 ferias
575 1762 683 1830 iacere
698 1772 731 1832 et
746 1765 958 1844 introducere,
982 1766 1067 1848 quod
1083 1785 1122 1831 ex
1137 1772 1212 1832 tuno
1227 1763 1307 1831 fiant
1322 1763 1402 1846 ferie
1426 1763 1590 1847 perpetuis

349 1867 549 1950 temporibus
573 1869 725 1950 durature
749 1876 782 1936 et
805 1869 891 1952 quod
913 1869 999 1950 dicte
1022 1868 1102 1950 feris
1125 1887 1182 1952 pro
1206 1869 1364 1936 messibus
1385 1865 1466 1935 fiunt
1487 1873 1521 1934 et
1541 1867 1589 1932 in-

351 1973 560 2040 troducuntur
582 1973 761 2056 incipiendo
780 1992 908 2056 semper
924 1979 957 2038 et
973 1974 1058 2040 omni
1075 1991 1158 2040 snno
1182 1975 1234 2038 die
1258 1973 1494 2054 decimoquinto
1515 1971 1592 2054 iunij

348 2081 383 2143 et
405 2077 521 2143 durent
543 2096 601 2160 per
623 2083 725 2144 totum
748 2097 891 2144 mensem
913 2079 990 2160 iulij.
1013 2079 1076 2144 Pro
1099 2078 1269 2161 uindemijs
1292 2095 1369 2144 nero
1392 2075 1473 2142 finnt
1493 2083 1527 2142 et
1548 2077 1594 2140 in·

348 2179 568 2260 troduoantur‚
592 2181 772 2263 incipiendo
796 2182 848 2248 die
866 2181 1101 2264 decimaquinta
1122 2181 1260 2263 Augusti
1283 2181 1369 2248 omni
1391 2199 1475 2246 anno
1498 2181 1595 2246 etium

351 2283 497 2351 durando
520 2303 579 2366 per
594 2290 694 2351 toturn
719 2303 859 2353 mensem
883 2286 1084 2368 septembris.
1108 2285 1153 2351 Et
1167 2285 1228 2366 hec
1243 2304 1319 2368 pars
1340 2292 1437 2367 copto
1459 2290 1595 2366 ponatur

319 2391 379 2454 ·ot
400 2388 558 2456 habeatur
579 2407 637 2472 pro
661 2395 794 2457 statuto.
