3398 5354
335 385 396 445 202

331 591 365 650 et
387 585 539 666 singulos,
564 586 618 667 qui
642 586 777 653 fecerint
799 595 909 653 contra
932 591 1093 669 presentia
1116 588 1352 666 ordinamento;
1376 592 1412 652 et
1434 585 1562 666 quoties-

334 689 487 770 cumque1
511 690 686 771 culpabiles
707 693 867 756 inuenerit
888 693 921 756 in
943 693 1104 773 predictis,
1136 693 1248 773 punire
1279 701 1313 756 ct
1344 687 1565 756 conrlemnorc’

333 811 389 858 eos
412 793 529 859 debeat
543 795 576 858 in
592 794 684 874 penis
701 797 857 860 contentis
873 795 905 859 in
921 797 1124 878 presentibus
1140 797 1269 862 statutis
1284 802 1319 860 et
1334 793 1563 860 ordinameotis.

753 1024 819 1068 ΟΔΡ.
843 1024 946 1066 xxxn.
971 1025 1013 1066 DE
1034 1025 1152 1067 EODEM·

376 1139 457 1205 Item
481 1143 636 1204 statutum
660 1144 693 1204 et
709 1139 888 1205 ordinatum
905 1146 963 1220 est,
987 1140 1070 1221 quod
1088 1141 1229 1220 quilibet,
1253 1140 1308 1221 qui
1322 1139 1461 1218 soluerit,
1488 1137 1566 1219 quod

245 1299 248 1306 .
335 1243 448 1323 aliquis
471 1241 584 1308 fecerit
606 1248 717 1307 contro
739 1246 903 1324 presentie
926 1245 1153 1320 ordinamenta,
1178 1250 1326 1308 teneatur
1348 1242 1567 1309 incontinenti

335 1347 461 1410 uinculo
485 1346 673 1411 sacramenti
696 1346 782 1412 illum
806 1347 992 1412 denuntiare
1016 1347 1142 1412 domino
1166 1347 1317 1428 potestati
1340 1354 1374 1412 et
1395 1365 1451 1425 sue
1475 1347 1566 1424 curie.

337 1456 373 1511 ut
404 1455 549 1530 potestus
580 1449 703 1514 eteius
734 1452 821 1514 curie
850 1451 1001 1531 procedat
1024 1457 1134 1516 contro
1156 1451 1376 1532 delinquentes
1399 1449 1566 1516 secundum

335 1551 467 1618 formam
492 1553 911 1634 presentiumstotulorum.

749 1785 814 1830 GAP.
838 1787 954 1828 XXXIII.
978 1789 1020 1830 DE
1042 1788 1161 1829 EODEM.

377 1901 457 1966 sem
480 1905 635 1967 statutum
658 1908 692 1966 et
714 1902 893 1967 ordinatum
917 1909 975 1980 est,
1006 1903 1089 1984 quod
1112 1903 1217 1967 nullus
1240 1901 1377 1966 lorensis
1408 1905 1563 1981 presumat

335 2005 473 2070 uendere
496 2004 689 2070 frumentum
712 2005 763 2070 uel
788 2006 875 2071 aliud
898 2006 1025 2070 bladum
1048 2007 1081 2072 iu
1111 2006 1241 2070 ciuitate
1265 2004 1396 2085 Spoleti,
1430 2021 1486 2069 neo
1508 2003 1560 2064 oli-

335 2109 406 2188 quis
429 2107 468 2173 ab
493 2126 531 2172 eo
552 2127 659 2174 emere
675 2110 785 2189 possit,
810 2109 869 2174 nisi
885 2115 1007 2174 tontum
1033 2111 1064 2173 in
1088 2111 1196 2190 pluteo
1214 2108 1306 2174 antei
1327 2107 1471 2188 palatium
1493 2105 1561 2171 dicti

337 2211 529 2289 communis;
554 2217 588 2276 et
610 2211 653 2276 ibi
677 2212 835 2276 uendutur
858 2217 891 2278 et
913 2219 1114 2304 mensuretur
1136 2213 1176 2276 orl
1199 2229 1379 2277 mensurum
1399 2210 1561 2277 dicticom·
1668 2269 1670 2284 ³

336 2313 448 2378 munis.
474 2313 517 2378 Et
533 2315 585 2394 qui
605 2321 714 2379 contro
729 2313 850 2390 fecerit,
875 2315 990 2395 perdet
1007 2315 1135 2379 bladum
1152 2321 1185 2378 ct
1200 2315 1350 2380 deueniut
1364 2315 1395 2378 in
1411 2329 1561 2379 commune

338 2414 459 2497 Spoleti
485 2423 517 2482 et
532 2436 589 2500 pro
605 2417 748 2498 quolibet
763 2417 832 2516 uice
849 2417 954 2484 soluat
968 2418 1125 2482 communi
1141 2417 1284 2500 predicto
1308 2424 1430 2483 centum
1451 2415 1558 2482 soldos.

749 2669 815 2711 GAP.
840 2669 949 2710 XXXIV.
978 2669 1020 2710 DE
1041 2669 1157 2710 EODEM.

377 2779 457 2844 ltem
480 2787 634 2847 statutum
657 2789 690 2848 et
713 2783 892 2849 ordinatum
915 2789 972 2860 est,
997 2783 1081 2864 quod
1106 2783 1192 2848 nullo
1214 2800 1354 2863 persono
1375 2782 1469 2865 possit
1488 2799 1554 2860 por·

336 2891 405 2948 tere
427 2883 628 2967 frumentum,
653 2886 706 2952 uel
728 2887 858 2952 bladum
882 2887 921 2952 de
945 2887 1074 2952 ciuitate
1093 2885 1215 2968 Spoleti
1239 2886 1279 2951 ed
1295 2886 1389 2950 uillas
1404 2891 1436 2949 ot
1449 2885 1555 2949 insulas

338 2987 422 3068 dicte
447 2989 595 3066 ciuitatis,
629 3008 686 3056 nec
717 2990 757 3056 de
779 3009 843 3055 une
865 2990 943 3055 uillo
965 2990 1016 3055 uel
1039 2991 1143 3055 insule
1166 2991 1206 3056 ed
1237 2989 1331 3055 odom
1360 2989 1485 3054 insulam
1510 2984 1556 3051 uel

340 3091 459 3176 uillem,
477 3091 545 3158 sine
567 3092 696 3158 licentio
715 3100 748 3160 et
763 3093 852 3159 bollo
867 3094 985 3160 domini
1001 3094 1179 3175 potestatis.
1203 3093 1247 3158 Et
1262 3093 1315 3175 qui
1331 3089 1555 3163 contrafecerit

337 3196 513 3278 subijeceut
542 3196 634 3263 dictis
665 3198 772 3280 penis,
805 3217 843 3264 oc
874 3201 900 3262 si
930 3198 1123 3264 trumentum
1154 3197 1204 3264 uel
1234 3197 1362 3264 bladum
1393 3194 1557 3262 extraheret

335 3305 424 3364 extre
447 3299 605 3366 ciuitatem
629 3305 663 3367 et
686 3301 863 3366 districtum
886 3301 1023 3367 ciuitatis
1047 3301 1179 3382 Spoleti.

756 3532 823 3575 oss.
847 3533 947 3574 XXXV.
971 3533 1013 3573 DE
1035 3531 1152 3573 EODEM.

381 3645 461 3710 Item
491 3651 645 3711 statutum
669 3652 702 3713 et
724 3647 901 3713 ordinatum
924 3653 983 3729 est,
1008 3646 1092 3728 quod
1116 3647 1148 3710 in
1164 3645 1315 3727 predictis
1338 3643 1462 3710 casibus
1482 3647 1511 3708 et
1531 3643 1556 3703 in

341 3749 483 3828 quolibet
505 3749 720 3830 predictorum
744 3755 777 3814 et
791 3752 824 3814 in
840 3751 911 3833 alijs
927 3750 1177 3832 quibuscumque
1195 3747 1427 3831 pertinentibus
1441 3746 1479 3812 ed
1494 3763 1558 3826 pre·

335 3851 419 3916 dicto
430 3857 573 3934 potestas
585 3853 723 3919 ciuitatis
736 3853 857 3935 Spoleti
874 3856 990 3920 eteius
1007 3855 1094 3920 curie
1109 3854 1210 3934 possit
1225 3858 1336 3920 contre
1352 3851 1558 3932 delinquentes

334 3955 508 4038 procedere
538 3962 571 4022 et
591 3975 649 4039 ¹eos
671 3959 704 4022 io
734 3957 827 4022 dictis
851 3959 942 4040 penis
966 3958 1193 4024 condemnere⁴
1222 3956 1394 4022 summarie
1416 3956 1454 4020 de
1476 3955 1558 4036 plano

336 4060 403 4125 sine
426 4061 561 4142 strepitu
585 4065 619 4126 et
640 4059 743 4143 figura
759 4057 861 4142 iuditij
884 4067 916 4127 et
931 4068 1030 4128 testes
1046 4062 1171 4143 priuote
1187 4060 1330 4141 recipere
1346 4067 1381 4125 et
1396 4057 1560 4124 examinum

336 4169 368 4228 et
391 4181 449 4243 per
464 4164 589 4245 plenem
608 4171 640 4230 et
655 4163 860 4246 semiplenam
879 4165 1097 4245 probationem
1115 4170 1147 4228 et
1164 4183 1220 4244 per
1236 4163 1361 4241 indicia,
1386 4161 1561 4243 presumpti-

332 4285 410 4332 ooes
434 4272 467 4332 et
489 4266 607 4332 famem
631 4268 805 4349 procedere
828 4269 868 4332 ad
893 4267 1206 4333 condemnacionem⁶
1229 4267 1350 4347 absque
1366 4268 1450 4331 omni
1466 4265 1562 4332 ordino
1668 4345 1669 4364 χ

381 4457 472 4535 ¹Ap.
502 4461 632 4536 ujus:
667 4461 831 4535 „oliquos“.
945 4457 1065 4520 2Οοεὶ.
1096 4460 1202 4518 acad.
1232 4461 1274 4518 B:
1310 4453 1562 4534 „condempnant
1668 4481 1670 4548 l

339 4544 350 4580 ³
371 4545 428 4622 Ap.
453 4546 583 4622 ujus:
610 4547 782 4630 „ecclesiam
805 4563 828 4606 s.
853 4546 1003 4622 Laurentij
1029 4551 1058 4607 et
1080 4549 1178 4606 onte“.
1261 4544 1383 4606 *θοὰ
1408 4543 1511 4604 acad.
1529 4542 1562 4600 B:
1668 4563 1669 4568 ¹

335 4627 600 4716 ,condempnare“.
672 4630 815 4693 ⁶ibid.:
843 4627 1180 4708 „condempnationem“.
