3408 5354
345 452 405 513 roo
520 437 521 442 '

340 655 449 738 gazich
471 673 509 722 ex
531 655 593 722 alia
616 675 674 738 pro
704 657 860 724 solutione
890 656 1044 724 mercedis
1075 657 1210 737 illorum,
1236 659 1289 739 qui
1310 659 1504 724 netauerunt
1531 674 1582 723 ca·

341 760 424 825 ualia
447 759 620 827 seruientia
642 761 786 828 domibus
808 761 949 844 ipsorum
979 765 1014 828 et
1044 761 1114 844 alijs
1144 761 1325 842 conuicium,
1348 761 1583 842 decernunauit,

341 864 425 945 quod
439 864 514 930 dicti
529 865 736 946 laboratores,
755 867 808 948 qui
822 871 974 932 netaruut
989 866 1111 932 canalia
1126 866 1281 933 dictorum
1298 867 1472 954 domorum,
1487 867 1585 934 debe-

342 975 397 1034 ant
408 969 488 1034 solui
500 989 559 1051 por
571 970 655 1052 ipsos
667 989 724 1053 per
739 989 851 1054 passus
868 971 1031 1037 domorum
1047 977 1081 1036 et
1095 971 1343 1055 magnitudinem
1359 973 1511 1054 ipsorum,
1534 991 1585 1038 se

341 1073 457 1140 luendo
472 1092 580 1141 omnes
593 1094 650 1157 per
664 1077 778 1141 dictam
791 1077 1055 1142 mensurationem
1067 1094 1125 1157 pro
1137 1081 1207 1142 rata
1218 1076 1260 1156 id,
1274 1077 1360 1158 quod
1372 1077 1421 1143 eis
1432 1077 1586 1160 tangitur.

384 1177 512 1244 Testes:
537 1198 597 1246 ser.
621 1180 761 1246 Jacobus
785 1178 960 1261 Catheani,
984 1199 1045 1247 ser.
1068 1179 1207 1248 Jacobua
1230 1181 1353 1246 Marini.

382 1283 420 1348 In
441 1283 523 1350 libro
545 1285 773 1351 sententiarum
796 1285 943 1351 ciuilium.

685 1499 798 1541 xxxm.
822 1498 898 1542 raas
921 1499 955 1541 nr
977 1499 1108 1544 aoearrs
1131 1499 1240 1558 curo,

339 1595 393 1648 qua
410 1579 547 1649 statuitur,
567 1578 685 1648 quadiu
704 1580 780 1634 curia
798 1579 920 1634 Romana
938 1593 1016 1634 nemo
1040 1580 1127 1650 poerit
1145 1579 1188 1635 ius
1206 1584 1368 1651 patronatus
1390 1585 1448 1635 tam
1472 1595 1524 1650 per
1547 1593 1586 1644 aa,

750 1682 831 1734 quam
849 1682 898 1737 per
916 1666 1001 1722 alium
1019 1667 1173 1738 impetrare.

382 1788 568 1858 Moccctcoroc.
593 1789 655 1855 Dic
675 1792 754 1876 πῆ.
776 1793 889 1857 menas
912 1789 1099 1858 Decembris.
1123 1791 1164 1857 In
1188 1791 1326 1876 Ropatie.

384 1913 501 1980 Omnes
523 1914 610 1998 legas
640 1913 849 1994 mauditum
880 1913 1015 1995 diuinae,
1046 1933 1140 1997 quam
1163 1913 1300 1980 humane
1330 1913 1481 1997 clamant,
1514 1913 1587 1997 pias

340 2017 558 2086 defunctorum
588 2017 771 2084 uoluntates
800 2022 974 2086 seruandus
1007 2038 1079 2087 esse
1107 2019 1341 2105 inuiolabiliter,
1372 2023 1406 2086 et
1432 2019 1588 2101 quoniam

339 2129 500 2205 repertum
529 2131 579 2190 est
607 2123 778 2190 nouissimo
808 2130 952 2206 tempore
981 2125 1014 2190 in
1043 2125 1137 2192 terris
1167 2129 1201 2190 et
1228 2123 1306 2190 locis
1339 2125 1468 2208 nostris,
1496 2122 1588 2206 quod

336 2227 456 2292 nonulli
476 2227 621 2313 scientes,
645 2227 730 2310 quod
744 2246 802 2310 per
817 2229 1071 2295 testamentarius
1087 2227 1303 2295 ordinationes
1319 2229 1436 2294 ciuium
1452 2233 1486 2295 et
1502 2227 1583 2294 sub-

338 2329 475 2398 ditorum
507 2339 688 2399 nostrorum
718 2333 829 2400 relicta
861 2339 936 2399 sunt
966 2333 1073 2418 legato
1104 2339 1270 2418 perpetua,
1293 2333 1347 2400 uel
1377 2333 1419 2400 ad
1453 2339 1587 2416 tempus

335 2437 501 2520 eroganda
523 2437 563 2503 ad
584 2435 654 2520 pias
677 2455 798 2514 causas,
822 2443 917 2520 prout
938 2443 1013 2504 sunt
1045 2439 1196 2506 maritare
1225 2440 1361 2506 nouitias
1385 2444 1418 2506 et
1439 2437 1507 2504 alia
1525 2438 1587 2503 hu·

336 2540 473 2608 iusmodi
514 2543 586 2626 piae
626 2541 845 2625 eleemosynae
884 2560 981 2610 causa
1016 2543 1236 2613 distribuenda
1272 2545 1360 2610 iuxta
1397 2543 1588 2610 uoluntates

338 2645 558 2722 defunctorum
581 2666 639 2730 per
661 2647 892 2719 commissarios
921 2648 1084 2715 institutos
1110 2650 1143 2715 in
1170 2649 1370 2717 testamentis
1401 2667 1526 2728 eorum,
1552 2649 1586 2714 in

338 2768 472 2833 quorum
494 2750 556 2820 fide
577 2752 756 2819 huiusmodi
786 2753 1037 2835 dispensationes
1060 2753 1118 2820 sub
1140 2759 1238 2836 recto,
1261 2753 1313 2819 uel
1336 2753 1585 2820 discretionario

338 2857 449 2924 ordine
472 2857 620 2925 dimissae
641 2863 732 2938 sunt3
756 2857 892 2943 iuduunt,
916 2857 968 2923 uel
990 2858 1144 2925 miseruut
1165 2859 1205 2925 ad
1221 2859 1340 2925 cunam
1354 2857 1538 2924 Romanam
1554 2863 1589 2925 et
1697 2839 1699 2878 ⁸

341 2979 360 3026 a
392 2980 512 3029 summo
544 2959 697 3030 Pontifice
730 2961 984 3045 subreptionario
1014 2961 1107 3030 modo
1138 2963 1252 3031 breues
1284 2967 1498 3047 reportarunt
1524 2981 1589 3046 per
1697 2943 1699 2960 ¹

340 3083 420 3148 quos
443 3067 495 3134 uel
518 3066 624 3133 inuitis
648 3065 870 3150 commissarije
892 3067 970 3149 ipsis
992 3068 1123 3134 ueniunt
1145 3069 1304 3152 accepturi
1326 3075 1359 3135 et
1388 3067 1588 3151 participari
1697 3137 1699 3156 Ι

339 3170 379 3238 de
401 3171 514 3255 legatis
536 3172 614 3254 ipsis
637 3171 795 3238 interdum
818 3177 852 3238 et
875 3190 972 3254 supra
994 3173 1191 3240 uoluntatem
1214 3173 1449 3252 defunctorum
1474 3179 1510 3240 et
1534 3174 1591 3240 hic
1697 3165 1699 3182 ‘

337 3275 450 3342 modus
471 3293 535 3343 non
557 3277 598 3342 sit
620 3277 724 3359 aliquo
747 3277 842 3343 modo
864 3276 1066 3344 tolerandus:
1090 3283 1262 3360 propterea
1276 3278 1364 3344 uadit
1386 3295 1471 3360 pars,
1495 3279 1590 3360 quod
1697 3269 1699 3298 ¹

338 3379 502 3448 ordinetur
526 3389 558 3447 et
580 3387 739 3447 statuatur
760 3381 793 3446 in
815 3387 987 3468 posterum,
1011 3381 1096 3464 quod
1126 3399 1218 3450 nemo
1242 3383 1292 3464 sit
1322 3382 1471 3465 quiesse
1503 3383 1592 3449 uelit

339 3488 404 3548 tam
433 3485 518 3566 ciuis,
549 3504 642 3568 quam
674 3485 829 3566 subditus,
853 3485 979 3566 audeat,
1002 3487 1056 3553 uel
1088 3491 1272 3570 praesumat
1294 3487 1348 3569 ira,
1373 3492 1430 3553 aut
1451 3487 1591 3554 mittere
1697 3503 1699 3580 g

337 3589 369 3654 in
392 3589 567 3657 Romanam
590 3591 707 3658 curiam
737 3589 779 3656 ad
808 3591 1040 3674 impetrandum
1070 3597 1104 3658 et
1132 3591 1336 3659 obtinendum
1367 3591 1499 3673 directe,
1532 3591 1590 3660 uel

337 3693 489 3762 indirecte
519 3697 643 3777 breues,
675 3695 728 3762 uel
758 3696 977 3763 consessiones
1007 3695 1198 3777 huiusmodi,
1230 3703 1295 3762 tam
1324 3701 1393 3779 per'
1410 3716 1456 3774 se,
1487 3715 1591 3780 quam

337 3816 395 3880 per
417 3800 521 3885 alium,
545 3819 604 3866 uec
626 3801 770 3867 similiter
798 3820 855 3884 per
886 3801 979 3882 uiam,
1002 3801 1055 3867 uel
1082 3820 1141 3883 per
1170 3803 1309 3869 medium
1338 3801 1473 3870 alicuius
1505 3821 1590 3886 apo-

337 3905 440 3972 stolici
462 3905 568 3990 legati,
592 3905 644 3972 uel
668 3905 761 3972 aliter
783 3907 842 3972 sub
866 3923 969 3988 poena
990 3904 1207 3972 madefacere
1228 3906 1505 3990 praesumentibus
1528 3909 1591 3975 du·

336 4016 479 4076 catorum
503 4017 628 4078 centum
652 4011 721 4077 auri
745 4017 779 4076 et
801 4009 934 4078 ulterius
956 4011 1054 4079 banni
1076 4031 1134 4094 per
1156 4011 1342 4079 decennium
1372 4010 1413 4077 de
1434 4010 1590 4093 Venetija
1654 4005 1658 4010 ’

336 4119 371 4180 et
392 4115 546 4197 districtu,
569 4117 620 4184 uel
647 4117 687 4183 do
719 4115 782 4182 illis
806 4117 997 4196 ciuitatibus,
1020 4135 1162 4198 quorum,
1186 4118 1238 4183 uel
1267 4135 1401 4201 quorum
1423 4115 1479 4184 ille
1510 4117 1593 4184 talis

340 4219 515 4304 impetrans
538 4229 626 4288 esset
648 4221 734 4304 ciuis,
767 4221 818 4289 uel
841 4221 1011 4288 habitator.
1035 4222 1079 4287 Et
1094 4224 1309 4291 committatur
1329 4220 1473 4288 executio
1489 4239 1591 4304 prae·

337 4328 434 4394 sentis
458 4327 558 4394 nostri
586 4327 705 4394 ordinis
736 4327 980 4394 aduocatoribus
1012 4327 1111 4394 nostri
1141 4328 1312 4394 communis
1342 4333 1376 4393 et
1404 4327 1592 4426 rectoribus

337 4433 480 4499 omnibus
503 4433 542 4500 de
565 4439 662 4512 extra,
688 4431 741 4515 qui
765 4436 936 4499 teneantur
958 4437 991 4498 et
1013 4431 1152 4499 debeant
1174 4451 1244 4499 eum
1266 4433 1400 4516 primurn
1422 4432 1592 4513 praediotl

284 4555 292 4578 ·
336 4537 584 4605 contrafactores
608 4538 649 4604 ad
672 4557 781 4604 eorum
812 4539 957 4606 notitiam
986 4537 1199 4620 perueneriut,
1224 4538 1328 4605 subito
1357 4537 1590 4619 impetratores

335 4642 445 4708 talium
466 4643 611 4709 breuium
634 4643 718 4710 ultra
746 4645 941 4712 exactionem
973 4659 1095 4726 poenae
1125 4642 1336 4724 pecuniariae,
1360 4641 1400 4708 de
1431 4660 1496 4724 qua
1528 4642 1591 4710 ha·

335 4748 433 4815 beant
454 4753 587 4832 partem,
607 4753 643 4814 ut
665 4748 706 4814 de
721 4749 793 4832 aiijs
814 4748 907 4834 cificij
924 4765 1034 4818 eorum
1047 4752 1082 4815 et
1096 4749 1311 4816 executionem
1328 4747 1424 4831 exiiij,
1447 4749 1592 4816 retineri
