3416 5350
350 417 391 480 78

344 621 415 688 siue
437 619 497 702 ipsi
520 625 620 686 testes
642 619 706 686 sint
729 618 832 703 rogati
856 619 925 685 siue
948 638 1010 685 non
1030 619 1094 686 sint
1108 617 1228 702 rogati3
1251 638 1315 686 non
1331 623 1439 686 tamen
1453 622 1600 704 propter

345 723 408 788 hoc
434 723 565 791 uitiatur
584 728 826 802 testamentum,
855 721 1050 789 codicillum¹
1074 723 1126 791 uel
1145 723 1208 790 alia
1233 723 1379 806 quelibet
1401 723 1516 790 ultima
1541 742 1602 790 no

347 825 463 892 lunms.

711 1056 778 1101 nan.
803 1057 882 1098 xxm.
914 1058 956 1100 nn
978 1034 1227 1102 constamus&

393 1172 473 1238 item
495 1175 652 1237 statutum
676 1177 709 1238 at
731 1171 910 1238 ordinatum
933 1177 992 1244 est,
1017 1173 1102 1254 quod
1124 1179 1308 1240 executores
1328 1178 1363 1239 et
1380 1173 1594 1254 commissarij

352 1276 462 1356 scripti
474 1275 517 1339 -in
539 1279 744 1350 testamento,
767 1273 928 1349 codicillo,
959 1275 1011 1341 uel
1041 1275 1182 1356 qualibet
1204 1275 1268 1342 alia
1290 1271 1403 1340 ultima
1425 1275 1596 1342 uoluntate

350 1379 484 1444 alicuius
512 1377 654 1443 defuncti
684 1377 916 1460 compelluntur
946 1397 1004 1460 per
1034 1385 1189 1446 rectorem
1224 1385 1259 1444 et
1279 1377 1429 1446 offitiales
1452 1377 1597 1445 ciuitatis

350 1480 473 1562 Spalati
497 1481 628 1548 realiter
651 1487 683 1548 et
704 1481 916 1564 personaliter
938 1482 979 1548 ad
1003 1483 1211 1550 exercendum
1236 1488 1269 1549 et
1284 1483 1506 1565 exequendum
1525 1481 1596 1549 offi-

346 1586 424 1650 tium
440 1585 655 1666 commissarie
671 1584 712 1650 ad
728 1585 813 1667 quod
835 1591 909 1651 sunt
930 1585 1070 1652 ordinati
1086 1605 1106 1651 a
1120 1585 1279 1653 defuncto.
1309 1587 1353 1652 Et
1367 1593 1441 1670 post
1456 1594 1593 1653 mortam

349 1688 530 1755 testatoris⁸
551 1706 637 1771 pena
659 1695 691 1754 et
713 1689 818 1754 banno
840 1689 1028 1756 xlibrarum
1043 1707 1101 1772 pro
1123 1689 1265 1770 quolibet
1280 1709 1389 1756 eorum
1405 1690 1595 1757 tenemtur‘

346 1790 431 1858 infra
453 1792 563 1858 decem
587 1792 655 1857 dies
676 1799 750 1873 post
773 1799 908 1858 mortam
930 1794 1095 1860 testatoris
1119 1799 1153 1859 et
1175 1801 1345 1876 postquam
1368 1796 1535 1872 sciuerint,
1559 1811 1596 1858 se

350 1915 421 1962 esse
444 1893 547 1962 factos
570 1901 603 1960 et
625 1894 787 1962 ordinatos
811 1895 1036 1976 commissales,
1069 1895 1175 1962 facere
1197 1897 1411 1962 inuentarium
1434 1897 1594 1963 debonis

351 1998 500 2078 defuncti,
523 1999 556 2063 in
575 2015 638 2081 quo
661 1999 839 2065 inuentario
862 2005 1032 2065 teneantur
1054 1999 1161 2067 facere
1183 2001 1278 2067 scribi
1294 2001 1400 2068 omnia
1415 2007 1450 2067 et
1466 1999 1594 2082 singula

350 2104 434 2170 bona
455 2101 584 2167 mobilia
605 2108 638 2168 et
660 2102 788 2169 stabilia
809 2102 997 2170 hereditatis
1017 2104 1102 2170 bona
1123 2103 1194 2184 fide,
1218 2105 1286 2170 sine
1309 2103 1430 2182 fraude,
1455 2111 1491 2170 et
1512 2120 1591 2184 qne

350 2224 484 2288 cumque
505 2206 710 2288 peruenerint
731 2207 773 2272 ad
794 2225 906 2272 manus
928 2206 1070 2288 ipsorum
1092 2207 1132 2274 do
1155 2208 1246 2274 bonis
1270 2207 1346 2273 dicti
1370 2207 1526 2281 defuncti,
1550 2205 1591 2272 ad
1695 2293 1696 2303 ἵ

351 2309 429 2394 hoc,
461 2313 498 2373 ut
526 2309 596 2390 ipsa
628 2309 714 2374 bona
746 2309 885 2376 defuncti
908 2329 972 2377 non
995 2309 1119 2393 possint
1142 2311 1290 2394 dissipari
1312 2330 1418 2394 neque
1440 2310 1595 2388 barabam,

348 2431 407 2479 nec
428 2411 586 2478 abscondi.
610 2411 654 2476 Et
676 2413 703 2478 si
725 2413 787 2494 ipsi
810 2414 1018 2496 commissarij
1050 2419 1084 2480 et
1115 2421 1302 2481 executores
1325 2419 1592 2480 testamentorum

348 2521 383 2583 et
404 2516 538 2581 aliarum
560 2515 744 2580 ultimarum
764 2517 967 2582 uoluntatum
990 2517 1110 2583 uellent
1125 2518 1268 2584 uendere
1283 2518 1432 2585 debonis
1448 2515 1592 2583 debnncti

348 2637 406 2702 pro
430 2616 645 2686 satisfactione
668 2620 851 2686 tastamenti
873 2621 926 2688 uel
949 2621 1081 2686 alicuius
1103 2621 1216 2702 ultime
1240 2621 1413 2687 uoluntatis
1437 2619 1592 2699 defuncti,

349 2723 377 2790 si
401 2721 482 2787 tales
505 2739 566 2802 res,
589 2739 652 2802 que
675 2722 866 2804 uenduntur,
890 2723 1000 2789 ualent
1028 2743 1048 2788 a
1078 2731 1202 2790 centum
1234 2724 1333 2791 soldis
1356 2743 1472 2806 supra,
1504 2729 1593 2788 tono-

350 2831 445 2891 antur
468 2825 674 2907 commissarfj
698 2825 780 2892 tales
801 2845 854 2892 res
870 2826 974 2894 facere
989 2827 1114 2893 bandini
1138 2847 1194 2894 seu
1210 2828 1370 2894 subacturi
1385 2833 1420 2894 et
1433 2825 1593 2892 incantari

351 2948 410 3012 per
433 2929 577 2994 diuersos
600 2929 666 2996 dies
688 2929 814 3010 publica
837 2935 871 2996 et
892 2930 998 3012 palam
1016 2949 1074 3012 per
1089 2931 1240 2996 riuariunr
1259 2931 1442 3015 communis,
1466 2928 1591 3012 utplus

350 3031 496 3100 offerenti
519 3031 635 3098 dentur
657 3038 691 3099 ct
712 3033 910 3112 neudautur;
933 3037 968 3100 et
993 3034 1034 3100 de
1057 3034 1128 3116 ipsa
1147 3034 1331 3101 uenditione
1353 3039 1486 3115 rogetur
1500 3037 1591 3098 nota·

348 3137 414 3202 rius
437 3136 479 3202 ad
501 3153 654 3217 expensas
675 3135 832 3202 bonorum
855 3134 1006 3202 defuncti.
1697 3133 1698 3138 ’

391 3239 436 3305 Et
466 3244 587 3322 rector,
619 3238 673 3320 qui
704 3257 762 3321 pro
792 3243 936 3320 tempore
958 3239 1073 3325 fuerit,
1102 3239 1198 3306 faciat
1219 3237 1382 3321 prouideri
1404 3237 1483 3320 ipsis
1506 3255 1590 3304 com·

349 3341 550 3410 missalibus⁶
579 3341 620 3408 de
649 3341 741 3408 bonis
764 3341 904 3410 emuncti
926 3359 984 3424 pro
1006 3343 1153 3410 mercede
1176 3343 1226 3408 sui
1247 3342 1375 3425 laboris,
1410 3347 1508 3424 prout
1529 3341 1589 3423 ipsi

349 3446 465 3512 rectori
494 3450 528 3511 et
556 3446 644 3526 curie
674 3445 750 3511 dicti
780 3446 955 3512 communis
986 3446 1145 3512 uidebitur
1175 3445 1363 3529 conuenire,
1393 3446 1422 3512 si
1455 3462 1514 3528 per
1536 3445 1589 3511 de·

350 3547 494 3615 functum
516 3547 557 3617 de
579 3567 637 3616 sno
660 3549 771 3616 labore
793 3549 840 3616 eis
862 3550 1025 3632 prouisum
1046 3569 1110 3618 non
1132 3548 1238 3616 fuerit.

775 3777 843 3824 ΟΔΡ.
866 3779 959 3822 xxm.
981 3779 1024 3823 ms
1045 3779 1162 3824 EODffl.

393 3895 474 3962 Item
503 3899 658 3962 statutum
688 3901 721 3963 et
743 3897 922 3963 ordinatum
938 3901 1010 3988 est,
1036 3895 1123 3978 quod
1146 3895 1173 3962 si
1196 3896 1267 3977 quis
1290 3892 1469 3961 condiderit
1491 3897 1588 3960 testa-

350 4003 493 4066 mentum
515 3999 556 4064 da
578 4001 644 4065 suis
665 3999 758 4065 bonis
781 3999 1028 4080 distribuendis,
1059 4005 1094 4066 et
1116 3999 1148 4064 in
1170 3999 1241 4081 ipso
1263 4001 1457 4064 testamento
1480 3996 1590 4062 fecerit

349 4101 581 4169 commissarios
604 4102 646 4168 sd
669 4101 922 4169 distribuendum
944 4109 979 4168 et
1010 4102 1266 4170 satisfaciendum
1299 4099 1415 4184 legata,
1440 4105 1588 4166 contentu

355 4205 474 4286 inipso
493 4205 703 4276 instrumento
715 4206 784 4273 ucl⁰
798 4206 911 4272 ultima
927 4206 1101 4291 uoluntate,
1117 4206 1193 4272 dicti
1204 4204 1407 4286 commissarij
1423 4208 1589 4272 teneantur

398 4397 496 4475 ²Ap.
519 4400 628 4475 Ljnb.
652 4402 681 4458 ct
702 4398 732 4458 in
755 4398 835 4458 cod.
859 4398 966 4458 acad.
989 4396 1033 4458 A:
1060 4395 1261 4472 „codicillns“.
1339 4393 1461 4457 ’eod
1487 4396 1589 4458 acad

349 4485 391 4548 B:
418 4486 675 4564 „comessalibus‚“
700 4502 748 4560 ap.
772 4484 800 4544 L
803 4483 899 4561 jub:
926 4485 990 4561 „Do
1012 4485 1128 4545 comiss.
1155 4483 1418 4558 executoribnsque
1433 4486 1590 4543 testamen·

348 4571 475 4631 torum“.
557 4567 655 4648 8ΑΙ).
686 4568 816 4647 ujus:
850 4569 1030 4648 „defonoti“.
1111 4567 1245 4630 ‘Deest
1274 4569 1369 4630 ibid.
1451 4565 1591 4631 ‘ibida

352 4657 613 4734 „commissarijs“.
684 4654 805 4720 ‘cod
828 4656 934 4718 acad.
958 4655 1003 4716 A:
1030 4653 1108 4732 ¹,at“.
