3398 5354
276 465 338 526 164

272 666 426 732 librarum
454 683 511 746 pro
544 663 685 746 qualibet
714 661 801 740 uice;
834 661 924 728 saluo
946 665 978 724 in
1000 659 1084 726 festo
1115 659 1217 726 sancti
1239 657 1395 740 Domnij¹,
1420 659 1518 739 prout

273 788 371 854 supra
393 771 426 833 in
449 769 511 834 alio
534 765 672 848 capitulo
699 764 890 831 continetur.

317 875 360 939 Et
383 874 411 939 si
434 872 505 954 quis
529 867 758 952 receptauerit²
788 868 924 949 aliquem
956 867 1162 932 exbaunitum
1192 865 1367 931 communis
1391 862 1519 945 Spelati

273 979 326 1044 uel
349 976 577 1044 contumaciter
600 971 862 1038 condemnatum³
883 973 914 1036 in
927 970 1025 1038 ¹domo
1048 991 1109 1036 sua
1131 971 1262 1053 propria
1276 969 1331 1034 uel
1349 967 1519 1045 conducta,

272 1081 325 1148 uel
348 1083 380 1146 in
403 1099 467 1162 qua
489 1078 560 1161 quis
582 1076 802 1156 habitauerit⁴,
835 1077 889 1158 qui
912 1078 955 1140 sit
982 1077 1181 1153 exbannitus,
1213 1073 1265 1140 uel
1288 1073 1520 1139 contumaciter

273 1183 520 1250 condemnatus⁶
543 1182 618 1248 dicti
649 1181 838 1246 communis:
870 1198 889 1244 a
919 1198 995 1244 xxv
1017 1179 1125 1245 libris⁶
1147 1177 1260 1243 dandis
1283 1183 1317 1243 et
1339 1176 1519 1244 soluendie⁷

273 1290 430 1355 communi
453 1287 577 1369 Spalati
609 1283 934 1351 irremissionabiliter
964 1281 1209 1350 condemnetur⁸
1231 1285 1264 1348 et
1286 1300 1307 1346 a
1328 1299 1405 1346 xxv
1428 1279 1519 1347 libris

272 1392 355 1458 infra
377 1393 410 1456 in
432 1391 570 1473 quinque
601 1390 691 1455 libris
723 1388 837 1454 dandis
860 1392 894 1454 et
917 1388 1079 1452 soluendis
1110 1389 1268 1454 communi
1291 1387 1416 1470 Spalati
1437 1387 1519 1452 irra-

272 1495 529 1562 missionabiliter
553 1492 806 1560 condemnetur⁹.

315 1599 359 1664 Et
376 1598 489 1681 siquis
512 1596 681 1664 offenderit
703 1598 839 1680 aliquem
863 1597 1068 1662 exbannitum
1087 1597 1163 1662 dicti
1181 1597 1366 1676 communis,
1390 1595 1444 1676 qui
1467 1599 1519 1661 est

273 1704 475 1782 exbannitus‚
499 1702 551 1768 uel
575 1702 838 1768 condemnatus¹⁰
853 1701 1082 1768 contumaciter
1104 1703 1189 1767 ultre
1210 1703 1423 1783 quantitatem
1444 1716 1522 1763 xxv

270 1808 434 1887 librarum,
458 1807 545 1872 nullo
568 1807 661 1872 modo
684 1807 843 1888 puniatur,
870 1805 1038 1871 dummodo
1061 1825 1101 1872 ex
1123 1805 1180 1871 tali
1202 1807 1408 1887 percussione
1430 1821 1518 1868 mors

272 1930 336 1978 non
348 1911 445 1978 luerit
454 1911 640 1989 subsecute3
657 1909 786 1991 quum²1
799 1929 837 1975 ex
848 1910 1039 1975 auctoritate
1054 1910 1215 1992 presentis
1230 1911 1342 1975 statuti
1358 1909 1519 1991 uolumus,

276 2016 362 2097 quod
393 2015 475 2082 tales
505 2014 667 2080 exbanniti
696 2014 820 2095 possint
851 2013 980 2094 impune
1009 2013 1133 2095 percuti
1156 2021 1189 2079 et
1212 2012 1339 2094 offendi,
1371 2013 1520 2079 sednon

271 2119 383 2186 occidi.
415 2119 459 2184 Et
489 2119 609 2198 siquis
641 2117 763 2198 ceperit
795 2116 934 2197 aliquem
967 2117 1172 2184 exbannitum
1202 2118 1254 2183 uel
1284 2115 1518 2182 contumaciter

270 2221 546 2290 condemnatum¹⁹
563 2220 736 2286 communis
753 2217 885 2300 Spoleti,
909 2221 1041 2302 quinon
1058 2219 1147 2287 dedit
1165 2221 1287 2302 aliquos
1310 2220 1519 2288 fideiussores

270 2345 330 2409 pro
364 2324 659 2392 condemnatione¹³
682 2323 835 2389 Soluenda
857 2329 891 2390 et
912 2325 1018 2406 ipsum
1052 2324 1258 2390 erbannitum
1291 2344 1364 2391 cum
1398 2323 1519 2393 effectu

271 2431 398 2498 duxerit
420 2435 455 2497 et
476 2432 712 2513 presenteuerit
731 2446 802 2494 cum
825 2427 973 2495 ellectu¹⁴
995 2429 1028 2494 in
1051 2428 1181 2496 forciam
1204 2430 1322 2496 domini
1344 2430 1519 2512 potestatis

268 2540 302 2602 et
324 2534 498 2601 communis
521 2533 660 2616 Spoleti:
696 2534 814 2599 debeat
844 2533 964 2598 habere
993 2552 1013 2598 a
1045 2535 1202 2600 communi
1223 2533 1347 2617 Spalati
1377 2535 1520 2616 quinque

273 2640 383 2707 soldos
413 2657 472 2722 pro
504 2637 648 2720 qualibet
677 2637 759 2704 libra
787 2637 873 2704 illins
902 2637 1101 2723 quantitatis,
1133 2639 1166 2704 in
1189 2657 1252 2720 qua
1274 2639 1380 2705 dictus
1402 2644 1520 2720 captus

269 2743 460 2810 exbannitus
484 2747 581 2826 esset,
603 2741 655 2808 uel
670 2743 897 2808 contumaciter
920 2741 1179 2809 condemnatus¹⁵
1194 2749 1296 2823 esset;
1320 2749 1429 2810 tamen
1444 2760 1520 2824 per·

267 2847 421 2915 sonaliter
444 2852 477 2913 et
499 2865 563 2912 non
586 2847 618 2911 in
641 2848 777 2929 pecunia
799 2847 1069 2912 condemnatura
1105 2847 1195 2912 Tunc
1218 2849 1244 2912 si
1268 2848 1342 2913 talis
1366 2847 1517 2914 condem·

272 2951 399 3018 natus¹⁷
423 2951 476 3018 uel
499 2951 689 3018 exbannitus
714 2951 846 3017 deberet
868 2953 1047 3018 ammittere
1070 2970 1249 3034 personam,
1274 2951 1338 3030 ille,
1363 2951 1419 3033 qui
1441 2969 1519 3016 eum

269 3058 399 3140 ceperit,
431 3055 551 3122 habeat
575 3063 609 3121 et
630 3055 750 3122 habere
780 3056 938 3122 debeata
961 3057 1116 3122 communi
1140 3055 1262 3136 Spalati
1285 3056 1521 3138 quinquaginta

267 3159 421 3240 libras¹⁸3
456 3161 482 3227 si
512 3179 589 3226 uero
623 3179 686 3226 nou
717 3159 883 3226 deberet¹⁰
913 3161 1049 3244 perdere
1082 3179 1261 3246 personam,
1297 3161 1356 3226 sed
1387 3157 1521 3240 aliquod

269 3265 454 3346 membrum,
479 3263 542 3344 ille,
568 3263 620 3345 qui
645 3283 717 3329 eum
740 3266 861 3348 ceperit
884 3271 917 3331 et
939 3265 1175 3348 presentauerit
1197 3264 1305 3332 eum²⁰
1326 3263 1361 3329 in
1382 3262 1520 3330 forciam

271 3371 445 3436 communis
462 3368 593 3451 Spoleti,
616 3370 735 3438 habeat
750 3375 784 3435 et
798 3371 917 3437 habere
941 3371 1092 3438 debeata
1108 3371 1263 3436 communi
1286 3388 1360 3436 xxv
1375 3365 1521 3435 libras21.

316 3473 361 3538 Et
385 3474 471 3556 quod
491 3474 532 3540 de
548 3474 726 3540 nominibus
742 3475 881 3540 omnium
897 3475 1138 3541 exbanuitorum
1154 3481 1188 3543 et
1202 3471 1523 3542 condemnatornm²²

270 3579 443 3645 communis
467 3576 587 3660 Spalati
619 3583 729 3646 rector
752 3579 838 3660 dicte
869 3579 1009 3646 ciuitatis
1041 3580 1168 3647 uinculo
1198 3581 1390 3647 sacramenti
1419 3579 1522 3647 iaciat

270 3682 341 3748 ficri
371 3687 405 3748 et
428 3683 525 3750 scribi
555 3685 635 3750 duos
666 3685 774 3764 libros,
809 3703 941 3766 quorum
973 3703 1055 3750 unus
1086 3685 1129 3750 sit
1156 3687 1241 3768 apud
1272 3686 1521 3753 examinatorem

270 3788 445 3854 communis
468 3787 603 3871 Spalati,
628 3789 709 3855 alius
732 3807 834 3871 penes
857 3789 1063 3855 camerarium
1082 3789 1157 3854 dicti
1179 3791 1363 3870 communie,
1387 3791 1441 3873 qni
1456 3809 1518 3874 pro

316 3946 327 3982 ²
359 3947 444 4009 Ood.
475 3950 581 4008 acad.
612 3949 663 4008 B.:
700 3949 891 4030 „DompniJ“.
1013 3947 1026 3984 2
1055 3949 1112 4026 Ap.
1143 3950 1273 4028 Ljub.:
1312 3949 1514 4033 „receperit‘.

274 4032 390 4097 ³Ood.
414 4036 520 4097 acad.
543 4037 584 4095 B:
611 4031 904 4110 ,condempnatum“.
976 4033 1070 4113 4ΑΡ.
1095 4038 1121 4095 L
1125 4037 1226 4114 jub:
1251 4039 1377 4115 „quouis
1400 4039 1516 4101 habita·

268 4117 378 4182 tione“.
464 4119 584 4182 ὅΟοᾱ.
608 4122 713 4182 acad.
738 4123 779 4182 B:
805 4123 1089 4204 „condempnatus“.
1182 4121 1194 4158 ⁶
1215 4124 1326 4184 ibid:
1353 4143 1465 4202 „supra
1486 4129 1517 4188 in

270 4209 506 4285 uigintiquinque
529 4209 650 4288 libris“;
671 4227 719 4284 ap.
743 4210 768 4267 L
773 4210 868 4286 jub:
899 4206 1039 4285 ,supra“.
1129 4207 1141 4242 “
1167 4213 1217 4293 „et
1239 4211 1407 4271 soluendis“
1434 4215 1518 4276 deest

270 4314 319 4371 ap.
343 4296 454 4372 Ljub.
546 4293 669 4357 8Οοᾱ.
694 4297 799 4358 acad.
823 4297 864 4356 B:
891 4291 1170 4380 „condempnetur“.
1271 4293 1399 4358 ‘'ibid.
1423 4318 1450 4362 e.
1474 4321 1514 4362 m.

275 4379 304 4415 ¹⁰
326 4382 437 4443 ibid:
463 4377 744 4459 „condempnatns“.
824 4379 851 4415 ¹¹
874 4383 931 4459 Ap.
955 4384 980 4441 L
985 4383 1083 4459 jub:
1110 4377 1298 4461 „quoniam“.
1379 4381 1407 4418 ¹²
1429 4386 1516 4448 Ood.

270 4469 376 4529 acad.
398 4470 439 4527 B:
466 4465 762 4551 „condempnatum“.
826 4466 854 4503 ¹⁸
877 4469 986 4529 ibid:
1005 4464 1315 4546 „condempnatioue“.
1381 4467 1410 4504 ¹⁴
1424 4473 1518 4534 Deest

271 4555 451 4630 ap.Ljub.
524 4553 552 4588 ¹⁶
575 4556 618 4616 Of.
643 4555 709 4616 adn.
738 4555 790 4632 10)
860 4553 1038 4618 16ΟΜΟ
1131 4554 1225 4616 1llll.
1250 4557 1270 4618 l.
1294 4575 1320 4616 c.
1404 4556 1433 4592 ¹⁸
1454 4560 1512 4637 Ap.

269 4641 397 4716 Ljub.:
430 4637 639 4718 „paruerum“.
754 4639 781 4674 ¹⁹
811 4641 933 4702 ibid:
967 4642 1123 4724 „debeat“.
1237 4637 1267 4675 ²⁰
1296 4643 1389 4704 Deest
1419 4645 1511 4709 ibid.

274 4723 302 4760 ²¹
325 4727 437 4787 ibid:
463 4723 672 4810 „pardorum“.
744 4724 772 4760 ²⁹
795 4727 882 4789 Ood.
907 4729 1013 4790 acad.
1036 4731 1079 4790 B:
1106 4729 1434 4805 ,condempnatorum“.
