3396 5402
1319 399 1359 464 97

170 627 236 672 w.
260 627 344 672 om.
368 629 410 672 NE
432 627 501 681 Qms
525 627 630 672 VADA'I*
653 627 753 672 noenu
776 629 836 670 PER
859 627 977 672 ausos
1001 627 1152 671 munos
1174 627 1319 670 'IMPORB

674 715 816 758 vunnu.

170 831 249 900 Item
272 837 400 915 oaptum
421 831 481 898 fuit
502 851 560 915 per
575 831 711 899 ballotas
726 833 841 914 xxviij„
865 832 949 914 quod
965 831 1078 898 amodo
1096 831 1128 896 in
1144 835 1238 898 antea
1252 831 1359 914 aliqua

126 955 261 1022 persona
281 943 435 1006 nocturno
458 941 600 1020 temporo
622 955 685 1004 non
707 936 824 1004 audeat
845 937 895 1002 vel
918 941 1100 1020 praesumat
1121 935 1169 1002 iro
1192 953 1250 1019 por
1272 953 1355 1002 oam-

127 1059 192 1124 pos,
215 1043 269 1108 vbi
291 1047 366 1108 sunt
387 1043 516 1120 vineae,
550 1047 693 1126 tempore
715 1061 857 1122 suarum,
888 1059 991 1124 poena
1012 1040 1106 1120 furti3
1136 1040 1196 1106 nisi
1226 1041 1361 1124 pudorij²

128 1147 177 1214 rel
199 1148 414 1231 gastaldiones
436 1147 581 1214 faciendo
603 1166 696 1214 suurn
718 1145 865 1228 officium.
900 1145 934 1212 Si
953 1151 1059 1212 autem
1082 1151 1167 1212 esset
1189 1145 1361 1212 necessitas

129 1253 175 1318 ire
195 1253 229 1318 in
252 1271 405 1336 campum,
428 1254 478 1318 vel
502 1253 583 1318 vitra
605 1271 757 1335 eampum,
782 1257 890 1334 portet
912 1253 1016 1336 ignem
1039 1247 1215 1330 manifeste¹
1240 1255 1273 1317 et
1296 1267 1361 1316 non

131 1357 224 1424 radat
247 1357 340 1424 aliter
362 1357 421 1423 sub
445 1357 529 1422 diota
548 1375 658 1439 poena.

393 1571 459 1614 OAP·
483 1570 551 1614 ΟΠ.
574 1571 740 1614 mmo!
761 1571 825 1614 11011
847 1564 1092 1612 memnon.

169 1687 250 1754 Item
273 1687 357 1754 diota
378 1689 430 1754 die
452 1687 540 1754 vadit
561 1707 653 1771 pars,
687 1687 772 1770 quod
795 1688 985 1770 quicumque
1008 1704 1071 1752 non
1092 1685 1287 1752 laboreuerit
1315 1685 1361 1750 vi·

19 1871 20 1874 Ἴ
130 1811 213 1871 nens,
238 1791 316 1856 nihil
337 1791 509 1858 vindemiet
531 1793 571 1859 de
593 1791 650 1872 eis,
682 1793 739 1858 sed
762 1790 936 1858 Commune
960 1791 1091 1873 aooipist
1116 1791 1251 1869 vineam,
1275 1788 1361 1856 vide

127 1895 199 1963 lieet
220 1897 434 1964 medIetatem.
460 1895 495 1964 Si
517 1897 551 1962 in
573 1895 715 1963 futurum
738 1915 800 1964 non
823 1897 969 1965 laborare
992 1895 1086 1978 volet
1109 1899 1205 1978 prout
1220 1898 1357 1974 tenetur,

130 1998 304 2068 Commune
335 2001 436 2084 possit
457 2001 528 2084 aiijs
559 2001 694 2068 nllooare
716 2001 757 2068 ad
779 2001 986 2068 laborandum
1009 2001 1049 2066 ad
1071 2000 1294 2078 medietatem
1327 2002 1362 2063 et

18 2149 19 2152 ,
131 2103 250 2171 iromus
273 2106 346 2170 enni
368 2107 546 2188 praesentis
568 2124 625 2188 pro
649 2107 821 2172 medietate
846 2105 990 2172 similiter
1012 2105 1204 2172 diuiduntur.

252 2319 320 2363 OAP·
343 2319 427 2363 UXVI.
456 2319 671 2364 mnemon
693 2321 756 2363 11οΝ
778 2319 966 2364 monzun
987 2319 1086 2362 PROPE
1108 2317 1232 2362 VEIEAS.

169 2436 250 2504 Item
272 2435 425 2504 Mooocxx.
451 2435 627 2504 indictione
648 2437 711 2520 xiij.
737 2438 788 2504 die
817 2438 926 2502 vltima
953 2437 1097 2520 Ianuarij
1132 2441 1259 2518 captum
1291 2434 1360 2520 fuit,

130 2542 212 2623 qnod
234 2541 352 2608 alicubi
374 2543 406 2608 in
429 2542 575 2608 districtu
596 2541 708 2608 Blatae
731 2551 764 2608 et
792 2543 955 2608 Zernouae
985 2542 1146 2608 sImiacum
1176 2559 1237 2606 non
1261 2541 1362 2622 possit

129 2665 198 2713 esse
231 2665 333 2729 prope
364 2647 480 2713 vineas.
515 2647 552 2712 In
584 2647 728 2712 districtu
761 2665 836 2712 vero
867 2645 1056 2728 Smoquizne
1085 2651 1119 2713 et
1147 2645 1271 2711 Knnrae
1305 2663 1362 2728 per

130 2752 265 2818 medium
288 2751 417 2831 miliare
441 2769 543 2833 poena
563 2769 791 2834 yperperorum
813 2771 881 2816 xxv.
905 2749 1155 2818 contrafacienti.
1178 2751 1245 2817 Neo
1259 2751 1362 2833 possit

130 2855 241 2938 alians
266 2875 324 2940 per
346 2856 463 2924 dietum
487 2857 624 2939 spatium
654 2856 760 2923 fecero
782 2855 829 2922 las
851 2875 947 2938 super
969 2855 1046 2922 loeis
1070 2855 1266 2936 Communis,
1302 2855 1361 2922 sub

130 2961 238 3028 eadem
260 2979 364 3043 poena
386 2981 485 3045 prope
507 2961 678 3028 simiooum.
710 2962 847 3044 Captum
869 2960 930 3028 fuit
951 2979 1010 3043 per
1032 2962 1170 3028 ballotas
1192 2961 1252 3038 ri.;
1287 2979 1360 3026 oon·

129 3066 243 3134 trmiaa
267 3066 351 3149 xviij.

296 3279 364 3325 oss.
386 3281 481 3324 oxvn.
505 3281 546 3324 nn
567 3281 751 3326 semermos
773 3280 862 3323 nnnrs
885 3281 1006 3324 oonnen
1028 3258 1195 3324 snnnnna.¹

170 3399 251 3465 Item
275 3395 394 3463 Christi
416 3400 541 3465 nomino
563 3397 673 3464 Amen.
704 3397 795 3464 Anno
825 3398 1011 3466 Natiuitatis
1041 3397 1183 3465 eiusdem
1205 3397 1358 3463 Meeooxx.

129 3501 303 3570 indictione
324 3503 388 3585 xiij.
411 3503 471 3570 Die
493 3503 544 3586 vij.
572 3505 690 3570 mensis
721 3502 806 3586 Maij.
837 3503 874 3568 In
897 3502 989 3584 pleno
1012 3508 1046 3569 et
1066 3501 1208 3584 generali
1230 3503 1361 3570 oonsilio

16 3675 17 3680 ,
130 3607 265 3674 ciuitatis
289 3611 323 3674 ot
344 3607 465 3673 insulae
493 3607 647 3674 Curzulae
668 3609 700 3673 in
722 3607 855 3675 ecelesia
877 3607 950 3674 Diui
981 3607 1079 3673 Marci
1108 3608 1294 3688 coadunato,
1328 3607 1360 3672 in

130 3729 190 3793 quo
211 3711 342 3779 inerunt
363 3713 530 3796 consiliarij
554 3713 698 3795 iiij,„per
725 3713 861 3780 ballotas
889 3712 934 3796 iij,
968 3731 1031 3778 non
1053 3713 1265 3778 contradente
1299 3731 1360 3778 vna

130 3822 255 3899 reperta
276 3817 310 3882 in
331 3818 532 3898 contrarium,
555 3823 682 3900 captum
704 3817 772 3898 iuit,
796 3819 881 3899 quod
903 3819 930 3884 si
953 3819 1038 3899 quod
1068 3817 1207 3900 r'egimen
1227 3817 1261 3882 in
1275 3815 1359 3884 iutu-

16 3931 17 3952 ³
132 3941 217 4002 rum,
241 3919 388 3988 videlieet
410 3941 529 4006 eomes,
552 3923 703 4000 vicarius,
727 3921 846 3987 iudices
869 3922 951 3988 etsi
974 3921 1090 3988 fuerint
1113 3941 1183 3988 aum
1206 3922 1253 3988 eis
1279 3922 1360 3988 iudi-

131 4043 183 4092 oes
204 4027 335 4092 minoris
357 4027 476 4112 euriae,
498 4027 616 4094 ieoient
637 4027 773 4109 aliquam
796 4027 994 4108 sententiam,
1019 4031 1082 4093 tam
1106 4027 1240 4110 ciuilem,
1264 4046 1360 4110 quam

132 4129 322 4198 criminalem
344 4137 455 4197 eontra
477 4130 614 4212 Statuta,
650 4131 903 4199 Reformationes
921 4137 955 4198 et
977 4132 1221 4199 consuetudines
1243 4152 1358 4217 appro-

130 4233 221 4301 batas
244 4235 441 4315 rotundatas,
475 4235 630 4318 allegatas
653 4256 711 4303 seu
733 4236 921 4323 productas,
957 4238 1026 4303 sine
1048 4237 1280 4304 demonstratas
1303 4257 1361 4322 per

130 4345 260 4422 partem,
295 4339 364 4406 siue
386 4345 493 4423 partes
515 4341 674 4423 litigantes
697 4341 730 4406 in
751 4341 864 4412 iudItio
888 4343 928 4408 de
949 4343 1113 4425 yperperis
1134 4361 1163 4406 n.
1187 4361 1292 4426 supra,
1327 4350 1361 4411 et

175 4513 186 4550 ¹
201 4517 375 4578 Reformatio
389 4517 478 4594 hujus
494 4519 612 4593 capituli
627 4519 657 4578 in
672 4519 801 4594 pluribus
817 4522 861 4580 est
875 4521 1002 4580 correcta
1013 4519 1211 4581 reformatione
1222 4539 1248 4582 a.
1265 4523 1356 4584 1411.

16 4675 17 4678 Ἴ
132 4604 281 4680 captatis.
299 4605 418 4666 mintius
432 4624 509 4680 oap.
527 4605 657 4666 CXXIII.
674 4607 830 4666 Reform.

172 4688 212 4754 cf.
229 4694 315 4754 otiam
330 4709 406 4768 ean.
422 4693 511 4755 XXV.
528 4691 673 4754 statuti
687 4695 717 4753 et
731 4711 803 4769 oen.
820 4695 866 4756 01.
882 4694 1040 4757 Reform.

1185 4801 1203 4862 7
