3376 5392
344 432 407 496 182

383 638 741 722 Respondentur,
765 637 850 719 quod
873 637 947 704 licet
968 637 1112 720 pluribus
1133 639 1225 706 annis
1246 639 1308 706 sibi
1330 641 1571 707 rnnoesserimus

340 743 488 812 introitus
519 742 594 808 dicti
625 743 802 810 trentesimi
830 762 889 825 pro
918 742 1038 810 iabrica
1068 757 1230 810 murorum
1258 744 1345 812 illins
1375 744 1448 824 loci,
1479 745 1523 811 ita
1541 752 1572 812 61

346 847 459 916 amodo
482 846 628 915 sufficere
651 847 784 927 debeut;
814 853 920 915 tamen
942 853 978 914 ut
1002 847 1235 916 satisfaciamus
1257 849 1482 934 supplicationi
1502 868 1572 916 suae

345 957 566 1020 contentamur
587 951 648 1019 sibi
663 953 837 1021 concedere
851 951 1001 1020 introitus
1016 953 1092 1020 dicti
1107 954 1284 1020 trentesimi
1299 973 1357 1037 pro
1372 954 1464 1021 66616
1480 953 1572 1022 tribus

341 1055 500 1141 proximis,
523 1063 560 1123 ut
582 1057 768 1126 choredoria
790 1077 951 1125 murorum
974 1059 1134 1142 complere
1155 1059 1290 1142 possint

385 1161 466 1228 Item
494 1179 554 1244 per
584 1161 685 1229 simile
708 1163 851 1246 supplico
874 1163 1058 1232 umilmente
1080 1165 1260 1247 pregand03
1289 1182 1361 1230 cum
1382 1165 1432 1231 cio
1455 1163 1503 1232 sia
1522 1163 1574 1232 rbe

342 1267 375 1333 in
389 1265 526 1334 Curznla
548 1285 584 1334 66
606 1267 680 1350 6661
697 1273 807 1336 tronar
822 1268 1009 1335 duramenta
1025 1269 1065 1336 de
1080 1269 1155 1336 boni
1170 1269 1330 1337 cancilieri
1345 1275 1379 1336 61
1393 1275 1509 1354 questo
1524 1288 1574 1352 per

342 1371 375 1438 ln
395 1372 582 1455 impotentia
604 1372 679 1440 delli
702 1373 812 1440 denari
834 1378 868 1440 et
890 1378 1037 1456 portanto
1060 1373 1202 1458 supplico
1226 1393 1285 1457 per
1309 1393 1403 1442 nome
1418 1375 1461 1442 de
1475 1375 1575 1457 quella

344 1476 537 1544 communita
566 1476 620 1543 alli
648 1477 701 1561 pib
731 1477 817 1544 16116
837 1485 946 1546 vostra
977 1479 1127 1559 serenitd,
1156 1478 1216 1546 che
1238 1498 1311 1547 essa
1332 1499 1368 1546 66
1390 1481 1488 1564 degni
1508 1497 1575 1546 eon

345 1581 439 1648 ceder
460 1587 494 1650 61
515 1581 616 1648 donar
637 1582 669 1648 16
690 1582 813 1650 decima
835 1583 887 1651 161
909 1585 1058 1651 66661166
1072 1590 1106 1650 61
1122 1590 1234 1666 666616
1250 1585 1408 1652 domando
1424 1585 1466 1651 de
1481 1584 1576 1669 grou

346 1685 475 1770 special,
498 1687 584 1754 accio
607 1685 666 1755 che
687 1687 742 1753 nni
763 1687 942 1771 podessimo
961 1689 1139 1774 mantegnir
1153 1689 1269 1774 meglio
1284 1695 1395 1756 nostro
1410 1689 1576 1768 cancelim3

346 1790 555 1858 6616661616
583 1797 691 1858 vostra
720 1791 868 1878 66666111,
899 1793 958 1859 616
980 1794 1011 1861 61
1033 1794 1180 1860 concilior
1201 1813 1265 1860 non
1286 1795 1338 1880 bd,
1363 1793 1455 1860 saluo
1479 1793 1577 1858 durati

346 1902 389 1963 40
411 1895 573 1980 all'anno;
605 1896 632 1964 si
662 1895 721 1964 che
750 1897 978 1965 considerando
1009 1899 1041 1964 16
1069 1899 1189 1982 grande
1216 1900 1352 1980 miseria,
1376 1897 1577 1981 supplicamo,
1661 1917 1662 1986 ξ

346 2001 404 2069 616
426 2001 459 2068 16
479 2007 588 2068 vostra
609 2001 770 2068 subbmita
791 2021 865 2070 essa
887 2021 922 2071 66
944 2003 1038 2087 degni
1061 2009 1080 2069 1
1103 2003 1259 2072 66666166
1285 2003 1458 2087 suprnditti
1475 2001 1578 2068 denari
1661 2019 1662 2028 ¹

347 2107 432 2175 16116
454 2106 576 2174 decima
598 2107 639 2173 16
661 2106 816 2174 concilier.
1660 2193 1662 2202 y

390 2211 748 2294 Respondentur,
777 2212 863 2293 quod
885 2212 959 2294 quia
981 2212 1103 2279 nobiles
1126 2217 1160 2279 61
1181 2212 1269 2278 61666
1291 2231 1400 2280 omnes
1424 2212 1525 2278 nostri
1545 2230 1578 2276 er
1661 2205 1662 2288 ᾗ

346 2315 450 2382 forma
473 2315 617 2382 ordinum
645 2321 824 2382 nostrorum
855 2317 984 2384 soluunt
1014 2317 1168 2384 decimam
1189 2321 1223 2382 61
1243 2317 1375 2399 triginta
1397 2335 1457 2399 pro
1481 2321 1578 2382 66616-
1660 2305 1662 2342 1

348 2422 448 2500 66616,
472 2439 536 2487 666
551 2439 719 2504 66666666
734 2421 767 2486 16
782 2421 842 2488 166
856 2422 917 2488 sibi
933 2423 1130 2505 complacere
1145 2421 1177 2487 iu
1194 2414 1424 2506 praejidicium
1441 2420 1578 2490 ordinum

347 2529 534 2593 nostrorum.
1660 2573 1662 2606 ,

392 2630 517 2697 Ancora
538 2629 681 2712 supplico
704 2632 735 2696 ai
756 2630 808 2714 pie
831 2630 916 2696 della
945 2632 1083 2698 66666111
1105 2637 1223 2714 vostra,
1247 2631 1306 2696 che
1329 2650 1401 2698 essa
1424 2649 1461 2697 66
1484 2630 1578 2712 degm
1660 2645 1662 2700 l

348 2735 502 2804 concedar
529 2735 632 2819 gratia
661 2740 695 2801 et
725 2735 782 2800 dar
810 2733 1579 2803 166616611666116616066661661611161161
1614 2767 1616 2774 ¹
1660 2805 1662 2818 ¹

349 2841 477 2909 161666
499 2843 533 2906 61
555 2839 715 2923 discargar
737 2840 777 2906 de
801 2840 874 2924 ogni
896 2841 1024 2920 neuilio,
1048 2840 1078 2906 61
1101 2841 1175 2922 qual
1198 2841 1355 2923 capitasse
1377 2841 1410 2906 in
1434 2845 1526 2923 porto
1545 2839 1579 2904 de

350 2945 496 3026 Curzula,
521 2963 598 3011 ouer
620 2944 653 3010 in
675 2944 725 3011 sul
748 2945 913 3027 destrctto,
946 2945 986 3012 de
1008 2944 1164 3012 formento
1195 2951 1293 3034 61666,
1312 2945 1449 3012 1666616
1479 2945 1579 3010 166666

350 3057 384 3118 61
406 3055 517 3133 questo
540 3069 598 3132 per
620 3067 714 3117 cason
737 3054 757 3115 1
778 3051 878 3132 66166
893 3051 1053 3134 sustegnir
1068 3051 1179 3133 poueri
1195 3049 1330 3130 uomeni,
1347 3050 1465 3132 perche
1479 3049 1579 3116 banno

351 3157 391 3224 de
414 3173 492 3241 grau
515 3173 647 3222 6666666
670 3155 710 3221 16
733 3174 809 3221 6666
831 3154 987 3222 16666616
1004 3157 1036 3221 16
1051 3156 1082 3221 16
1097 3162 1183 3221 terra
1198 3161 1232 3221 et
1247 3161 1359 3237 questo
1375 3155 1471 3237 porli
1487 3153 1579 3220 nostri

352 3261 461 3329 denari
483 3265 517 3327 et
538 3261 682 3344 pagando
707 3261 845 3344 segondo
869 3279 981 3327 anemo
1004 3259 1084 3326 fatto
1107 3279 1164 3342 per
1186 3260 1217 3324 lo
1241 3265 1380 3342 passato.
1660 3333 1662 3344 ,

393 3365 747 3449 Respondentur,
778 3366 926 3448 quoniam
947 3368 1049 3448 ipsum
1072 3384 1136 3432 non
1158 3371 1266 3448 potest
1288 3363 1357 3430 fieri
1380 3365 1449 3431 sine
1471 3363 1580 3430 iniuria
1660 3347 1662 3400 ³

351 3476 568 3555 mercatorum,
592 3486 656 3536 non
678 3470 804 3536 uidetur
825 3471 857 3536 in
879 3471 939 3536 hoc
962 3471 1021 3537 sibi
1043 3489 1136 3554 66666
1159 3470 1365 3552 complacere.

394 3574 499 3654 Quare
521 3593 591 3642 eum
621 3574 706 3641 dicto
735 3581 845 3642 nostro
877 3575 1008 3658 collegio
1037 3574 1232 3652 authoritate
1255 3575 1471 3657 suprascripta
1493 3572 1579 3638 nobis
1660 3597 1662 3610 2

353 3681 506 3747 scribimis
529 3685 561 3748 61
583 3681 776 3765 mandamus,
801 3686 957 3762 quatenus
977 3680 1208 3762 suprascriptas
1223 3679 1446 3762 responsiones
1461 3683 1579 3744 nostras
1660 3735 1662 3752 ,

353 3786 532 3862 obseruare,
562 3791 596 3852 et
618 3785 780 3852 obseruari
802 3785 907 3852 lacere
929 3785 1154 3851 inuiolabiliter
1176 3783 1328 3864 debeatis,
1352 3781 1507 3850 iacientes
1527 3782 1578 3847 166
1661 3773 1662 3792 ’

352 3893 476 3956 nostras
497 3889 620 3956 litteras
643 3891 684 3956 ad
706 3907 922 3958 successorum
945 3897 1126 3958 uestrorum
1149 3890 1332 3956 memoriam
1347 3888 1380 3954 iu
1396 3887 1578 3955 cancellaria

352 3994 465 4063 deinde
487 3994 658 4078 registrari.

394 4100 512 4166 Datum
541 4099 573 4164 in
602 4103 713 4168 nostro
743 4099 845 4168 166611
878 4100 996 4184 palatio
1026 4095 1576 4181 11666166166116166661616116·
1661 4153 1662 4162 2

353 4205 438 4273 11666
460 4205 520 4270 xiv.
543 4204 669 4271 Mocccl.
1424 4197 1434 4218 '

558 4326 586 4393 A
614 4333 681 4395 ter
720 4346 757 4394 o:

396 4431 561 4500 Nobilibus
583 4348 833 4516 6166616611166
855 4435 931 4500 viris
948 4433 1078 4501 Nicolao
1093 4431 1285 4502 Mauroceno
1309 4431 1416 4499 comiti
1433 4428 1575 4499 cmzmue
1660 4479 1662 4524 ;

353 4541 387 4604 et
408 4538 643 4606 successoribus
665 4539 739 4606 suis.
1661 4545 1662 4552 ’
