3436 5362
1331 483 1370 542 73

114 679 160 744 sit
181 681 356 763 publicum
372 683 627 761 instrumentum,
650 681 710 748 nisi
726 700 782 762 per
798 683 884 747 uliud
900 683 1141 747 instrumentum
1158 685 1370 764 quietationis,

114 784 170 850 nel
196 785 451 852 instrumentum
475 785 692 852 cancellatum.
723 786 767 850 Et
789 787 816 851 si
839 785 932 850 aliter
955 793 1186 867 opponeretur.
1221 787 1371 853 1611161(-

116 890 234 970 ceptio
262 909 325 956 non
348 891 545 966 admittatur,
569 907 626 955 nec
648 889 757 954 ualeat
779 889 844 953 ullo
868 889 972 972 modo,
997 895 1030 954 et
1053 890 1079 953 si
1102 889 1216 970 aliquis
1239 891 1369 956 1611111-

119 993 261 1072 gauerit
284 992 379 1058 alicui
401 1011 459 1074 per
489 998 608 1058 certum
639 993 707 1058 sius
737 992 981 1058 instrumentum
1012 992 1144 1058 alicuius
1174 993 1292 1075 publici
1314 1012 1372 1059 no-

115 1096 196 1177 tarij
224 1096 268 1162 de
291 1096 396 1178 aliquo
418 1095 528 1162 debito
551 1095 777 1178 persoluenda,
808 1096 895 1176 quod
916 1096 1022 1176 ipsum
1054 1096 1194 1161 debitum
1226 1103 1374 1164 teneatur

116 1199 257 1265 soluere
276 1201 317 1264 ad
341 1200 483 1265 debitum
507 1200 686 1272 terminum,
710 1204 895 1264 contentum
917 1199 949 1263 in
973 1199 1057 1266 dicto
1081 1200 1309 1280 instrument03
1339 1209 1373 1268 et

116 1303 145 1367 si
178 1321 253 1366 non
282 1303 423 1368 solueret
453 1305 486 1367 in
515 1303 598 1368 dicto
628 1303 764 1368 1611111
799 1313 831 1367 61
854 1302 1027 1382 requisitus
1051 1301 1148 1368 luerit
1170 1323 1227 1386 per
1250 1305 1370 1370 curiam

116 1405 160 1469 ad
193 1407 383 1486 petitionem
416 1407 598 1490 creditoris,
629 1411 779 1472 teneatur
808 1406 935 1472 soluere
967 1425 1024 1488 pro
1053 1425 1117 1472 una
1140 1425 1266 1489 quaque
1289 1408 1371 1474 libra

122 1509 231 1574 debiti
257 1511 430 1590 supradicti
454 1511 534 1574 duos
558 1509 664 1574 soldos
689 1508 881 1576 Venetorum
905 1525 1075 1590 paruorum
1092 1511 1213 1576 scilicet
1235 1511 1291 1594 xij
1316 1511 1369 1577 de-

118 1612 239 1678 narios
263 1613 420 1679 communi
442 1617 476 1678 ct
497 1613 555 1693 xij
579 1613 727 1680 denarios
750 1613 916 1696 creditori,
939 1619 974 1678 et
996 1614 1081 1693 quod
1097 1621 1203 1680 rector
1218 1633 1280 1680 non
1297 1633 1370 1698 pos·

123 1715 168 1779 sit
200 1715 264 1782 sibi
297 1716 373 1780 dare
403 1715 499 1780 alium
531 1716 719 1796 terminum,
753 1717 814 1781 nisi
847 1717 887 1782 de
909 1716 1075 1782 uoluntate
1096 1717 1278 1798 creditoris,
1312 1719 1367 1784 sed

122 1823 283 1884 teneatur
313 1819 373 1884 sibi
404 1819 480 1884 darc
510 1819 739 1885 incontinenti
770 1823 915 1886 tenutam
938 1820 978 1885 de
1001 1819 1094 1885 bonis
1118 1821 1193 1885 dicti
1218 1821 1374 1887 debitoris

126 1925 168 1989 de
203 1925 385 2004 quantitate
419 1924 521 2005 petita
550 1929 584 1988 et
613 1924 652 1989 de
683 1925 831 2004 expensis
865 1924 1029 2006 legitimis,
1064 1923 1125 1988 nisi
1160 1931 1375 2006 opponeretur

127 2027 242 2108 aliqua
264 2027 420 2091 dictarum
444 2027 672 2107 exceptionum,
708 2044 770 2108 que
793 2029 916 2108 possint
939 2027 1057 2109 opponi
1080 2033 1191 2092 contra
1213 2029 1374 2109 publicum

123 2131 376 2196 instrumentum
399 2131 439 2195 ad
462 2147 596 2211 quarum
619 2131 839 2212 exceptionum
857 2131 1077 2212 probationem
1096 2136 1240 2212 potestas
1256 2138 1290 2197 et
1304 2133 1374 2197 eius

126 2237 220 2300 curia
243 2240 412 2301 teneantur
434 2235 512 2300 dare
535 2235 703 2298 terminum
726 2235 900 2316 opponenti
924 2253 943 2298 v
967 2234 1088 2298 dicrum
1112 2235 1373 2316 adprobandum

126 2339 271 2419 aliquam
292 2339 445 2402 dictarum
469 2338 698 2418 exceptionum.
731 2335 775 2402 Et
804 2337 832 2402 si
861 2335 944 2402 infra
974 2337 1093 2402 dictum
1116 2339 1284 2402 terminum
1306 2356 1369 2402 non

127 2443 331 2524 probauerit,
367 2442 399 2505 in
422 2441 595 2506 continenti
619 2440 676 2506 fiat
707 2441 850 2507 executio
874 2440 950 2505 dicti
973 2439 1175 2506 instrumenti
1202 2441 1376 2507 secundum

128 2545 266 2612 111111
290 2544 381 2610 dicti¹
404 2545 524 2610 statuti.

174 2648 333 2714 Similiter
363 2649 458 2712 61111
489 2649 513 2711 si
547 2647 661 2728 aliquis
692 2665 796 2712 coram
828 2651 952 2712 rectore
980 2665 1059 2727 pure
1091 2645 1187 2712 luerit
1210 2645 1375 2711 confessus

129 2751 262 2833 aliquod
285 2752 438 2828 debitum,
463 2757 568 2816 rector
590 2751 622 2815 in
646 2751 819 2817 continenti
842 2754 990 2816 teneatur
1022 2749 1099 2815 dare
1133 2755 1278 2816 tenutam
1310 2767 1375 2814 cre-

131 2857 228 2921 ditori
253 2855 292 2920 de
314 2855 422 2921 debito
446 2853 622 2920 conlassato
646 2859 680 2920 et
701 2854 741 2919 de
762 2854 909 2934 expensis
938 2852 1105 2935 legitimis,
1142 2871 1238 2934 quam
1262 2859 1373 2918 tenere

131 2960 249 3024 debeat
272 2959 375 3025 dictus
398 2957 536 3024 creditor
558 2976 615 3038 per
637 2977 684 3022 xv
707 2957 776 3024 dias
791 2963 824 3022 et
839 2957 865 3023 si
881 2955 965 3021 inira
981 2956 1082 3022 dictos
1099 2973 1148 3020 xv
1165 2957 1232 3021 dies
1249 2955 1375 3022 debitor

135 3081 198 3129 non
222 3061 422 3143 recolligeret
444 3062 559 3126 dictam
576 3067 728 3140 tenutam,
753 3059 839 3142 qnod
855 3059 993 3126 creditor
1009 3077 1116 3125 coram
1132 3065 1256 3125 rectore
1272 3059 1377 3140 possit

137 3167 255 3231 dictam
278 3171 421 3231 tenutam
444 3167 583 3231 uendere
606 3165 792 3245 cuicumque
813 3163 953 3229 uoluerit
974 3162 1067 3228 lactis
1089 3161 1378 3228 subastationibus²

133 3277 166 3334 et
197 3269 463 3336 incantationibus
495 3274 532 3333 ut
564 3270 710 3351 superius
740 3273 791 3334 est
820 3285 1003 3350 expressum
1033 3268 1066 3331 in
1096 3265 1160 3333 alio
1183 3266 1322 3348 capitulo
1346 3271 1379 3331 et

136 3373 220 3440 inira
242 3375 373 3440 dicetur.

75 3685 78 3692 Ι
134 3621 199 3668 dnn.
224 3623 282 3664 rm.
311 3622 396 3674 QUOD
419 3621 643 3665 INSTBUHBMA
666 3619 800 3664 PUBHUA
821 3620 886 3663 11011
907 3617 1147 3662 normanum
1177 3617 1236 3660 PER
1258 3617 1379 3660 TESTES.

174 3737 255 3804 Item
287 3741 441 3804 statutum
474 3743 508 3801 et
530 3737 710 3802 ordinatum
734 3741 791 3814 est,
816 3734 901 3816 quod
924 3733 1030 3800 omnia
1052 3733 1280 3816 instrumenta,
1313 3747 1375 3814 que

136 3847 328 3922 apparerent
359 3859 431 3906 esse
461 3839 587 3922 publica
616 3859 674 3922 per
704 3857 831 3904 manum
862 3838 994 3903 alicuius
1024 3837 1099 3902 boni
1131 3835 1244 3918 notarij
1277 3833 1375 3901 6116-

139 3945 226 4025 galis,
251 3963 315 4009 non
337 3943 559 4027 infringantur,
583 3961 642 4008 nec
664 3941 793 4024 infringi
816 3947 872 4007 aut
894 3940 996 4022 rumpi
1020 3939 1160 4021 possint⁸
1184 3957 1240 4020 per
1262 3943 1375 4004 testes.

206 4191 274 4233 GAP·
298 4191 369 4232 xm.
393 4191 435 4232 DE
457 4189 687 4234 ntsnsusnmtum
711 4188 820 4232 uncum
843 4187 948 4230 EXTBA
971 4185 1143 4230 omnam
1165 4183 1305 4228 suanm.

175 4305 259 4371 Item
284 4311 436 4371 statutum
460 4311 493 4371 et
515 4303 694 4370 ordinatum
717 4307 778 4379 est,
802 4302 887 4383 quod
908 4296 1374 4381 111111111111116611111111

17 4503 19 4508 Ι
139 4403 258 4489 Speleti
290 4409 471 4488 producerit
511 4407 639 4488 aliquod
673 4407 832 4489 publicum
866 4406 1127 4485 instrumentum,
1164 4400 1251 4481 quod
1275 4401 1377 4466 esset⁴

135 4545 339 4557 -.-..-——

178 4634 188 4668 ¹
210 4635 269 4710 Ap.
295 4635 420 4710 ujus:
449 4635 643 4718 „presentis“.
704 4629 716 4666 ²
739 4633 846 4694 ibid:
872 4631 1192 4708 „snbbastationibns“.
1253 4625 1374 4686 ³Ood.

136 4722 238 4781 acad.
263 4720 291 4780 Α
313 4726 343 4780 61
365 4722 406 4782 B:
433 4715 575 4798 ,possit“.
647 4719 658 4753 ⁴
684 4719 781 4794 „quod
804 4713 900 4778 esset“
926 4719 1009 4778 deest
1031 4734 1079 4791 ap.
1103 4717 1128 4774 L
1132 4715 1210 4792 jub.
