3398 5354
348 404 413 467 210

346 604 543 687 recipiuntur
564 604 598 672 in
620 604 706 676 mnes
729 603 852 687 Spalati
873 607 908 670 et
928 604 1107 672 scribantur
1128 605 1162 672 in
1183 605 1252 690 ipso
1273 606 1356 676 libro
1371 609 1475 675 omnia
1487 609 1570 690 hona

348 724 412 790 que
434 708 482 776 eis
505 707 658 774 darentur
679 725 739 792 per
760 725 926 775 commune
948 706 1073 790 Spalati
1095 708 1137 774 ad
1158 708 1227 790 hoc,
1263 714 1299 776 ut
1319 711 1393 793 ipsa
1413 711 1495 778 bonu
1521 732 1573 780 non

347 811 472 896 possint
493 811 625 902 alienari
647 829 705 896 per
727 811 800 878 illos
822 829 922 880 nouos
944 812 1042 896 eines,
1077 813 1192 894 quibus
1220 812 1297 880 data
1318 813 1437 880 fuerint
1456 815 1487 880 in
1507 834 1572 899 prp-

346 915 496 984 iudieium
518 915 692 996 eommunis
714 913 848 1000 Spalat'u

796 1144 864 1189 (iss-
887 1145 931 1190 Π.
955 1146 997 1190 Dl
1018 1145 1136 1188 RODU-

390 1261 473 1328 Item
504 1265 659 1328 statutum
689 1264 724 1326 et
753 1259 934 1327 ordinatum
964 1265 1024 1340 est
1054 1260 1140 1343 qnod
1166 1261 1194 1327 si
1216 1260 1331 1342 aliquis
1354 1260 1497 1343 forensis,
1528 1265 1575 1345 qni

346 1370 435 1434 esset
463 1369 613 1447 reoeptus
635 1363 669 1430 iu
701 1365 802 1431 ciuem
824 1361 958 1446 spana,
992 1363 1182 1432 refutauerit
1204 1364 1433 1432 habitationem
1454 1372 1486 1434 et
1507 1367 1574 1433 eita-

345 1468 501 1536 dantiam¹
524 1469 610 1550 dieta
633 1467 783 1548 ciuitatis,
806 1485 969 1550 nunquam
991 1469 1094 1550 possit
1115 1468 1231 1535 morari
1253 1468 1285 1533 in
1308 1469 1394 1534 dieta
1408 1470 1575 1538 ciuitateet

344 1592 402 1640 suo
423 1573 570 1640 districtu
593 1579 627 1641 et
646 1590 808 1655 nunquam
831 1577 945 1655 postea
966 1574 1071 1654 possit
1092 1573 1192 1656 recipi
1206 1572 1239 1638 in
1255 1573 1356 1639 ciuem
1372 1571 1500 1655 Spalati,
1521 1591 1573 1640 nee

345 1677 380 1744 in
401 1677 544 1759 oonsilio,
575 1694 635 1744 neo
665 1678 699 1742 in
720 1676 918 1760 parimento
942 1675 1027 1758 dieta
1051 1676 1199 1759 ciuitatis,
1230 1694 1287 1743 nee
1308 1677 1371 1743 alio
1394 1678 1495 1756 modo,
1522 1696 1572 1746 nee

345 1785 489 1864 potestus
510 1786 567 1848 aut
587 1786 694 1849 rector
716 1781 801 1862 dieto
824 1780 963 1846 ciuitatis
985 1781 1130 1862 predicta
1151 1799 1329 1863 proponere
1352 1781 1454 1864 possit
1473 1783 1503 1847 in
1522 1782 1571 1848 ali·
1671 1781 1673 1864 t

344 1901 409 1968 qua
430 1885 676 1970 congregatione
697 1885 860 1952 hominum
881 1883 1021 1950 ciuitatis
1035 1883 1191 1967 predicte.
1213 1885 1259 1950 Et
1273 1886 1461 1968 quicumque
1474 1904 1569 1952 arren-
1672 1965 1673 1978 2

343 1988 478 2072 pauent,
501 1989 588 2072 qnod
605 1988 780 2074 recipiatur
801 1989 835 2054 in
857 1988 970 2069 ciuem,
991 1987 1099 2054 soluat
1120 1989 1278 2056 communi
1301 2007 1360 2072 pro
1382 1990 1484 2057 henim
1506 2008 1569 2057 oan-
1671 2019 1673 2066 a

341 2099 410 2162 tun
431 2093 540 2161 libras.

801 2303 870 2348 ean.
893 2305 924 2348 r.
946 2305 990 2348 nn
1010 2303 1129 2348 ιιοιιιιιι.
1671 2339 1673 2370 ,

386 2420 470 2488 item
491 2423 647 2487 statutum
669 2425 704 2486 et
725 2419 908 2486 ordinatum
936 2424 999 2498 est,
1028 2421 1113 2502 quod
1143 2419 1258 2503 nulius,
1290 2423 1345 2502 qui
1368 2422 1412 2488 sit
1432 2421 1568 2490 oriundus
1671 2471 1673 2500 ι

344 2523 386 2592 de
407 2523 537 2591 eiuitme
561 2521 684 2607 Spoleti
705 2522 760 2590 uel
781 2541 840 2590 suo
863 2523 1011 2590 oieuiotu
1032 2525 1134 2607 possit
1154 2521 1307 2592 reffutare
1330 2526 1383 2591 uel
1404 2527 1568 2592 renmtiare
1671 2509 1673 2586 ἓ

344 2627 378 2694 in
398 2627 508 2711 eiquo
530 2625 662 2695 oonsilio
682 2626 759 2692 dicti
789 2627 972 2708 eommunis,
1004 2645 1063 2694 neu
1084 2627 1146 2696 aiio
1168 2629 1263 2695 modo
1285 2627 1480 2696 citudiniam²
1496 2629 1568 2710 diae
1670 2619 1673 2660 ³

209 2753 211 2760 ·
343 2732 483 2800 eiuitatis
505 2737 539 2799 et
560 2731 589 2798 si
609 2729 809 2798 renuntiaret
831 2729 885 2797 uel
900 2729 1070 2798 reffuteret
1088 2731 1191 2813 ipsam
1207 2733 1414 2813 oitndiniam⁸‚
1436 2732 1504 2798 talio
1516 2729 1568 2797 ms.

342 2835 464 2904 intaeio
488 2841 544 2902 ant
565 2833 761 2904 renuntiatio
783 2851 847 2900 non
865 2833 1027 2917 proficiat3
1051 2836 1110 2902 sed
1127 2836 1156 2902 si
1169 2835 1295 2904 habitat
1308 2837 1342 2902 in
1359 2837 1486 2903 ciuitate
1499 2833 1567 2919 Spa·

341 2940 399 3008 isti
427 2939 483 3006 uel
513 2955 571 3006 suo
593 2938 748 3020 districtu,
779 2939 983 3006 nihilominus
1015 2940 1224 3022 compellatur
1250 2959 1310 3024 per
1338 2944 1569 3024 potestatemet
1671 3029 1672 3032 Ἴ

341 3047 498 3111 reatorem
528 3047 563 3110 et
592 3040 742 3110 offitialee
771 3043 856 3124 dieto
889 3042 1029 3110 oiuitutis
1051 3043 1094 3110 ad
1123 3042 1302 3112 iaciendum
1325 3053 1359 3111 et
1379 3044 1569 3128 prestandum
1669 3095 1671 3118 ,

340 3147 403 3230 ipsi
435 3145 591 3214 communi
622 3164 721 3213 onera
755 3151 791 3213 et
819 3145 976 3228 obsequia
1004 3147 1106 3213 realia
1136 3153 1170 3215 et
1199 3149 1381 3231 personalia
1410 3147 1568 3216 seeundum

341 3268 433 3318 snam
453 3249 696 3334 possibilitatem
718 3249 801 3318 siem
822 3249 876 3332 aiij
900 3252 987 3318 ciues
1012 3250 1103 3331 dieto
1125 3251 1275 3319 ciuitatis.

385 3355 484 3423 Itom‘
513 3353 601 3437 quod
632 3353 737 3420 nonus
767 3359 933 3437 presumat
963 3354 1184 3436 possessiones
1205 3355 1298 3422 duma
1321 3355 1415 3422 alieni
1437 3369 1571 3438 persone,

341 3459 397 3526 uel
431 3458 553 3526 dandas
584 3477 604 3526 a
634 3475 800 3525 commune
823 3455 947 3540 Spalati
976 3457 1049 3540 illis,
1081 3459 1135 3540 qui
1164 3458 1327 3526 noluerint
1347 3477 1421 3527 esse
1442 3460 1522 3526 oium
1541 3463 1570 3524 et
1670 3471 1671 3482 ¹

345 3561 543 3630 habitatores
565 3561 650 3642 dicte
673 3561 815 3628 ciuitatis
843 3561 994 3646 uendere,
1025 3561 1079 3629 uel
1101 3562 1208 3646 atquo
1231 3562 1295 3630 alio
1316 3563 1411 3630 modo
1434 3564 1571 3644 alienare,
1669 3547 1670 3626 ἐ

341 3667 401 3734 sed
424 3668 496 3750 ipsa
516 3665 602 3734 bona
623 3665 765 3733 debeant
786 3665 953 3748 possidere
974 3665 1029 3746 illi.
1053 3666 1168 3748 quihus
1188 3666 1265 3733 data
1286 3665 1406 3734 fuerint
1428 3685 1485 3751 per
1497 3684 1571 3734 oon·

340 3789 445 3856 mune,
469 3769 593 3838 iruetus
616 3789 656 3837 en
677 3770 725 3837 eis
746 3769 963 3855 percipiendo,
987 3787 1152 3851 quousque
1170 3771 1330 3837 noluerint
1345 3777 1434 3839 atara
1449 3777 1483 3838 et
1495 3770 1573 3838 habi·

340 3879 412 3942 tare
429 3873 463 3940 in
478 3872 610 3940 eiuitme
625 3871 758 3956 Spalati.
780 3871 825 3939 Et
839 3872 946 3939 nullus
960 3879 1126 3954 presumat
1139 3872 1227 3956 ipsas
1242 3875 1460 3956 possessiones
1474 3889 1570 3940 emere

341 3982 400 4045 aut
420 3979 454 4044 in
475 3978 609 4061 pignore
630 3977 683 4044 uel
706 3995 745 4044 ex
768 3976 850 4044 dono
865 3977 1008 4059 reeipere
1028 3976 1081 4042 uel
1096 3976 1158 4044 elio
1182 3977 1297 4058 quouis
1311 3977 1407 4044 titulo
1423 3977 1474 4045 uel
1487 3976 1571 4043 modu

341 4082 376 4150 iu
397 4101 433 4152 se
456 4079 640 4165 transferre,
664 4080 801 4163 quodsi
823 4077 1057 4164 eontrafooerit
1091 4098 1155 4146 non
1177 4086 1287 4148 teneat
1308 4081 1380 4166 ipso
1403 4081 1480 4160 iure,
1508 4097 1571 4162 ymo

339 4187 450 4254 statim
471 4186 542 4268 ipse
566 4183 785 4267 possessiones
808 4183 1021 4251 deuoluantur
1043 4187 1077 4250 et
1092 4183 1264 4250 deueniant
1277 4183 1311 4250 in
1325 4201 1489 4252 commune
1502 4183 1571 4268 Spu·

338 4289 406 4358 lati.
429 4289 474 4356 Et
493 4289 548 4372 qui
563 4286 796 4370 connaieeerit,
821 4288 926 4356 soluat
946 4287 1088 4358 bannum
1111 4287 1153 4354 ad
1174 4287 1342 4355 arbitrium
1360 4289 1525 4372 potestatis
1543 4291 1571 4354 et

338 4393 425 4476 ouria
448 4393 526 4462 dieti
548 4393 734 4462 eommunis.

385 4569 507 4633 ¹Ooa
529 4571 636 4634 read.
659 4570 701 4632 B:
726 4569 944 4653 „hadimuot
1021 4565 1035 4604 ¹
1055 4569 1113 4649 Ap.
1137 4571 1267 4652 Ljnb.:
1292 4569 1565 4650 „trittatiinantiam'¹

342 4653 355 4694 ⁸
375 4657 469 4722 ibid.
491 4675 517 4720 e
540 4675 579 4720 m.
649 4654 769 4720 ‘coa
792 4657 896 4719 arad.
920 4655 948 4717 A
970 4659 1001 4718 et
1020 4657 1063 4720 B:
1087 4651 1182 4742 ,ita⁸.
