3434 5368
350 429 390 489 42

349 641 382 699 et
405 635 623 716 superomnia
648 636 730 701 bona
752 655 809 700 sua
832 636 937 700 soluat
960 636 1076 700 dictum
1103 635 1273 700 lurtumet
1297 637 1433 702 bannum
1456 637 1585 701 ordina-

348 745 413 804 tum
437 745 470 806 et
492 757 554 804 non
578 740 693 806 habeat
715 742 913 818 aduocatum,
945 741 1004 806 nisi
1028 740 1068 804 de
1091 741 1183 804 domo
1206 759 1272 808 sua.
1305 739 1348 806 Et
1370 741 1396 806 si
1419 740 1516 806 luerit
1539 741 1585 805 in·

344 849 499 928 sensatus,
516 847 568 911 uel
586 845 690 920 sollus,
715 847 755 912 de
772 846 877 912 dando
894 847 922 912 ei
937 847 1136 920 aduocatum,
1161 845 1205 909 sit
1220 846 1252 909 in
1267 846 1470 927 prouideneia
1485 846 1586 912 curia.

584 1061 650 1103 (lAP.
675 1062 739 1104 LXI·
763 1063 805 1102 DE
827 1061 1041 1104 UASTAN'I'IBUS
1062 1061 1197 1103 AMNEAS
1220 1061 1342 1103 mnas.

392 1178 472 1244 Item
495 1179 671 1252 statuimus,
707 1179 839 1259 quodsi
863 1178 975 1260 aliquis
998 1178 1213 1244 deuastauerit
1242 1177 1378 1258 aliquam
1402 1178 1529 1243 uincam
1554 1185 1589 1242 et

1683 1013 1685 1096 l

1683 1131 1685 1170 l

348 1283 498 1349 inuentus
520 1283 617 1348 fuerit
639 1303 696 1365 per
717 1284 848 1350 idoneos
872 1290 983 1358 testes
1018 1284 1123 1348 soluat
1144 1282 1223 1347 illud
1245 1283 1413 1364 dampnum
1436 1289 1468 1347 et
1489 1301 1588 1364 yper·
1684 1357 1685 1362 ἵ

349 1405 428 1468 pera
450 1387 576 1467 decem;
600 1393 633 1453 et
655 1389 682 1453 si
704 1389 767 1468 ille,
792 1389 841 1453 cui
864 1389 1032 1454 deuastata
1054 1388 1150 1454 fuerit
1169 1390 1272 1462 uinea,
1295 1387 1496 1453 concordabit
1512 1405 1587 1452 cum

348 1491 562 1568 malefactore,
586 1495 699 1576 perdat
723 1512 815 1558 omne
838 1495 887 1558 ins
909 1513 999 1560 suum
1022 1501 1053 1560 et
1077 1495 1189 1574 banna,
1214 1512 1275 1575 que
1291 1494 1396 1559 omnia
1411 1491 1587 1558 deueniant
1684 1531 1685 1582 3

348 1599 380 1662 in
396 1615 576 1677 commune3
599 1600 672 1663 etsi
688 1618 751 1664 uon
768 1600 977 1678 concordabit,
995 1599 1111 1664 babeat
1128 1597 1376 1664 satisfaccionem
1392 1598 1441 1662 sui
1453 1599 1587 1678 dampni
1683 1583 1685 1642 r

348 1707 381 1768 ct
402 1703 604 1770 medietatem
626 1705 733 1789 bonni,
758 1705 893 1770 sisoius
917 1706 1129 1781 accusauorit3
1166 1709 1198 1769 et
1219 1705 1245 1768 si
1269 1703 1349 1768 alius
1372 1703 1584 1778 accusauerit,
1683 1723 1685 1788 2

348 1807 463 1874 habeat
486 1813 634 1888 quartum
658 1814 690 1874 et
713 1814 858 1890 quartum
892 1815 1075 1885 accusator;
1110 1815 1143 1872 ct
1165 1826 1327 1874 commune
1360 1807 1584 1886 medietatem3

349 1919 381 1979 et
403 1913 430 1978 si
452 1911 549 1978 fuerit
571 1933 628 1995 per
651 1914 808 1995 publicam
832 1912 945 1978 famum
968 1913 1169 1978 manifestum
1193 1913 1393 1978 concordium
1415 1912 1497 1979 inter
1516 1932 1584 1978 ma·
1684 1933 1685 1964 ³

349 2015 532 2082 lefactorem
555 2023 588 2084 et
612 2015 854 2098 damnificatum,
889 2018 965 2082 nihil
989 2018 1105 2083 habeat
1128 2018 1167 2083 de
1190 2019 1258 2083 iure
1280 2036 1347 2098 suo,
1377 2022 1412 2082 vt
1435 2017 1585 2100 superius
1683 2057 1685 2068 ,

349 2121 466 2187 dictum
489 2127 548 2186 est.

560 2301 628 2342 oar.
651 2303 727 2344 narr.
751 2303 792 2342 nn
814 2303 913 2346 smum
935 2303 1070 2346 rusnrorn
1094 2304 1170 2346 cun
1193 2280 1375 2345 urornrs.¹
1428 2358 1432 2368 ¹

390 2419 470 2484 Item
493 2419 671 2492 statuimus,
706 2418 790 2498 quod
812 2419 908 2484 talem
931 2419 1106 2502 racionem,
1141 2419 1266 2500 qualem
1289 2419 1388 2484 nostri
1417 2418 1512 2484 uicini
1536 2417 1583 2484 ia-

349 2524 444 2596 ciunt,
469 2523 563 2586 talem
588 2523 706 2588 eisdam
721 2522 826 2588 facere
842 2529 1014 2606 teneamur,
1040 2526 1137 2590 saluis
1153 2544 1278 2606 semper
1294 2523 1421 2589 statutis
1436 2525 1583 2606 superius

347 2627 504 2691 denotatis
526 2615 668 2693 omnibus
690 2627 762 2710 alijs
784 2629 938 2710 gentibus.
975 2629 1017 2694 Et
1038 2629 1197 2712 intellige,
1234 2629 1319 2712 quod
1352 2628 1445 2693 uicini
1480 2627 1582 2694 nostri

348 2733 411 2796 sint
433 2749 453 2794 a
476 2729 620 2800 Sibenico
643 2733 807 2813 usquead
830 2732 996 2816 Coroniam
1020 2739 1053 2800 et
1074 2754 1093 2800 a
1117 2733 1254 2816 Curcula
1287 2751 1386 2816 vsque
1407 2733 1582 2814 Ragusium

350 2841 382 2900 et
404 2853 460 2916 per
484 2841 583 2900 totam
605 2841 723 2902 terram
746 2835 885 2916 firmam;
909 2839 1007 2904 saluis
1032 2857 1158 2921 semper
1179 2841 1289 2921 pactio,
1313 2838 1405 2905 factis
1424 2838 1582 2904 internos

350 2947 382 3004 et
404 2940 481 3005 alios
505 2947 538 3006 ct
560 2940 632 3006 illos
655 2942 695 3006 de
716 2942 808 3023 Fara,
833 2943 872 3008 de
894 2941 996 3024 Braoa
1020 2949 1053 3008 et
1075 2943 1143 3008 Issa
1165 2943 1277 3008 insula.

671 3173 738 3217 ΟΔΡ.
761 3175 849 3216 burri.
873 3177 914 3216 DF}
938 3176 1033 3218 cunm
1056 3176 1098 3216 An
1122 3177 1256 3218 PLRNUM.

355 3321 366 3344 ·
390 3289 471 3354 Item
495 3291 670 3372 statuimus,
694 3293 779 3374 qnod
803 3277 927 3372 quando
948 3294 1036 3358 curia
1058 3294 1157 3358 maior
1180 3311 1242 3357 non
1266 3297 1372 3373 potest
1394 3309 1429 3356 se
1453 3309 1581 3358 concor·

347 3394 439 3479 dare,
474 3401 567 3462 uocet
582 3428 585 3436 Α
599 3397 752 3464 minorem
787 3399 905 3462 curiam
930 3403 962 3462 et
984 3398 1090 3463 mittat
1109 3397 1187 3462 illud
1223 3396 1373 3478 placitum
1395 3398 1428 3460 in
1451 3395 1581 3462 consilio
1683 3441 1685 3496 i

348 3515 449 3581 paruo
471 3503 505 3565 et
526 3500 613 3580 illud,
638 3502 721 3582 quod
745 3502 882 3567 uiderint
897 3521 967 3568 esse
983 3502 1111 3578 iustum,
1132 3503 1272 3567 iudicent
1286 3507 1318 3567 et
1333 3499 1389 3566 fiat
1405 3501 1579 3584 sentencia3
1684 3571 1685 3576 ,

348 3602 551 3686 intelligendo
574 3605 658 3686 quod
681 3606 712 3669 in
735 3605 789 3672 illo
813 3605 940 3671 consilio
975 3607 1087 3687 aliquis
1121 3605 1315 3689 propinquus
1347 3606 1487 3687 parcium
1510 3624 1581 3672 esse
1683 3633 1685 3690 ς

350 3724 411 3773 non
434 3709 534 3790 possit
557 3711 717 3791 usquead
741 3711 872 3776 tercium
895 3711 1038 3794 gradum.

724 3925 790 3967 cnr.
814 3926 897 3968 nxrv.
920 3927 962 3967 nn
984 3903 1200 3968 intereamus.2

389 4038 471 4104 Item
494 4039 671 4114 statuimus,
696 4043 779 4122 quod
803 4042 915 4123 aliquis
938 4047 1046 4124 pastor
1068 4059 1131 4107 non
1154 4043 1270 4109 debeat
1292 4043 1460 4108 scortioare
1476 4042 1581 4124 aliqua

348 4142 504 4222 animalia,
528 4143 588 4208 nisi
610 4152 706 4226 caput
727 4151 835 4212 teneat
858 4165 928 4211 cum
950 4148 1051 4228 pelle,
1082 4147 1232 4214 uidelicet
1254 4166 1326 4212 cum
1348 4147 1513 4222 auriculis,
1550 4150 1582 4213 et
1683 4163 1685 4184 ⁴

347 4247 425 4312 illud
460 4247 578 4313 debeat
611 4251 787 4330 presentari
820 4251 945 4318 domino
979 4253 1152 4318 bestiamm
1176 4257 1209 4318 et
1232 4253 1258 4318 si
1281 4253 1426 4318 huonon
1459 4250 1579 4336 fecerit,
1683 4255 1685 4346 l

398 4437 510 4501 ¹Deest
525 4443 555 4500 in
570 4443 649 4503 dod.
668 4443 749 4518 Cap.

395 4525 409 4562 ⁹
423 4529 603 4606 Praescripta
618 4530 703 4606 hujus
719 4549 752 4590 ac
767 4533 945 4606 sequentinm
956 4535 1074 4593 duorum
1088 4533 1274 4609 capitulorum
1286 4533 1392 4608 pluries
1404 4533 1498 4592 tractu
1510 4533 1580 4592 tam·
1684 4609 1685 4612 Ἴ

350 4617 426 4693 poris
441 4619 551 4676 mutata
565 4617 662 4688 fuisse,
686 4635 719 4678 ex
742 4635 815 4694 cap.
840 4620 959 4681 oxmv.
984 4621 1151 4701 statuti,
1174 4638 1225 4682 naa
1246 4639 1302 4681 non
1318 4638 1352 4681 ox
1374 4637 1450 4694 cap.
1474 4619 1578 4679 LVHI.

351 4703 673 4766 Reformationum
692 4709 818 4782 apparet.
