3422 5364
343 431 406 498 268

385 636 465 704 Item
487 636 515 702 si
538 634 653 716 aliquis
682 636 795 704 emerit
825 637 963 721 adquam
993 637 1129 705 bestiam
1153 656 1298 722 grossam
1329 638 1380 704 uel
1411 639 1577 721 minutam,

342 759 398 808 seu
420 740 580 824 porcinam
602 740 636 805 in
658 741 789 809 ciuitate
810 742 863 809 uel
885 741 1033 808 districtu
1056 741 1178 826 Spaleti
1201 745 1235 808 et
1258 741 1357 809 uellet
1378 760 1449 808 eam
1473 747 1578 806 extra-

342 844 419 912 here
441 863 498 911 seu
521 843 693 912 extraxerit
722 863 780 928 per
809 864 907 933 mere,
938 845 990 914 uel
1021 864 1080 930 per
1110 851 1237 913 terrem.
1269 845 1373 914 soluat
1401 845 1580 912 denanario

342 947 440 1016 libres
462 969 483 1014 x
504 967 675 1033 paruarum
698 967 757 1033 pro
780 949 962 1019 centenario
986 951 1129 1035 quolibet
1162 949 1337 1018 bestiarum
1368 948 1579 1030 minutarum

342 1071 400 1138 pro
415 1052 542 1120 animali
555 1053 672 1122 bonino
687 1059 815 1138 grossos
830 1061 906 1142 tres,
930 1073 988 1139 pro
1003 1073 1100 1139 porco
1116 1073 1173 1124 seu
1189 1073 1287 1138 porca
1302 1053 1411 1121 soldos
1427 1053 1579 1137 quinque.

385 1157 467 1226 Item
488 1157 516 1226 si
538 1158 608 1242 quis
638 1159 717 1228 ciuis
739 1157 922 1242 Speletinus
949 1161 1003 1228 nel
1028 1161 1191 1229 habitator
1220 1159 1413 1228 conduceret
1441 1158 1581 1240 aliquem

342 1263 477 1333 bestiam
499 1282 645 1347 grossam
667 1264 722 1331 uel
743 1265 897 1333 minutam
913 1271 946 1335 et
962 1285 1033 1334 eam
1056 1267 1228 1336 extraxerit
1249 1285 1308 1350 per
1321 1271 1450 1348 terram,
1474 1263 1582 1332 soluat

342 1386 401 1454 pro
424 1368 605 1437 centenario
634 1369 810 1438 bestiarum
842 1370 1036 1438 minutarum
1064 1371 1162 1440 libres
1193 1371 1341 1456 quinque,
1371 1388 1430 1454 pro
1453 1367 1580 1436 animali

345 1473 462 1541 bouino
485 1473 593 1542 soldos
616 1479 763 1557 quatuor.
786 1473 846 1542 Et¹
861 1474 963 1557 seluo,
986 1476 1072 1559 quod
1094 1475 1122 1544 si
1144 1477 1214 1559 quis
1237 1481 1382 1560 portaret
1395 1492 1454 1560 pro
1470 1491 1582 1540 mense
1695 1469 1697 1512 i

344 1597 404 1646 sue
417 1597 476 1662 per
490 1597 586 1661 mare,
612 1580 738 1647 soluere
760 1597 823 1646 non
847 1585 994 1648 teneatur
1015 1580 1143 1663 aliquod
1166 1580 1288 1658 decium
1304 1580 1344 1648 do
1359 1598 1422 1646 uno
1438 1583 1582 1645 castrato
1696 1655 1697 1670 χ

345 1683 398 1750 uel
426 1681 556 1766 duobus,
587 1683 713 1768 preter²
741 1684 866 1752 bouinis
894 1684 947 1753 uel
977 1684 1081 1752 medio
1111 1702 1217 1770 porco,
1251 1686 1309 1752 sed
1339 1683 1454 1752 abinde
1484 1701 1583 1766 supra
1695 1705 1697 1750 r

344 1787 470 1856 soluere
491 1791 648 1857 teneatur.
1695 1791 1697 1800 ⁴

391 1891 432 1958 st
453 1892 480 1960 ei
503 1891 631 1976 aliquod
653 1893 814 1976 nauigium
837 1891 966 1963 forense
988 1893 1164 1978 applicaret
1185 1895 1217 1959 in
1239 1900 1334 1978 portu
1358 1892 1492 1976 Spelati,
1514 1909 1580 1959 non
1696 1943 1697 1960 r

344 1996 447 2080 possit
467 1994 553 2064 ferre
574 2013 633 2080 pro
656 2015 715 2064 sna
736 2015 855 2078 meuse,
886 1999 1073 2081 nec‘alique
1094 1998 1158 2064 alie
1180 2016 1286 2077 eausa,
1309 1997 1370 2064 nisi
1391 1997 1494 2080 primo
1515 1995 1581 2062 sol·

344 2099 428 2168 uerit
456 2099 629 2168 douenario
660 2101 816 2168 douenem
847 2101 887 2171 de
909 2103 995 2170 omni
1018 2120 1056 2170 eo
1079 2107 1113 2169 et
1135 2120 1174 2168 eo
1197 2107 1275 2181 toto,
1308 2102 1393 2183 quod
1415 2101 1583 2169 exuetere
1696 2165 1697 2168 ,

346 2203 494 2272 uoluerit.
518 2203 579 2271 Et'
594 2204 694 2286 saluo,
718 2207 803 2288 quod
818 2205 845 2274 si
860 2207 974 2289 aliquis
997 2205 1181 2291 Spoletinus
1204 2207 1256 2274 uel
1278 2205 1443 2273 habitator
1459 2204 1583 2289 Spoleti

322 2308 460 2375 'emerit
488 2308 628 2391 aliquam
658 2309 793 2377 bestiam
823 2329 965 2395 grossam
988 2311 1042 2377 uel
1063 2311 1217 2377 minutum
1247 2327 1306 2394 pro
1337 2308 1507 2394 pascendo,
1531 2311 1585 2378 uel

342 2411 527 2495 laborando,
560 2413 688 2482 soluere
717 2434 780 2482 non
811 2421 958 2483 teneatur
990 2415 1109 2497 aliquid
1139 2433 1199 2498 pro
1231 2413 1358 2482 douena
1380 2421 1415 2480 et
1436 2414 1583 2480 etiamsi

344 2515 457 2600 aliquis
479 2515 614 2586 forensis
637 2520 829 2588 conduceret
851 2519 989 2604 aliquam
1011 2520 1147 2588 bestiam
1168 2538 1313 2604 grossum
1335 2518 1406 2585 uel*
1428 2517 1583 2584 minutam

344 2620 378 2686 in
394 2621 523 2691 ciuitate
539 2619 661 2706 Spaleti
684 2641 780 2692 oense
795 2623 897 2708 ipsam
919 2625 1078 2692 uendendi
1094 2630 1128 2692 et
1142 2643 1211 2692 eam
1226 2623 1367 2692 uendere
1382 2641 1446 2689 non
1462 2627 1583 2705 posset,

345 2727 465 2795 licitum
487 2728 530 2796 sit
551 2729 653 2797 eidem
685 2730 787 2812 ipsam
814 2729 952 2798 bestiam
981 2747 1126 2815 grossam
1158 2728 1211 2797 nel
1233 2729 1388 2794 minutam
1419 2725 1585 2794 exuetere

346 2850 405 2917 per
425 2837 544 2900 terrem
567 2833 609 2901 ed
632 2853 723 2902 suum
755 2833 1004 2918 beneplacitum⁶
1027 2835 1149 2916 absque
1177 2833 1238 2899 elio
1263 2831 1351 2899 datio
1373 2831 1426 2898 uel
1448 2831 1583 2915 gabella

347 2939 392 3005 Et
414 2939 525 3006 etium⁶
540 2939 569 3006 si
584 2939 698 3022 aliquis
720 2940 799 3008 ciuis
821 2940 873 3008 uel
893 2939 1056 3007 habitator
1078 2936 1201 3022 Spoleti
1223 2936 1322 3004 uellet
1343 2934 1512 3002 extrahere
1527 2952 1584 3018 per

348 3061 448 3129 mare,
472 3045 525 3112 nel
541 3063 600 3129 per
615 3051 734 3112 torrem
757 3063 868 3112 earnes
883 3063 942 3129 pro
957 3043 1077 3127 nuptijs
1100 3043 1152 3110 uel
1174 3041 1257 3110 testo
1279 3040 1435 3123 iaciendo,
1458 3039 1586 3107 soluere

348 3168 412 3218 non
432 3153 580 3217 teneatur
613 3149 732 3233 aliquid
761 3167 820 3233 pro
850 3149 984 3218 dodana.
1019 3145 1179 3227 Similiter,
1202 3146 1229 3212 si
1252 3145 1368 3228 uliquis
1390 3141 1585 3228 Spoletinus,

347 3253 400 3321 uel
422 3252 583 3322 habitator
598 3251 720 3338 Spalati
743 3258 863 3323 emeret
884 3253 1023 3337 aliquem
1044 3251 1179 3320 besuam
1200 3267 1346 3335 grossam
1362 3249 1416 3316 uel
1430 3247 1587 3314 minutam

348 3362 382 3424 ct
403 3357 505 3440 ipsam
534 3358 633 3426 uellet
660 3376 720 3442 pro
743 3378 802 3426 sua
824 3359 928 3444 domo,
956 3376 1020 3425 non
1051 3361 1198 3425 teneatur
1227 3354 1348 3438 aliquid
1378 3351 1507 3422 soluere
1529 3371 1586 3436 pro

348 3460 485 3550 donans,
508 3463 584 3532 sed⁷
599 3462 626 3530 ei
648 3463 751 3546 ipsam
775 3462 910 3533 bestiam
932 3461 1078 3530 dimiserit
1099 3477 1171 3528 cum
1193 3459 1310 3545 adque,
1334 3457 1440 3526 soluat
1462 3455 1586 3523 dacium

348 3567 574 3650 supradictum.

393 3671 483 3752 Item,
507 3671 620 3754 siquis
643 3671 720 3739 ciuis
736 3672 789 3739 uel
803 3672 964 3740 habitator
987 3668 1108 3754 Spoleti
1131 3669 1184 3735 nel
1206 3672 1373 3751 mercator,
1398 3667 1452 3748 qui
1475 3663 1587 3732 emerit

353 3773 491 3858 aliquem
520 3773 654 3844 boetiam
684 3794 828 3860 grossam
858 3777 910 3843 uel
938 3775 1091 3841 minutam
1121 3771 1173 3840 uel
1203 3771 1366 3854 porcinam
1389 3787 1409 3836 a
1431 3769 1587 3844 columne,

349 3897 412 3963 que
435 3881 539 3948 estin
562 3878 737 3947 confinibus
761 3879 883 3963 Spalati
915 3881 966 3946 uel
996 3877 1076 3946 citra
1099 3879 1150 3945 uel
1173 3894 1286 3944 uersus
1316 3881 1455 3942 montem
1487 3873 1586 3939 suncti

350 3984 437 4066 Luce
461 3989 494 4051 et
516 3983 617 4050 sancti
639 3983 803 4050 Michaelis
834 3990 868 4050 et
895 4003 914 4050 a
937 3982 1055 4050 Chlisio
1086 3983 1166 4048 citra
1188 3986 1220 4048 et
1242 3980 1282 4046 eb
1313 3977 1447 4046 ecclesio
1477 3981 1586 4056 sancto

349 4088 450 4170 Maris
467 4089 507 4156 de
523 4087 628 4172 Nugul
644 4093 678 4154 et
692 4089 733 4155 ab
756 4089 892 4156 ecclesie
914 4089 1014 4154 sancti
1030 4088 1117 4154 Petri
1133 4087 1172 4154 de
1188 4085 1354 4167 Ghumeye
1377 4083 1458 4148 eitra
1473 4099 1586 4147 uersus

348 4191 522 4276 Spalatum,
546 4197 693 4260 teneatur
716 4193 842 4261 soluere
865 4193 985 4259 datium
1008 4191 1235 4274 supradictum.
1265 4187 1314 4254 De
1337 4187 1487 4253 carnibus
1509 4202 1587 4251 uero

394 4368 405 4405 ¹
427 4371 499 4435 God.
522 4371 672 4434 uliud:
699 4371 760 4448 „Eo
776 4371 891 4430 seluo“.
940 4365 1024 4445 'Ap
1041 4368 1067 4429 L
1075 4367 1177 4445 jub.:
1203 4363 1430 4446 „animalibus“.
1482 4361 1493 4398 ³
1515 4361 1587 4424 eod.

347 4459 500 4524 Chindr
526 4460 588 4535 „Eo
611 4455 726 4518 seluo“.
808 4454 819 4490 ⁴
842 4457 932 4517 Deest
954 4457 984 4515 in
1006 4455 1085 4517 cod.
1113 4455 1221 4516 acad.
1244 4452 1281 4512 Α.
1374 4449 1385 4486 ⁵
1408 4451 1474 4510 Hoe
1496 4467 1589 4524 usquo

348 4546 534 4622 transcripsit
554 4545 705 4622 Ljubic'ins
728 4544 858 4604 codicem
880 4561 933 4606 ms.
958 4542 1137 4619 Chindinae3
1161 4540 1314 4616 sequentia
1336 4557 1406 4599 uero
1430 4538 1587 4612 desumpta

351 4637 418 4695 eunt
440 4633 479 4780 egr
501 4649 574 4780 cole
596 4631 660 4692 cod.
691 4631 838 4709 Gieognee
867 4647 946 4693 num.
972 4632 1064 4692 1189.
1180 4627 1271 4705 6Αρ.
1302 4626 1431 4704 Ljub.:
1465 4621 1588 4708 „ltern“.

354 4719 441 4781 'ibi
472 4736 498 4784 ,ι
524 4719 646 4800 „tem“.
