3434 5368
512 701 579 746 usn.
604 703 626 744 1.
649 703 693 748 ns
713 701 924 746 munimus
946 703 1076 746 rusam
1098 681 1268 748 ursum)

311 818 495 886 statuentes
518 821 695 904 statuimus,
726 820 812 902 quod
835 819 941 886 nullus
963 819 1058 886 homo
1082 837 1186 901 neque
1209 819 1329 890 lemine
1351 822 1394 888 sit
1416 842 1511 890 susus

266 924 387 991 Intrare
409 929 528 990 ternum
562 925 695 992 alieuius
717 943 853 1008 persone
874 925 935 990 nisi
965 923 1062 991 luerit
1084 925 1124 992 de
1147 925 1281 992 lieentia
1304 932 1337 994 et
1358 927 1509 994 mandatu

268 1029 377 1110 ipsius,
400 1029 490 1094 cuius
514 1033 564 1095 est
585 1035 689 1108 terra,
724 1034 757 1095 et
779 1030 805 1095 si
828 1027 998 1094 intrauerit
1021 1028 1090 1094 sine
1112 1027 1243 1096 liuencie
1274 1030 1392 1096 domini
1415 1037 1510 1110 terre,

268 1133 384 1215 perdet
404 1143 565 1215 yperpera
584 1151 614 1198 v.
638 1151 701 1214 que
722 1133 854 1200 ueniant
875 1133 916 1206 ed
939 1149 1104 1198 commune
1128 1137 1162 1197 et
1183 1137 1284 1200 tutum
1308 1134 1511 1213 laboremum,

268 1237 354 1318 quod
376 1238 501 1302 miserit
522 1237 575 1302 uel
596 1235 709 1302 lecerit
730 1237 762 1301 in
784 1255 864 1315 eam,
888 1243 921 1302 et
942 1236 1145 1320 laborarium,
1169 1238 1255 1319 qued
1269 1237 1388 1305 fuctum
1404 1237 1511 1320 luerit,

268 1341 309 1404 sit
332 1340 459 1420 demini,
484 1340 573 1406 cuius
597 1345 647 1406 est
668 1345 770 1418 terra,
805 1339 866 1405 nisi
887 1339 985 1406 fuerit
1017 1339 1214 1422 propinquus
1245 1341 1422 1423 specialis,¹
1457 1343 1511 1425 qui

268 1443 387 1509 hebeat
419 1449 542 1526 partem
565 1443 597 1507 in
620 1442 705 1508 dieta
726 1448 815 1510 terra
837 1449 870 1509 et
891 1443 962 1522 ille,
997 1444 1052 1525 qui
1073 1443 1229 1526 inceperit
1250 1445 1413 1526 laborare,
1447 1464 1511 1512 nou

267 1547 382 1627 perdat
416 1547 609 1613 leuberedum
631 1564 724 1612 suum
747 1545 805 1612 sed
828 1547 855 1612 si
878 1546 1016 1629 aliquem
1049 1535 1261 1629 pr'opmquum
1292 1567 1383 1614 suum
1412 1549 1512 1616 habet

268 1649 397 1732 aliquod
419 1649 469 1716 ius
491 1650 523 1714 iu
546 1649 632 1715 dieta
651 1653 748 1728 terra,
773 1649 893 1715 debeat
916 1647 1100 1716 satisfacere
1123 1649 1207 1716 dictu
1229 1651 1384 1733 incepturi
1399 1671 1509 1718 seeun-

269 1751 344 1817 dum
366 1753 452 1834 quod
475 1769 532 1834 pru
554 1751 646 1820 bonIs
678 1751 857 1820 homiuibus
880 1753 942 1819 erit
963 1753 1152 1836 iudicatum,
1187 1754 1241 1835 qui
1264 1755 1330 1820 dati
1352 1749 1512 1820 luerinta

267 1851 408 1923 Comite³
429 1857 480 1923 uel
504 1856 544 1922 ab
566 1856 655 1934 aliie,
691 1857 745 1938 qui
767 1875 825 1938 pro
848 1855 918 1922 loco
942 1857 1011 1922 eius
1034 1862 1144 1938 erunt,
1182 1865 1215 1923 et
1238 1859 1344 1924 soluat
1377 1857 1511 1940 quilibet

267 1959 464 2041 propinquus
497 1963 623 2042 purtem
658 1978 748 2026 suam
769 1961 796 2026 si
819 1961 956 2028 uoluerit
988 1961 1107 2026 habere
1141 1961 1320 2043 partemin
1343 1961 1427 2028 dicto
1463 1960 1509 2028 ln-

265 2057 400 2130 burem'o.
1206 2074 1213 2090 “

511 2208 579 2252 uns.
602 2208 636 2250 m.
659 2207 701 2252 us
723 2207 934 2251 mnsnrmus
957 2207 1073 2252 nouum
1092 2185 1265 2251 sumtuum.⁴

311 2321 391 2388 Item
414 2324 582 2390 statuimus
605 2328 639 2388 et
661 2323 861 2402 ordinamus,
890 2323 975 2406 quod
997 2323 1103 2389 nullus
1126 2323 1220 2389 humo
1244 2343 1304 2390 nen
1328 2323 1445 2390 lemine
1468 2325 1510 2392 sit

267 2445 362 2492 ausus
384 2427 505 2493 intrare
528 2427 561 2492 in
583 2427 721 2508 aliquem
745 2427 882 2506 domum,
906 2431 940 2491 et
961 2426 987 2492 si
1011 2427 1187 2505 intrauerit,
1212 2427 1319 2494 solunt
1333 2445 1509 2510 yperperos

267 2531 310 2611 vJ.
335 2548 468 2612 quorum
491 2531 645 2597 medietas
669 2530 712 2595 sit
733 2529 907 2596 cummunis
930 2535 964 2594 et
986 2519 1224 2596 slia‘memetas
1248 2530 1340 2615 illius,
1372 2531 1422 2596 tui
1444 2531 1510 2597 uls⁵

267 2633 352 2700 faeta
374 2641 442 2712 est,
476 2635 558 2700 etsi
581 2633 911 2711 unnesrdsueritille,
946 2633 996 2698 eui
1018 2631 1103 2699 lenta
1125 2639 1190 2716 eet,
1226 2635 1354 2700 emittat
1384 2640 1509 2716 partem

269 2756 356 2804 suam
380 2739 407 2804 si
430 2738 598 2822 probatum
620 2736 719 2802 fuerit
739 2755 797 2818 per
824 2736 925 2804 bunos
947 2741 981 2802 et
1001 2735 1143 2818 ydoneos
1163 2739 1272 2818 testes,
1295 2736 1349 2802 uel
1369 2754 1428 2820 per
1449 2754 1508 2820 pu·

268 2841 381 2908 bunun
403 2840 520 2908 umam
541 2840 604 2908 erit
624 2837 838 2906 manifestum.

569 3017 636 3062 usu.
659 3017 707 3061 m.
730 3017 773 3061 nn
793 3015 934 3061 munio
955 3013 998 3060 sn
1020 2991 1209 3061 susurrum·

310 3118 391 3183 Item
413 3116 582 3184 statuimus
605 3115 859 3195 dominamus,
896 3115 981 3196 quud
1004 3115 1032 3180 si
1055 3114 1170 3197 aliquis
1193 3121 1326 3184 uocatus
1348 3113 1445 3182 luerit
1466 3113 1508 3182 sd

267 3219 417 3303 placitum
440 3237 497 3302 per
519 3218 649 3298 furtum,
682 3226 715 3286 et
737 3219 869 3301 pecierit
892 3219 1074 3300 eonsilium,
1109 3217 1227 3285 hebeat
1260 3219 1429 3284 terminum
1450 3235 1505 3300 ρει

268 3331 334 3389 tres
357 3321 425 3389 dies
447 3329 481 3389 et
503 3323 530 3388 si
553 3341 616 3388 non
639 3322 763 3389 uenerit
784 3321 868 3388 inire
889 3329 956 3388 tres
978 3321 1056 3401 dies,
1080 3321 1175 3388 cudat
1196 3323 1236 3390 ab
1259 3321 1344 3387 omni
1366 3321 1435 3390 iure
1449 3337 1508 3390 suo

267 3427 307 3492 de
331 3425 416 3492 dictu
450 3425 536 3492 Iurto
559 3433 593 3490 et
614 3445 711 3508 super
733 3425 838 3493 omnia
868 3427 951 3492 bona
973 3444 1032 3491 sua
1053 3426 1158 3492 soluat
1192 3425 1310 3490 dietum
1333 3424 1453 3492 furtum
1475 3429 1510 3492 et

268 3531 405 3596 bannum
429 3529 620 3606 ordinatum,
645 3535 678 3595 et
700 3549 763 3596 non
785 3529 905 3595 habeat
927 3529 1117 3595 aduocatum
1139 3529 1202 3594 nisi
1217 3528 1329 3594 melior
1352 3528 1453 3611 (ειίι)τ
1468 3529 1509 3596 de

268 3633 362 3700 dumo
388 3651 454 3700 sua
488 3632 533 3699 Et
556 3633 583 3698 si
606 3631 703 3700 luerit
725 3633 839 3715 ailquis
861 3633 1041 3700 insensatus
1070 3631 1121 3698 uel
1144 3629 1253 3711 lullus,
1288 3629 1328 3698 de
1351 3631 1456 3700 dando
1478 3631 1509 3698 ei

271 3735 462 3802 aduncatum
485 3736 527 3802 sit
547 3735 581 3802 in
603 3735 809 3818 prouidencia
841 3735 963 3802 comitis
986 3735 1038 3801 uel
1060 3733 1254 3802 uiceeomitIs
1277 3739 1311 3802 et
1332 3753 1390 3802 sue
1412 3733 1509 3806 curie.

316 3925 327 3962 ¹
343 3929 388 3989 Gi.
405 3947 467 4006 cap.
484 3925 589 3990 LVIII.
607 3927 721 3987 Statuti.
739 3927 838 4002 Neque
854 3944 995 4002 praesens,
1012 3943 1102 4002 neque
1117 3927 1266 4001 sequentia
1281 3923 1406 4002 capitula
1421 3924 1508 4001 hujus
1587 3943 1590 3948 ·

268 4015 508 4090 augmentationis
523 4005 695 4074 statutorum
712 4013 968 4088 suprascriptorum
985 4016 1052 4073 sunt
1066 4013 1212 4088 inscripta.
1231 4013 1289 4072 Ilus
1308 4029 1373 4072 veru
1388 4011 1507 4087 inserip-

268 4103 357 4162 tiones
372 4115 405 4160 ex
421 4101 483 4176 ipsu
498 4101 611 4160 Statutn
626 4103 767 4175 quantum
783 4103 876 4174 potest
891 4101 1044 4174 pnsuImus.

313 4184 396 4262 'An
413 4189 615 4262 Hormsyr:
636 4186 841 4264 „pesonarum

314 4269 326 4307 ⁸
340 4273 396 4348 Ap.
411 4273 563 4350 liubit:
582 4273 779 4354 „communiet

317 4355 389 4419 ‘Oi
405 4377 469 4433 usp.
486 4355 562 4421 LIX.
580 4360 696 4421 Statuti.

313 4441 396 4520 ⁵Ap.
413 4446 437 4504 L
442 4445 551 4522 jubit
567 4448 596 4504 et
610 4445 746 4506 Horma
757 4461 798 4520 yr
821 4444 943 4520 legitur:
970 4445 1069 4524 „euius
1084 4445 1142 4504 rim
1157 4443 1179 4506 I.
1196 4441 1241 4506 e.“
1259 4459 1344 4518 quam
1361 4442 1508 4504 lentiuuem

267 4533 462 4608 surrigendam
479 4549 540 4592 essa
556 4549 702 4593 censemus
717 4531 754 4590 ad
769 4531 860 4592 instar
875 4530 1002 4594 lectionis
1019 4549 1080 4610 usp.
1098 4549 1121 4592 e.
1139 4529 1253 4591 Statuti.

312 4615 384 4680 ‘di
401 4633 462 4697 usp,
479 4619 537 4680 LX.
554 4619 671 4680 statuti.

315 4701 328 4741 ⁷
344 4705 547 4789 Appenninus,
563 4723 737 4782 quamquam
752 4706 831 4766 deest
847 4721 893 4782 ap.
910 4704 1048 4783 ujubit
1063 4706 1092 4766 et
1107 4703 1297 4782 normayr.
