3388 5356
1351 433 1414 498 VII

211 636 348 706 Statuta
366 638 446 704 baec
462 639 597 704 manime
614 645 759 722 exparte
775 657 842 722 cap.
860 637 959 706 XXV.
977 639 1087 706 statuti
1103 641 1177 705 novi
1194 643 1227 704 et
1242 657 1310 721 cap.
1327 639 1413 705 VIII.

161 741 238 808 libri
260 743 320 809 III.
345 746 458 810 statuti
481 745 597 811 veteris
623 745 728 818 denuo
752 745 873 810 inserta
895 745 1039 828 legimus.

206 847 301 914 Anno
329 854 421 914 1223.
446 867 560 928 comes,
593 850 779 924 vicecomes,
808 850 942 931 judiees,
975 851 1120 916 consules
1153 866 1279 930 quoque
1303 849 1414 930 Spala-

161 957 276 1019 131333
300 973 371 1020 oum
394 960 462 1021 toto
486 955 615 1038 popolo,
640 954 680 1020 de
704 956 859 1022 communi
884 956 1022 1020 omnium
1045 955 1212 1020 voluntate
1236 953 1413 1036 firmavere,

163 1058 273 1142 ,quod
297 1059 412 1126 amodo
432 1058 538 1124 nullus
561 1057 648 1133 ciris,
673 1060 722 1124 vel
750 1065 924 1125 extraneus
956 1059 1062 1124 vinnm
1087 1057 1253 1142 Spalatum
1276 1076 1334 1126 nec
1357 1076 1414 1141 per

160 1179 263 1245 mare,
280 1181 387 1245 neque
402 1183 460 1246 per
474 1169 594 1230 terram
610 1169 775 1246 apportet:
796 1165 822 1228 si
837 1166 1007 1230 extradeus
1022 1163 1250 1246 apportaverit,
1267 1169 1414 1230 teneatur

161 1267 244 1332 dare
275 1269 309 1333 in
340 1287 503 1335 commune
533 1269 574 1334 de
604 1287 666 1336 uno
698 1270 880 1335 centenario
912 1269 1021 1334 decem
1045 1285 1115 1351 ppr.
1155 1267 1241 1333 Civis
1264 1273 1412 1334 teneatur

159 1372 243 1439 dare
266 1373 406 1438 bannum
437 1373 604 1439 duodecim
637 1380 790 1438 romanat.
829 1375 866 1438 In
890 1362 1060 1455 uind'ernijs
1084 1373 1189 1438 nullus
1213 1378 1337 1454 partem
1362 1375 1410 1437 sui

159 1477 241 1560 socij
260 1483 356 1557 emat,
373 1495 463 1544 suam
478 1484 601 1560 partem
619 1476 732 1544 afferat
747 1484 780 1543 et
795 1483 918 1559 partem
932 1478 1008 1560 soeij
1022 1477 1231 1560 derelinquat.
1250 1476 1410 1562 Similiter,

160 1582 217 1660 qui
241 1579 436 1647 frumentum
461 1581 613 1665 attulerit,
637 1581 689 1646 bio
713 1583 832 1647 vendat
854 1588 887 1647 et
910 1588 1001 1646 entra
1020 1600 1083 1647 non
1099 1587 1224 1663 portet;
1248 1583 1301 1664 qui
1318 1581 1412 1647 aliter

158 1684 287 1764 feeerit,
312 1686 416 1752 soluat
438 1687 578 1752 bannum
591 1687 767 1753 duodecim
791 1683 1004 1752 romanatos“.
1031 1682 1092 1770 (Cf.
1110 1686 1313 1751 1133133-
1331 1685 1351 1750 1.
1369 1686 1409 1769 c.)

206 1788 281 1855 Hoc
304 1809 430 1873 quoque
453 1792 533 1874 legis
557 1791 789 1874 praescriptum
813 1791 972 1857 nonnullis
994 1790 1072 1856 locis
1096 1789 1207 1856 statuti
1230 1790 1348 1856 veteris
1363 1790 1409 1854 in-

158 1895 317 1960 venimus.
341 1894 401 1978 (ut.
425 1895 478 1962 lib.
502 1895 559 1961 IV.
583 1914 609 1961 c.
637 1901 714 1976 112;
738 1895 790 1962 lib.
816 1895 853 1960 V.
879 1912 947 1976 cap.
972 1893 1039 1980 20.)
1339 1955 1343 1966 .

205 1998 263 2064 Ca.
290 2019 319 2064 a.
347 2005 437 2066 1240.
462 2001 597 2082 denique
621 1999 742 2082 Spalati
770 1999 836 2081 jam
859 1998 965 2081 legurm
996 2005 1029 2064 et
1059 1999 1321 2076 consuetudinum
1345 2000 1409 2064 ool·
1519 2069 1523 2079 ,

159 2103 335 2170 lectionem
371 2104 545 2170 confectam
579 2104 689 2188 fuisse,
726 2103 848 2168 Thomu
878 2102 1108 2168 drohidiacono
1143 2102 1213 2168 fulti
1249 2101 1409 2169 affirmare

158 2227 345 2290 possumus.
369 2209 405 2274 In
430 2228 525 2290 opere
549 2209 641 2286 enim,
666 2208 752 2290 quod
778 2207 940 2293 „Historia
956 2205 1209 2272 Salouitanorum
1226 2203 1408 2287 pontificum

26 2307 29 2312 ’
158 2321 259 2395 atque
282 2311 537 2395 Spalatensiurn“
571 2313 758 2394 inscriptum
792 2317 850 2390 est,
883 2317 994 2376 auctor
1024 2310 1078 2375 ille
1112 2304 1179 2393 'cap
1204 2310 1334 2375 XXXV.
1360 2330 1409 2376 se·

160 2417 296 2498 quentia
320 2419 360 2483 de
384 2437 423 2485 eo
447 2417 586 2498 profert:
613 2416 800 2502 „Garganus
817 2416 973 2498 (potestas
993 2415 1142 2497 civitatis)
1158 2414 1235 2480 iecit
1250 2415 1409 2496 quoddam

158 2522 312 2587 volumen
335 2520 414 2601 fieri,
447 2521 533 2603 quod
556 2520 776 2602 capitularium
800 2518 981 2600 appellavit,
1012 2518 1045 2582 in
1076 2535 1114 2582 ao
1135 2519 1232 2599 jussit
1254 2518 1409 2584 conscribi

159 2643 274 2691 omnes
308 2625 557 2694 consuetudines
589 2627 706 2706 bonas,
742 2642 821 2704 quas
856 2622 968 2688 civitas
1002 2621 1160 2688 babuerat
1193 2623 1233 2688 ab
1266 2622 1407 2708 antiquo,

159 2731 385 2812 superaddens
408 2731 509 2796 multa
532 2729 595 2795 alia
614 2729 696 2809 jura,
721 2747 803 2810 quae
828 2727 1018 2793 videbantur
1040 2728 1221 2794 necessaria
1235 2727 1267 2792 in
1283 2727 1407 2792 actibus

158 2833 299 2916 publicis
322 2841 357 2900 et
377 2834 509 2916 privatis
534 2852 574 2897 .u.
598 2832 631 2896 in
654 2833 759 2898 causis
774 2832 990 2914 expediendis,
1014 2832 1047 2896 in
1062 2829 1225 2914 maledoijs
1240 2831 1407 2913 puniendis

158 2943 194 3004 et
217 2957 276 3020 pro
295 2939 423 3025 justitia
445 2957 548 3021 aequo
572 2938 738 3004 libramine
760 2935 908 3003 'omnibus
931 2937 1118 3003 exbibenda.
1144 2936 1245 3014 Quem
1265 2935 1406 3002 libellum

127 3044 248 3108 ouria
278 3061 406 3124 semper
434 3042 574 3108 babebat
607 3059 685 3122 prae
720 3041 874 3127 manibus,
909 3059 968 3108 neo
998 3042 1120 3123 absque
1142 3061 1180 3108 eo
1199 3041 1333 3123 judiees,
1356 3041 1407 3106 vel

157 3147 307 3214 advocati
328 3147 368 3213 ad
384 3147 585 3213 discutienda
601 3163 767 3212 cansarum
783 3147 898 3211 merita
913 3143 1159 3226 procedebant“.
1184 3144 1245 3226 (cf.
1263 3145 1406 3212 Lucius

157 3289 199 3299 -
222 3253 275 3318 De
297 3273 324 3316 r.
348 3251 452 3317 Dalm.
476 3287 517 3298 -
542 3249 735 3317 Amstelaed.
763 3253 854 3315 1666.
879 3269 909 3333 p.
935 3252 1022 3330 347.)

201 3355 342 3423 Omnino
371 3356 505 3438 proinde
536 3355 715 3420 sententiae
748 3354 897 3420 assentiri
920 3371 1099 3438 possumne,
1131 3373 1224 3436 quarn
1246 3345 1405 3420 Fariatius

157 3461 198 3527 de
214 3460 389 3528 Peroevalo
413 3459 593 3541 explanavit
610 3459 659 3526 his
678 3458 801 3527 verbis:
828 3458 931 3544 „Dum
947 3459 1064 3525 Petrus
1080 3459 1289 3541 praesidebat
1304 3457 1403 3524 eoele-

156 3567 235 3644 siae‚
252 3571 411 3632 rectorem
427 3565 493 3631 sive
509 3569 702 3645 potestatem
716 3563 922 3646 Spalatenses
939 3582 977 3628 ex
988 3563 1084 3628 Italia
1100 3580 1158 3646 pro
1174 3580 1262 3628 more
1277 3562 1404 3627 illorum

155 3675 339 3751 temporum
369 3669 429 3734 sibi
460 3668 670 3747 adsciverant,
706 3668 832 3732 nomina
855 3667 1066 3746 Percevalem‚
1103 3685 1196 3749 quem
1227 3671 1261 3732 et
1291 3666 1403 3732 Peroe

156 3774 266 3840 valum
289 3773 485 3855 appellatum
508 3771 645 3850 invenio,
669 3771 772 3854 patria
795 3772 988 3854 Firmanum,
1012 3771 1128 3836 illustri
1150 3789 1267 3856 genere
1284 3775 1402 3854 natum,

156 3877 312 3961 singulari
344 3876 524 3944 eruditione
557 3893 595 3941 ae
626 3876 771 3942 doctrina
801 3875 989 3957 praeditum,
1020 3876 1190 3957 prasertim
1221 3893 1296 3941 vero
1321 3873 1403 3957 juris

155 3982 325 4064 utriusque
357 3981 485 4064 egregie
517 3981 664 4063 peritum.
703 3978 764 4044 Hic
794 3995 876 4045 anno
903 3986 993 4046 1312.
1016 3982 1090 4061 jura
1112 3985 1146 4044 et
1167 3983 1289 4044 statuta
1312 3997 1403 4060 prae·

155 4086 343 4165 clarissima,
373 4086 490 4167 partim
522 4103 560 4150 311
592 4085 732 4166 antiquis
763 4083 999 4166 Spalotensium
1029 4083 1184 4149 institutis
1215 4087 1248 4148 et
1277 4082 1402 4164 legibus

157 4191 302 4269 collecta,
335 4189 451 4270 partim
474 4189 515 4255 ab
539 4188 728 4254 reinventa
751 4187 936 4270 descripsit;
968 4187 1082 4268 quibus
1106 4187 1210 4252 omnia
1233 4185 1403 4252 distribute

157 4303 257 4377 atque
288 4295 399 4360 ordine
430 4293 621 4376 complexus,
653 4310 735 4374 qnae
767 4293 808 4358 ad
838 4310 905 4357 rem
938 4310 1059 4358 sacram
1089 4289 1402 4372 aecclesiasticam,

156 4398 291 4480 civilem,
322 4397 501 4477 militarem,
532 4397 702 4481 forensem,
734 4396 939 4462 annonariam
970 4395 1141 4478 pertinent,
1174 4393 1401 4460 nihilomnino

155 4501 381 4587 praetermisit¹
406 4503 491 4584 quod
513 4503 546 4566 in
570 4501 653 4566 omni
677 4502 759 4566 bene
782 4505 905 4566 morata
927 4505 961 4566 et
983 4501 1064 4566 bane
1086 4500 1258 4565 constituta
1274 4498 1402 4564 civitate

156 4609 197 4676 ad
219 4625 386 4674 commune
409 4605 629 4688 privatumque
653 4605 851 4672 commodum
876 4605 1049 4672 desiderari
1072 4604 1182 4686 possit.
1220 4603 1288 4668 Has
1312 4602 1400 4686 leges

157 4713 190 4778 in
212 4731 270 4780 nex
293 4711 391 4779 libros
416 4707 605 4792 disparunt
629 4708 730 4794 (lllyr.
756 4728 834 4776 saer.
858 4709 915 4775 111.
940 4729 970 4791 p.
995 4709 1083 4792 304.)
