3434 5368
347 491 389 556 28

345 717 403 782 pro
425 697 526 782 primo
549 698 641 780 culpo
671 715 828 781 yparpera
857 698 989 780 triginta
1010 703 1045 764 et
1066 717 1123 781 pro
1147 697 1290 780 quolibet
1323 693 1469 778 sequenti
1491 710 1590 777 yper·

346 822 426 887 pero
446 803 585 884 quinque
607 809 642 870 et
663 803 777 868 sedeat
796 804 830 868 in
852 805 1046 882 carceribus,
1078 808 1114 868 rt
1137 821 1234 886 supra
1256 807 1292 868 et
1311 819 1373 866 non
1397 805 1498 878 exeat,
1528 797 1593 863 nisi

345 907 453 974 soluat
483 905 600 972 dictam
630 925 760 989 penam3
792 907 882 974 saluo
905 925 940 972 se
963 906 1185 984 defendendo,
1220 923 1283 988 que
1312 902 1455 972 defensio
1486 903 1593 986 possit

344 1013 485 1094 legitime
506 1011 634 1093 probari
656 1011 697 1077 ad
719 1011 823 1078 minua
845 1031 902 1093 per
924 1012 1003 1078 duos
1026 1011 1161 1078 idoneos
1183 1015 1292 1090 testes,
1326 1009 1379 1076 uel
1402 1028 1461 1092 per
1483 1007 1591 1090 publi·

347 1133 414 1181 carn
437 1113 565 1180 lamam.

661 1259 730 1304 GAP.
754 1261 811 1302 vn.
832 1262 873 1304 nit
895 1261 978 1304 nnus
1001 1261 1270 1305 ennousswnrnus

388 1359 469 1425 ltern
503 1361 659 1425 statutum
692 1364 725 1424 et
752 1357 934 1424 ordinatum
965 1365 1032 1438 est,
1067 1359 1152 1441 quod
1185 1357 1363 1440 quicunque
1395 1355 1592 1440 percusserit

347 1459 604 1544 quomodolibet,
643 1465 775 1545 propter
809 1481 903 1544 quam
924 1453 1173 1544 ‘percussionem
1209 1477 1377 1546 percussus
1410 1459 1592 1526 incurreret

346 1566 517 1647 dampnum
540 1569 574 1632 et
595 1583 761 1649 expensas,
794 1583 962 1648 percussor
985 1563 1090 1632 soluat
1113 1583 1223 1631 omnes
1245 1561 1416 1630 medicinas
1438 1565 1472 1629 et
1493 1577 1590 1628 omne

346 1667 517 1750 dampnum
540 1671 574 1733 et
595 1665 759 1748 interesse,
782 1668 867 1750 quod
890 1667 1067 1736 incurreret
1088 1685 1269 1752 percussus,
1293 1663 1377 1750 quod
1401 1665 1444 1731 sit
1463 1663 1495 1729 in
1510 1681 1589 1747 pro-

352 1769 499 1850 uidencia
520 1769 647 1838 maioris
671 1769 771 1855 partis
795 1770 964 1854 regiminis.

638 1951 706 1994 ΟΑΡ.
729 1951 798 1992 vm.
821 1952 864 1993 DE
885 1951 1054 1996 mentorum
1075 1951 1285 1995 HBUBBOBUI.

389 2047 470 2114 Item
494 2053 649 2114 statutum
672 2055 707 2115 et
729 2049 908 2116 ordinatum
931 2055 998 2128 est,
1033 2050 1117 2133 quod
1140 2051 1168 2117 si
1192 2067 1256 2134 quo
1278 2039 1413 2134 persona
1435 2060 1590 2131 percusse

345 2153 496 2234 perderet
516 2151 645 2234 aliquod
665 2154 842 2220 membrum
858 2153 1022 2221 occadona
1036 2154 1261 2236 percussionis,
1283 2151 1434 2221 uidelicet
1447 2167 1588 2228 monum,

347 2253 471 2338 pedem,
495 2271 616 2337 nasum,
641 2257 775 2336 oculum,
799 2257 948 2340 linguam,
982 2259 1165 2340 percussor¹
1187 2257 1303 2340 perdat
1334 2273 1494 2340 yperpera
1514 2271 1589 2321 cau·
1690 2261 1692 2266 '

346 2363 423 2440 tum,
446 2376 582 2443 quorum
612 2359 768 2428 medietas
791 2361 834 2427 ait
855 2361 1045 2439 communis,
1076 2366 1108 2428 et
1132 2361 1195 2427 olio
1216 2358 1373 2426 medietas
1395 2355 1500 2432 illius,
1533 2355 1590 2438 qui

346 2463 520 2530 membrum
543 2464 727 2546 perdiderit,
752 2465 778 2530 si
801 2462 887 2531 inira
902 2465 1071 2531 terminum
1088 2465 1304 2543 aocusauerit3
1327 2469 1361 2529 et
1376 2462 1404 2528 si
1419 2477 1591 2544 percussor

347 2585 411 2635 non
434 2567 581 2634 habuerit
603 2565 685 2633 vnde
708 2565 844 2650 soluere,
869 2568 983 2650 perdat
1001 2565 1177 2634 membrum
1201 2585 1259 2650 pro
1282 2566 1442 2645 membr03
1470 2563 1530 2630 uisi
1552 2581 1591 2629 se

346 2667 562 2748 defendendo,
599 2685 660 2752 que
683 2669 826 2738 defensio
850 2671 967 2738 debeat
988 2669 1153 2754 legiptime
1187 2667 1318 2753 probari
1339 2685 1396 2752 per
1418 2667 1498 2734 duos
1519 2666 1589 2732 ido-

346 2790 424 2839 neos
447 2777 557 2852 testes,
580 2775 632 2840 uel
654 2794 713 2857 per
735 2775 893 2857 publicam
916 2773 1041 2840 lamam.

673 2979 676 2990 ι
699 2953 767 2998 ΟΠ.
790 2954 834 2996 IX.
858 2953 901 2997 D!
923 2953 1035 2998 URBE
1057 2952 1235 2997 mmuosns.

391 3049 471 3118 Item
495 3055 650 3118 statutum
672 3057 706 3120 et
723 3052 907 3118 ordinatum
929 3055 997 3130 est,
1032 3051 1117 3133 quod
1147 3050 1326 3132 quicunque
1356 3046 1471 3132 [inerit
1492 3045 1589 3111 odoni

345 3153 448 3219 uerbo
469 3154 649 3234 iniuriosa⁹
671 3155 786 3238 perdet
807 3173 964 3238 yperpern
985 3151 1058 3234 duo,
1093 3173 1227 3238 quorum
1259 3151 1415 3219 medietas
1438 3150 1480 3217 sit
1502 3167 1589 3214 com-

348 3255 452 3321 mnnis
477 3261 510 3322 et
532 3255 595 3322 ulia
617 3257 762 3324 iniuriam
786 3259 882 3344 passi,
914 3259 940 3324 si
963 3258 1050 3325 solus
1072 3257 1287 3336 accusauedt3
1322 3257 1351 3322 si
1373 3272 1450 3320 uero
1474 3251 1591 3318 dixerit
1627 3279 1633 3286 ·

349 3357 461 3442 aliquis
495 3359 639 3426 iniuriam
663 3361 756 3428 odoni
777 3361 809 3428 in
833 3361 1003 3444 presencia
1025 3359 1189 3443 regiminis
1212 3359 1254 3426 od
1276 3347 1421 3426 bennum
1435 3355 1587 3432 sedentis,

348 3461 454 3530 soluat
474 3481 633 3548 yperpera
655 3467 790 3547 quatuor
812 3483 870 3548 pro
894 3463 1066 3531 medietate
1089 3463 1255 3543 communi,
1279 3467 1312 3530 et
1334 3461 1398 3528 alia
1414 3459 1591 3526 medietate

350 3565 498 3634 iniuncto
532 3569 713 3647 accusanti,
748 3575 785 3635 et·
815 3569 844 3634 si
876 3567 1022 3634 iniuriam
1056 3585 1170 3649 passus
1201 3581 1352 3633 accusare
1387 3581 1450 3630 nou
1479 3559 1590 3640 uellet,

349 3669 553 3737 nihilomiuus
587 3671 728 3756 regimen
751 3690 808 3755 per
830 3673 899 3738 cius
921 3677 1153 3738 sacramentum
1175 3673 1323 3736 teneatur
1355 3665 1470 3751 punire
1491 3663 1590 3730 maie-

349 3769 507 3841 dicentem
529 3773 562 3841 in
584 3775 748 3860 yparperis
771 3775 896 3842 duobus
920 3775 1076 3843 communi
1100 3773 1304 3858 applicandis.

629 3954 696 3998 one.
720 3955 751 3998 x.
775 3951 952 3999 seuuemo
974 3944 1143 3998 mundans
1165 3949 1310 3996 tuoruum.

392 4053 472 4118 ltenr
496 4058 652 4119 statutum
675 4059 708 4120 et
730 4053 910 4121 ordinatum
933 4059 998 4134 est,
1033 4052 1118 4133 quod
1149 4051 1328 4131 quicunque
1360 4045 1476 4112 dmerit
1497 4043 1592 4108 alicui

349 4156 487 4221 iudicum
510 4157 610 4222 uerba
624 4157 785 4236 iniuriose,
809 4155 959 4222 uidelicet
975 4155 1127 4221 maiorum
1143 4153 1291 4230 iudicum,
1315 4151 1420 4216 soluat
1434 4165 1594 4230 yperpera

347 4265 484 4343 quotuor
506 4279 563 4342 pre
586 4255 834 4344 medi(etata)⁸
857 4253 1023 4340 communi,
1059 4263 1092 4326 et
1113 4255 1178 4323 elie
1198 4253 1370 4322 medietate
1392 4249 1507 4335 iudici,
1539 4249 1591 4315 cui

347 4359 462 4429 iniuria
484 4361 570 4429 dicto
591 4361 696 4444 luerit,
720 4363 746 4430 si
770 4362 857 4429 solus
880 4359 1086 4429 accusauerit.

395 4554 405 4591 ¹
422 4555 504 4634 ooo:
523 4557 570 4635 ,et
584 4549 763 4632 pereussor“.

394 4639 507 4721 ’earm
528 4641 720 4726 ,ioriosa“,
737 4657 779 4705 er.
797 4641 930 4703 mendum
945 4639 1066 4702 librarii.
1144 4685 1154 4704 .

397 4727 509 4810 'capa
529 4729 675 4812 „medl“.
