3434 5368
249 441 297 511 v1

256 650 472 718 vetustissima
486 653 597 716 statuti
619 651 717 732 ipsius
732 649 835 716 forma
850 651 1046 718 restituenda
1061 651 1111 729 sit,
1137 670 1214 718 sane
1228 651 1385 718 incertum
1401 659 1497 734 atque

256 755 385 821 dubium
408 761 468 832 est,
491 755 537 820 ita
558 761 594 820 ut
608 756 885 836 pertractationem
902 756 999 821 totius
1022 755 1068 820 rei
1089 756 1191 822 minus
1213 755 1338 821 facilem
1359 775 1431 822 esso
1447 757 1498 820 vix

258 877 455 940 quemquam,
473 859 526 940 qui
541 859 574 924 in
590 859 743 926 eiusmodi
755 861 850 925 rebus
866 861 1085 942 perquirendis
1097 867 1252 940 versatur,
1274 862 1375 926 latero
1390 867 1496 942 queat.

297 965 334 1029 ln
357 965 504 1030 nonnulis
527 963 653 1046 quidem
680 964 840 1046 generalis
872 955 994 1030 consilii
1023 963 1225 1032 Ourzuieusis
1257 965 1391 1032 decretis
1424 965 1494 1031 dies

258 1075 354 1151 atque
377 1087 478 1134 annus
501 1067 680 1151 adscriptus
704 1075 770 1147 est;
793 1069 945 1134 nonnulla
967 1069 1121 1151 quaedam
1138 1070 1201 1135 alia
1217 1075 1361 1152 tempore
1383 1088 1499 1136 recen-

255 1175 337 1241 tiore
360 1173 505 1241 confecte
534 1192 604 1240 esso
634 1192 673 1240 ex
704 1173 837 1256 singuiis
867 1192 975 1240 eorum
1007 1174 1271 1256 proprietatibus,
1303 1181 1412 1240 etoto
1438 1176 1491 1256 qui

255 1279 370 1344 dicitur
392 1278 574 1344 charactere
592 1297 701 1344 eorum
718 1277 906 1345 concludere
922 1297 1104 1360 possumus:
1127 1279 1330 1346 nibilominus
1349 1279 1498 1361 quaestio

255 1383 356 1449 oritur
378 1401 455 1448 sane
477 1381 623 1463 difficilis,
646 1401 720 1448 num
744 1391 776 1450 et
792 1400 873 1465 quae
889 1383 987 1450 totins
1007 1387 1197 1450 statutorum
1209 1383 1282 1450 libri
1295 1390 1406 1467 partes
1430 1383 1499 1463 ilio,

259 1505 351 1570 quem
376 1505 472 1569 supra
494 1487 657 1553 attulimus
681 1506 762 1553 anno
786 1486 899 1572 (1214)
924 1488 1120 1569 conscriptae
1143 1490 1214 1554 sint.
1248 1523 1251 1536 ·

302 1590 391 1669 Quae
414 1593 559 1674 quaestio
582 1602 619 1657 ut
641 1593 798 1674 copiosius
830 1593 1036 1660 adumbretur
1058 1599 1092 1658 et
1114 1591 1269 1658 adfinem
1293 1593 1497 1676 perducatur,

258 1698 385 1762 maximi
400 1697 541 1780 proiecto
558 1699 707 1763 momenti
723 1699 911 1780 suppetitias
926 1699 1018 1764 nobis
1034 1685 1201 1780 praebebit
1223 1697 1499 1763 confirmatio

257 1801 312 1867 iiia
341 1807 381 1866 et
411 1803 703 1885 augmentatio
737 1809 997 1868 statutorum
1031 1803 1229 1868 civitatis
1258 1821 1303 1867 ac
1333 1801 1501 1869 insulae

261 1906 1501 1990 OurzulaetemporeMarsiliiGeorgiicomitiafamaquam

261 2013 363 2096 primo
382 2011 608 2095 'publicationis
631 2021 760 2078 nostrae
783 2013 853 2078 loco
875 2013 1049 2094 posuimus.

301 2116 337 2182 In
354 2113 600 2182 confirmationis
615 2115 699 2182 iilius
715 2119 875 2198 prooemio
888 2136 993 2182 comes
1006 2115 1209 2182 Gur-aulensis
1224 2116 1385 2182 Marsilius
1398 2115 1501 2184 Geor·-

259 2221 321 2302 gio,
346 2220 399 2302 qui
422 2220 525 2286 insula
548 2219 685 2286 Gurzula
708 2241 736 2286 a.
764 2227 856 2286 1254.
879 2223 1000 2302 potitus
1024 2228 1090 2302 est,
1114 2221 1267 2302 cuiusque
1290 2219 1408 2286 familia
1440 2222 1500 2287 sub

260 2323 454 2390 Venetorum
488 2321 679 2406 reipublicae
709 2323 772 2390 fide
803 2331 897 2407 atque
928 2323 1029 2390 tutela
1054 2341 1155 2406 usque
1186 2324 1227 2388 ad
1257 2343 1373 2390 annum
1407 2329 1500 2390 1353.

245 2445 330 2493 eam
352 2427 491 2511 retinuit,
516 2427 666 2508 declarat,
690 2447 725 2494 se
751 2433 890 2508 „statuta
913 2427 952 2493 de
974 2445 1056 2492 nouo
1077 2428 1265 2494 inrenouata
1280 2429 1359 2494 vrbe
1374 2429 1502 2493 nouiter

261 2527 416 2597 condare“
442 2530 626 2610 instituisse,
650 2533 808 2614 iuratque,
832 2529 988 2596 facturum
1006 2549 1041 2596 se
1056 2549 1130 2597 esse
1149 2531 1327 2616 „racionem
1355 2533 1502 2598 omnibus

262 2641 295 2702 et
325 2633 457 2718 singuiis
490 2687 496 2699 .
530 2686 537 2701 .
567 2685 573 2700 .
598 2635 822 2700 secundnm
852 2636 1048 2702 ciuitatis
1080 2635 1239 2717 scripta
1268 2641 1434 2702 statuta
1467 2642 1503 2703 et

263 2736 460 2806 scribenda“.

306 2843 435 2910 Statuta
460 2841 556 2924 haec,
587 2845 650 2910 iam
680 2849 775 2911 antea
807 2845 934 2927 scripta,
965 2845 1126 2912 Marsilius
1156 2843 1295 2928 Georgio
1326 2843 1501 2928 confirmat,

264 2967 436 3031 eorumque
458 2955 601 3016 tenorem
622 2949 663 3016 ad
686 2951 817 3016 verbum
840 2967 1023 3032 expressum
1047 2950 1160 3016 reddit

306 3051 395 3132 Quae
417 3055 443 3120 si
459 3060 595 3132 statuta,
620 3073 702 3136 quae
726 3055 757 3119 in
780 3054 910 3120 Marsdii
943 3054 1050 3119 verbis
1081 3055 1290 3138 continentur,
1319 3071 1501 3137 quaequae

264 3159 492 3225 recentioribus
513 3158 734 3226 additamentis
757 3159 886 3241 speciali
909 3159 1072 3239 prooemio
1096 3159 1180 3242 (pag.
1205 3158 1260 3242 20)
1285 3159 1362 3224 satis
1377 3159 1502 3240 perspi-

266 3283 323 3330 cue
347 3263 595 3346 distinguuntur,
619 3281 689 3328 oum
713 3263 971 3342 ordinationibus,
999 3281 1077 3344 quas
1100 3263 1180 3329 liber
1209 3263 1316 3346 legum
1340 3280 1377 3328 ao
1400 3267 1501 3330 statu-

264 3377 369 3438 torum
381 3371 517 3436 civitatis
540 3377 572 3434 et
594 3370 716 3436 insulae
732 3368 897 3454 Ourzrdae,
922 3371 981 3436 sub
996 3369 1038 3435 ΙΙ.
1053 3370 1138 3453 typis
1161 3368 1335 3451 exscriptus
1352 3368 1503 3446 continet,

265 3475 560 3559 comparaverimus,
578 3473 773 3542 Statutorum
790 3475 894 3556 capita
909 3473 1064 3540 I-LVII.
1089 3491 1159 3538 cum
1179 3473 1309 3540 statutis
1325 3493 1344 3538 a
1359 3471 1503 3538 Marsilio

265 3579 403 3660 Georgia
419 3577 610 3645 confirmatis
633 3597 764 3662 prorsus
787 3597 960 3660 congruere
983 3584 1078 3660 atque
1101 3577 1294 3646 concordare
1317 3577 1503 3644 videbimus.

310 3683 401 3761 Quod
424 3701 493 3748 rum
516 3684 562 3748 ita
586 3683 635 3768 sit,
667 3682 745 3748 nihil
769 3703 844 3749 saue
867 3685 991 3762 obstat,
1016 3683 1090 3764 quin
1122 3683 1227 3762 capita
1248 3681 1406 3747 I-LVII.
1431 3680 1503 3748 Sta·

268 3793 406 3853 tutorum
437 3787 510 3852 libri
538 3775 788 3870 antiquissimam
817 3787 954 3853 omnium
984 3792 1178 3853 statutorum
1204 3793 1237 3852 et
1261 3784 1503 3852 Curzulensium

267 3892 372 3977 legum
396 3911 466 3958 esse
490 3897 612 3975 partem
635 3897 820 3972 statuamus,
844 3911 946 3974 eaque
968 3897 1041 3958 ante
1064 3911 1092 3956 a.
1120 3895 1212 3958 1254.
1236 3892 1299 3956 iam
1326 3891 1505 3973 conscripta

268 4015 339 4064 csse
361 4015 418 4080 pro
441 4003 528 4063 certo
551 3997 747 4064 habeamus·
1386 4081 1391 4092 Ι
1496 4047 1498 4055 ,

312 4101 413 4180 Quam
438 4102 478 4168 ob
502 4121 567 4168 rem
590 4120 706 4167 annum
729 4120 856 4184 quoque
881 4103 980 4180 1214,
1005 4117 1067 4182 quo
1090 4103 1211 4166 statuta
1233 4105 1266 4166 et
1288 4099 1507 4166 ordinamenta

269 4205 414 4273 coniecta
437 4225 507 4272 esse
530 4205 602 4272 libri
624 4205 786 4290 inscriptio
805 4205 876 4290 ipsa
890 4205 1018 4284 indicat,
1043 4203 1085 4270 ad
1101 4221 1168 4288 cap.
1184 4203 1341 4270 I-LVII.
1366 4203 1506 4271 referen-

269 4311 343 4376 dum
367 4329 446 4394 esse,
472 4311 540 4376 sine
564 4310 629 4376 ulla
652 4311 849 4378 dubitatione
873 4308 1032 4376 affirmare
1054 4309 1138 4375 iicet.
1537 4391 1540 4397 ¹

314 4413 460 4492 Statutis,
484 4420 580 4480 antea
601 4415 664 4481 iam
687 4415 877 4498 vigentibus,
901 4421 998 4496 atque
1022 4434 1050 4478 a.
1078 4417 1168 4480 1256.
1189 4413 1395 4493 confirmatis,
1422 4412 1506 4478 Mar-

270 4517 358 4584 silius
381 4519 518 4602 Georgia
542 4539 570 4584 a.
598 4523 689 4586 1211.
722 4537 802 4604 ,vna
833 4539 902 4584 cum
932 4517 1087 4584 iudicibus
1110 4525 1144 4583 et
1167 4518 1353 4584 consiliariis
1380 4522 1413 4583 et
1436 4535 1505 4582 cum

271 4623 457 4690 laudacione
480 4623 581 4690 tocius
604 4623 712 4706 popuii
741 4624 843 4690 insule
872 4623 1006 4690 Curzole
1035 4623 1067 4688 in
1090 4642 1187 4708 rengo
1217 4619 1362 4706 publico“
1396 4621 1507 4704 viginti

270 4745 354 4794 nova
383 4732 503 4796 statuta
533 4727 670 4812 addidit,
702 4747 783 4811 quae
814 4727 950 4796 maxima
978 4747 1016 4794 ex
1046 4732 1137 4812 parte
1167 4727 1342 4811 reperimus
1371 4727 1403 4792 in
1434 4745 1504 4812 rap.
