3376 5392
344 393 404 462 160

342 607 487 685 diuisam,
517 623 612 671 unam
639 623 697 687 pro
727 605 993 686 nominationibus,
1023 623 1116 672 unam
1146 623 1204 686 pro
1231 603 1574 687 pasculis-animalium

342 717 376 778 et
397 730 492 777 unam
514 730 572 793 pro
595 711 843 794 plantationibus
865 711 1027 778 uinearum
1051 715 1083 776 et
1105 711 1150 776 ita
1172 729 1242 776 esse
1264 715 1422 777 statutum
1446 727 1506 792 per
1528 727 1579 775 or·

341 817 431 882 dines
454 817 618 898 andquos:
642 821 675 881 et
696 821 866 898 propterea
879 826 967 897 'quae
990 815 1136 882 dixerunt
1158 822 1306 882 oretenus
1322 799 1469 882 uolumus
1493 815 1579 896 quod

340 921 529 988 decaetero
552 939 654 1006 neque
686 939 743 1004 per
773 921 936 987 consilium
959 939 1059 1002 suum,
1093 939 1195 1003 neque
1219 939 1276 1003 per
1297 926 1454 988 rectorem
1478 921 1580 1001 possit
1663 999 1672 1020 .

341 1026 410 1092 dari
432 1026 560 1091 licentia
589 1025 683 1091 alicui
713 1026 878 1108 plantandi
908 1025 993 1091 ultra
1022 1027 1063 1102 id,
1094 1026 1177 1107 quod
1200 1025 1414 1108 adpraesens
1437 1029 1495 1104 est,
1520 1023 1580 1089 sub

341 1149 444 1212 poena
467 1131 584 1196 rectori
608 1131 792 1196 ducatorum
815 1131 854 1196 D.
878 1133 905 1198 si
927 1131 1123 1210 concederet,
1146 1129 1198 1194 uel
1218 1129 1387 1196 assentiret
1402 1128 1577 1211 plantandi

384 1234 435 1300 Ad
464 1239 588 1302 sextum
619 1235 791 1318 capitulum
822 1238 862 1302 de
890 1237 1027 1319 angarijs
1056 1235 1295 1318 respondeatur,
1323 1233 1409 1316 quod
1431 1241 1579 1300 seruetur

342 1340 548 1406 consuetudo.

386 1443 435 1511 Ad
458 1446 625 1527 septimum
656 1445 696 1511 de
726 1445 800 1512 uino
831 1445 1033 1512 conducendo
1056 1445 1096 1511 de
1119 1447 1239 1512 Puncta
1261 1444 1422 1523 Venetiae,
1447 1461 1577 1525 respon·

341 1549 464 1630 dcatur,
495 1550 580 1630 quod
611 1557 722 1616 nostra
744 1550 877 1615 intentio
899 1556 949 1616 est
971 1555 1004 1616 et
1026 1551 1150 1617 omnino
1173 1550 1325 1630 uolumus,
1350 1547 1436 1630 quod
1459 1547 1577 1614 Curan-

340 1654 445 1721 lenses
475 1656 598 1736 possint
628 1655 805 1722 conducere
836 1655 910 1720 uina
931 1655 1084 1722 venetias
1115 1655 1199 1722 unde
1229 1655 1398 1734 noluerint,
1430 1669 1491 1718 noc
1522 1671 1577 1734 ρετ

342 1759 503 1826 consilium
526 1779 625 1836 suum,
651 1779 754 1842 neque
770 1779 828 1844 per
844 1765 1001 1826 rectorem
1016 1759 1118 1844 possit
1133 1761 1193 1826 sibi
1208 1759 1366 1842 prohiberi
1384 1758 1451 1824 nilo
1466 1756 1576 1834 modo;

342 1871 375 1931 et
397 1866 423 1930 si
446 1864 639 1947 prohiberet,
665 1865 769 1947 placet
790 1865 891 1944 nobis,
913 1866 999 1947 quod
1022 1883 1114 1932 nemo
1136 1871 1284 1931 tencatur
1301 1864 1379 1928 illud
1395 1863 1576 1943 obseruare,

341 1969 391 2035 vel
422 1969 571 2048 obedire;
601 1969 792 2034 declarando
825 1975 941 2048 tamen,
972 1969 1057 2052 quod
1087 1971 1172 2036 dicta
1204 1971 1278 2036 uina
1306 1969 1428 2035 directe
1459 1965 1576 2032 condu-

340 2080 452 2140 cantur
473 2073 625 2140 Venetiae
647 2081 682 2138 et
702 2092 764 2142 non
788 2075 862 2142 alibi
885 2074 944 2142 sub
968 2093 1071 2158 poena
1093 2075 1309 2142 contrabandi.

383 2177 432 2242 nd
453 2177 518 2243 alia
540 2178 640 2244 multa
656 2179 802 2261 capitula,
820 2198 902 2261 quae
917 2185 1132 2262 porrexerunt,
1149 2180 1380 2264 respondeatur
1394 2178 1427 2244 in
1444 2195 1572 2255 summa,

339 2283 424 2364 quod
455 2283 482 2348 si
505 2301 553 2361 ea,
583 2301 666 2363 quae
687 2284 719 2348 in
742 2283 804 2348 illis
828 2285 975 2368 capitulis
999 2285 1207 2364 continentur,
1235 2284 1415 2349 factasunt
1437 2301 1497 2364 per
1519 2299 1574 2347 sua

340 2387 477 2466 consilia,
504 2393 608 2454 rector
630 2406 692 2454 non
716 2387 832 2456 debeat
853 2390 1034 2472 obseruare,
1059 2390 1118 2457 nisi
1141 2389 1259 2456 fuerint
1280 2408 1338 2472 per
1360 2393 1505 2454 nostrum
1520 2386 1573 2452 do

338 2491 468 2556 minium
491 2487 677 2558 confirmata
698 2493 757 2559 sub
782 2511 884 2574 poena
905 2495 1056 2560 librarum
1079 2501 1215 2560 contum.
1310 2499 1313 2518 ¹

381 2594 453 2662 Alia
473 2615 549 2662 vero
573 2597 688 2678 omnia,
712 2615 794 2678 quae
816 2599 847 2662 in
872 2601 1001 2664 statutis
1024 2600 1090 2666 suis
1112 2617 1184 2666 esse
1203 2599 1320 2678 dicunt,
1344 2613 1498 2664 reuocare
1513 2613 1572 2660 non

339 2699 541 2780 intendimus,
573 2701 720 2784 quoniam
742 2701 899 2784 petierant
922 2702 961 2768 de
983 2705 1088 2786 gratia
1110 2709 1144 2770 et
1166 2723 1223 2770 nos
1246 2704 1278 2768 in
1300 2703 1349 2768 sui
1371 2702 1568 2784 complacen-

343 2805 421 2870 tiam
442 2807 511 2888 ipsa
541 2811 663 2872 statuta
694 2805 948 2872 confirmauimus
979 2814 1012 2873 et
1034 2809 1079 2874 ita
1101 2807 1156 2873 illa
1177 2808 1340 2875 obseruari
1363 2807 1510 2872 uolumus
1530 2803 1569 2870 ad

342 2909 574 2991 beneplacitum
596 2912 697 2977 nostri
721 2911 858 2994 dominij.

386 3013 502 3080 Verum
531 3015 610 3082 iilud
640 3021 804 3094 statutum,
834 3035 893 3100 per
923 3020 1005 3099 quod
1035 3017 1109 3085 iicet
1138 3019 1321 3101 cuicumque
1349 3019 1435 3101 loqui
1463 3023 1571 3085 contra

344 3125 500 3186 rectorem
522 3121 590 3187 aine
612 3121 678 3187 ulla
699 3139 803 3203 poena
816 3127 859 3187 et
882 3123 908 3188 si
924 3124 1063 3189 incurret
1077 3142 1221 3205 poenam,
1238 3121 1444 3189 communitas
1459 3124 1569 3206 soluat,

340 3229 509 3290 reuocetur
532 3225 564 3288 in
586 3230 688 3291 totum
711 3229 746 3290 ot
767 3244 826 3307 par
847 3231 959 3292 totum.
982 3227 1027 3292 Et
1049 3227 1123 3308 quia
1137 3228 1271 3310 populus
1290 3226 1446 3294 Curzulao
1462 3227 1568 3293 uolens

340 3329 449 3394 uenire
479 3329 520 3394 ad
551 3334 691 3395 nostram
714 3331 928 3411 praesentiam
951 3349 1015 3396 non
1044 3334 1198 3414 permittit
1219 3333 1337 3411 uenire,
1368 3333 1425 3399 sed
1447 3337 1571 3415 oportet

342 3438 378 3498 ut
407 3432 488 3498 clam
517 3432 641 3513 fugiant
671 3433 761 3512 indo,
794 3435 940 3515 quoniam
972 3443 1171 3504 carcerantur
1201 3441 1233 3503 et
1263 3435 1343 3502 fiunt
1371 3438 1431 3503 sibi
1453 3437 1569 3502 multae

340 3536 484 3616 insidiae,
507 3542 544 3602 ut
572 3537 681 3604 uenire
709 3555 771 3603 non
801 3539 926 3621 possint
956 3539 997 3605 ad
1028 3542 1281 3623 conquerendum
1304 3547 1336 3608 et
1357 3542 1451 3607 modo
1474 3560 1570 3624 nuper

340 3641 401 3720 isti,
432 3643 486 3723 qui
515 3648 680 3722 uenerunt,
715 3661 774 3723 per
803 3643 920 3710 multos
950 3645 1060 3712 modos
1087 3646 1229 3729 impediti
1249 3646 1384 3726 fuerunt,
1408 3647 1492 3711 siout
1512 3645 1569 3728 ipsi

340 3747 499 3813 dixerunt:
535 3748 717 3813 mandetur.
733 3748 851 3826 comiti,
881 3750 935 3830 qui
957 3769 1040 3816 nunc
1062 3757 1112 3818 est
1133 3759 1166 3818 et
1187 3754 1249 3818 erit
1269 3771 1327 3834 per
1348 3757 1494 3834 tempora
1514 3749 1569 3818 snb

204 3861 208 3871 ’
340 3870 444 3934 poena
468 3853 652 3918 ducatorum
675 3853 713 3918 D.
737 3854 806 3919 auri
829 3855 984 3935 exigenda
1013 3873 1069 3938 per
1087 3858 1293 3924 aduocatores
1315 3858 1489 3924 communis
1510 3875 1570 3922 non

341 3957 488 4037 debeant,
512 3975 571 4023 nec
586 3958 709 4040 possint
724 3959 892 4041 prohibere
908 3961 1093 4043 cuicumque
1114 3962 1232 4030 uolenti
1253 3964 1360 4028 uenire
1376 3963 1418 4028 ad
1433 3969 1568 4028 nostram

339 4062 562 4146 praesentiam,
588 4064 665 4145 quin
687 4065 803 4144 ueniat,
834 4065 897 4131 imo
927 4067 987 4132 sibi
1018 4067 1087 4132 dari
1116 4067 1235 4133 faciant
1256 4085 1363 4133 omnes
1387 4069 1567 4150 scriptmas,

339 4184 417 4247 quas
439 4167 626 4250 quicumque
654 4170 801 4235 uenerint
824 4171 973 4252 petierint
1003 4179 1036 4238 et
1066 4175 1171 4240 dicere
1199 4173 1356 4239 noluerint
1378 4191 1436 4256 pro
1459 4174 1567 4251 causis,

339 4275 471 4352 propter
494 4289 574 4354 quas
596 4275 758 4352 uenerint;
782 4281 816 4339 et
837 4275 877 4340 ad
900 4276 991 4342 istam
1015 4277 1225 4344 conditionem
1248 4278 1377 4344 sintisti
1393 4278 1569 4361 omnesqui

339 4395 440 4458 nuper
462 4387 627 4462 uenerunt,
652 4385 763 4446 contra
785 4397 864 4462 quos
887 4387 1018 4464 propter
1039 4382 1122 4448 hunc
1144 4383 1316 4450 aduentum
1340 4401 1433 4449 suum
1455 4383 1567 4449 nullam

343 4481 526 4562 nouitatem,
558 4483 610 4549 uel
641 4484 900 4564 impedimentum
934 4484 1029 4551 faciat
1058 4505 1117 4551 nec
1146 4487 1241 4552 ullam
1271 4505 1405 4568 poenam
1436 4489 1568 4570 positam

342 4591 472 4667 propter
493 4586 552 4652 hoc
574 4605 636 4652 non
659 4589 766 4670 exigat
787 4591 846 4654 sub
871 4589 956 4654 dicto
970 4608 1090 4671 poena;
1114 4591 1260 4670 quoniam
1275 4591 1421 4658 uolumus
1437 4593 1565 4673 omnino,

342 4691 425 4774 quod
448 4690 542 4757 liceat
564 4691 709 4756 omnibus
736 4695 852 4759 nostris
874 4693 1009 4759 subditis
1036 4713 1129 4777 posse
1158 4696 1267 4762 uenire
1289 4698 1330 4763 ad
1352 4701 1496 4764 nostnmr
1516 4697 1564 4763 do
