3376 5392
366 431 427 492 206

366 634 463 700 cellos
485 634 609 700 nouiter
631 633 740 711 factos
765 633 823 700 sub
848 651 951 714 poena
972 633 1124 700 librorum
1153 631 1422 716 uigintiquinquo;
1453 639 1486 699 et
1514 631 1594 716 quod
1667 675 1669 702 ι

366 757 430 804 non
452 739 553 819 possit
575 737 677 802 dictos
694 739 798 818 pisces
814 738 952 804 uendere
968 740 1000 802 in
1016 757 1161 820 grossum
1177 739 1355 818 bacariotis
1374 739 1475 804 donec
1491 755 1594 802 ornnes

367 845 452 910 ciues
481 861 537 924 pro
568 860 631 907 usu
662 860 718 906 suo
749 842 883 907 emerint
913 847 947 908 et
977 841 1037 908 hoc
1069 861 1169 925 usque
1201 843 1241 907 ad
1263 843 1375 908 horam
1399 860 1516 907 nouum
1542 842 1596 906 sub
1667 841 1669 898 ἰ

365 949 475 1014 eadem
498 965 609 1028 poena.

408 1055 488 1118 Item
512 1051 596 1132 quod
626 1051 730 1114 nulius
760 1053 901 1132 piscator
932 1054 1034 1134 possit
1064 1054 1156 1118 simul
1187 1071 1257 1118 curn
1288 1053 1358 1135 aiijs
1390 1050 1594 1133 piscatoribus

366 1159 471 1224 facere
493 1157 679 1222 societatem
703 1157 762 1220 sub
785 1157 895 1222 eadern
918 1175 1029 1238 poena.

409 1261 543 1328 Testes:
568 1259 635 1326 Ser.
660 1260 808 1325 Nicolaus
833 1261 966 1340 Obradi3
990 1281 1052 1328 ser.
1075 1263 1218 1328 Andreas
1233 1261 1397 1339 Voletich3
1421 1259 1594 1326 0001100-

366 1367 467 1434 ciscus
490 1365 654 1431 Xilcouich
677 1369 710 1429 et
732 1363 784 1448 alij
810 1367 992 1447 complures.

809 1546 850 1586 ur.
874 1546 995 1588 oucrslo
1018 1547 1151 1604 coururs,

368 1643 422 1696 qua
441 1626 577 1696 statuitur,
596 1623 667 1692 quod
685 1623 775 1679 nullus
793 1623 892 1680 audeat
910 1641 1009 1694 augere
1026 1627 1115 1695 pretia
1133 1625 1166 1681 de
1184 1627 1252 1694 ouis,
1276 1626 1366 1697 pullis,
1391 1623 1495 1687 haedis,
1523 1623 1594 1691 agisis

671 1710 831 1780 etpedibus
849 1719 877 1766 et
895 1712 1050 1782 specialiter
1067 1714 1108 1768 illi
1127 1714 1160 1768 do
1178 1715 1291 1768 Puncta.

410 1829 470 1894 Dis
492 1829 552 1913 arp'.
576 1825 732 1910 Jannarp
754 1825 912 1912 Menecrcj.

411 1943 526 2009 Coram
549 1939 725 2024 magnificio
748 1945 781 2006 et
803 1960 957 2023 generoso
981 1943 1107 2009 domino
1136 1942 1299 2009 Dominico
1331 1939 1510 2022 Theupulo‚
1541 1955 1594 2019 pro
1667 1937 1669 1952 ³

367 2046 577 2114 illustrissimo
600 2051 632 2112 et
654 2045 916 2112 excellentissimo
949 2047 1052 2112 ducali
1081 2047 1217 2112 dominio
1246 2047 1455 2112 Venetiarurn
1485 2043 1594 2108 comite

368 2152 523 2219 Curzulae
547 2149 730 2232 dignissimo
754 2149 811 2214 sub
835 2150 919 2232 logiu
941 2157 1014 2216 aute
1037 2152 1258 2217 cancellariam
1273 2169 1344 2216 curn
1360 2151 1427 2215 suis
1442 2146 1593 2213 iudicibus
1667 2203 1669 2238 r

371 2258 534 2338 existente,
566 2260 809 2335 comparuerunt
838 2255 978 2320 nonnulli
1006 2256 1137 2334 nobiles,
1169 2262 1406 2338 conquerentes,
1439 2251 1525 2335 quod
1547 2267 1593 2314 ros

368 2381 475 2430 omues
498 2359 637 2437 uenales
661 2377 742 2440 quse
764 2358 825 2424 huc
848 2357 1014 2425 Ocresiam
1039 2380 1095 2444 pro
1127 2381 1184 2427 usu
1212 2361 1349 2426 ornniunr
1380 2359 1496 2424 ciuium
1528 2375 1592 2438 por·
1667 2345 1669 2410 ἶ

366 2472 474 2532 tantur
496 2469 529 2530 01
550 2481 607 2545 pro
631 2468 718 2529 certo
742 2463 949 2529 determinato
973 2465 1074 2546 pretio
1098 2466 1138 2531 ab
1161 2465 1231 2544 illis,
1255 2467 1308 2547 qui
1332 2465 1436 2529 dictas
1459 2481 1510 2527 res
1526 2479 1591 2543 por·
1667 2513 1669 2534 ,

365 2577 445 2656 tant,
477 2569 665 2646 uenduntur,
697 2573 729 2633 et
751 2569 932 2650 specialiter
963 2570 1003 2635 ab
1033 2570 1095 2634 illis
1120 2571 1202 2636 della
1230 2571 1342 2650 Penta,
1371 2576 1408 2634 ut
1430 2573 1505 2634 sunt
1527 2584 1589 2642 ons
1667 2627 1669 2646 s

364 2675 452 2759 pulli,
475 2673 577 2750 haedi,
601 2673 673 2754 agni
695 2678 728 2737 et
750 2672 851 2753 peiles
874 2675 1104 2740 antedictorum
1127 2675 1318 2740 animalium.
1344 2672 1426 2739 Sunt
1441 2669 1584 2748 nonnulli,

366 2779 419 2862 qui
442 2779 543 2844 dictas
565 2797 617 2843 res
639 2777 811 2856 incantant,
836 2797 898 2842 nou
927 2779 1042 2860 sinunt,
1072 2798 1130 2844 nec
1152 2780 1339 2863 permittunt
1369 2779 1449 2844 aiios
1481 2792 1586 2856 emere,

366 2883 510 2950 uolentes
532 2882 633 2964 pretio
657 2881 721 2962 1110,
753 2900 813 2963 quo
837 2884 933 2948 uendi
965 2883 1083 2950 debent
1112 2891 1144 2951 et
1171 2904 1190 2950 a
1220 2884 1439 2950 uenditoribus
1466 2881 1586 2963 petitur,

367 2989 425 3055 sed
448 2986 585 3054 offerunt
607 2987 707 3052 maius
729 2989 875 3068 pretium,
899 3006 979 3070 quae
1002 3007 1052 3054 res
1076 2988 1210 3054 uertitur
1232 2988 1263 3054 in
1290 2988 1440 3053 damnum
1469 2985 1583 3058 ciuiurn

364 3092 550 3176 praesertim
573 3110 756 3173 pauperum,
780 3098 935 3174 petentes,
959 3100 995 3158 ut
1016 3112 1073 3159 sua
1096 3092 1328 3175 magnificentia
1350 3091 1518 3175 prouidere
1538 3088 1583 3154 de

364 3199 440 3264 best
463 3214 519 3279 pro
541 3197 625 3262 bono
648 3196 796 3279 ciuitatis,
820 3215 861 3262 ne
885 3197 1033 3279 deinceps
1055 3199 1115 3263 hoc
1137 3197 1203 3264 fist.
1667 3271 1669 3296 Ι

408 3300 509 3379 Quam
531 3301 572 3366 ob
595 3319 661 3368 reni
684 3299 828 3382 praefata
850 3301 918 3367 eius
941 3302 1173 3386 magnificentia
1194 3303 1328 3371 honesta
1349 3309 1384 3370 et
1406 3303 1489 3367 iusta
1503 3317 1582 3381 prae·

366 3408 521 3472 dictorum
544 3405 682 3470 nobiiurn
704 3405 857 3488 petitione
879 3407 987 3472 audita
1009 3414 1043 3474 et
1065 3409 1271 3475 consideratis
1294 3411 1327 3474 in
1348 3408 1408 3473 hac
1432 3425 1469 3472 re
1492 3404 1581 3471 oonsi-
1667 3389 1669 3468 Ξ

364 3510 523 3589 derendis,
548 3510 771 3577 determinnuit
793 3515 826 3576 et
849 3512 1062 3593 sententiauit‚
1087 3513 1171 3594 quod
1194 3531 1286 3578 nemo
1302 3513 1451 3592 deinceps
1468 3509 1580 3584 auded,
1667 3497 1669 3518 '

364 3633 424 3681 nec
446 3620 627 3696 praesumat
649 3634 755 3680 eruere
777 3616 956 3698 praedictas
972 3636 1032 3694 res
1057 3617 1124 3683 siue
1139 3617 1333 3696 conmercia,
1357 3633 1417 3681 nec
1433 3616 1582 3680 incantare

365 3725 399 3784 et
420 3719 554 3801 pretium
578 3738 695 3802 augere
717 3721 775 3785 sub
799 3739 901 3802 poena
923 3721 1074 3786 librarum
1105 3721 1213 3788 decern
1244 3728 1276 3787 et
1304 3725 1405 3788 toturn
1436 3719 1479 3800 id,
1510 3718 1581 3802 quod
1668 3747 1669 3790 3

363 3829 493 3903 emeret,
516 3823 659 3906 perdere,

406 3927 646 3994 Praesentibus:
672 3928 739 3994 Ser.
756 3927 892 3997 Antonio
908 3929 1140 4010 Ber·narouich;
1156 3949 1217 3996 scr.
1234 3931 1406 4014 Peregrina
1423 3927 1580 4004 Theodad;
1667 3921 1669 3948 ³

362 4051 422 4098 ser.
448 4030 583 4098 Antonio
606 4033 729 4099 Paridis
752 4040 785 4099 et
807 4035 950 4116 pluribus
972 4035 1044 4117 alijs
1066 4037 1253 4102 astantibus
1668 4053 1669 4060 ’

798 4215 990 4258 nn.nucrs10
1013 4215 1146 4276 coruum,

362 4308 416 4360 qua
434 4293 572 4361 statuitur,
592 4292 663 4360 quod
681 4310 759 4349 nemo
778 4295 804 4348 iu
824 4295 908 4364 burgo
927 4295 1033 4349 domum
1052 4297 1137 4364 possit
1154 4295 1289 4350 fabricare
1308 4311 1368 4350 cum
1387 4295 1494 4352 calcina
1518 4295 1578 4350 etin

635 4397 719 4448 muro,
739 4380 830 4436 sedin
848 4383 965 4436 maceria
983 4389 1010 4435 et
1028 4382 1063 4436 ud
1080 4382 1175 4450 podem
1194 4383 1312 4452 pianum.

406 4491 466 4556 Dic
484 4492 523 4558 r'o.
548 4491 726 4560 Decembris
749 4494 906 4580 Mocccccj.

409 4604 595 4687 Magnificus
619 4613 653 4672 et
674 4629 847 4692 generosus
870 4610 1013 4676 dominus
1035 4611 1218 4678 Dominicns
1244 4611 1420 4694 Theupnlo‚
1444 4611 1575 4694 0101110-

362 4710 517 4778 strissirno
541 4717 574 4776 01
596 4713 856 4780 excellentissimo
881 4713 983 4780 ducali
1008 4716 1145 4783 dominio
1169 4717 1373 4783 venetiarum
1391 4735 1496 4783 comes
1511 4715 1574 4780 Cur·
