3416 5350
1360 397 1420 458 133

222 593 386 679 Incipiunt
407 601 528 660 statuto
548 597 657 682 quarti
678 595 753 660 libri
768 595 806 660 dc
821 595 930 662 ordino
950 596 1138 680 procedendi
1156 597 1190 664 in
1208 597 1376 681 maleficijs.

391 755 459 800 oar.
482 757 504 798 1.
528 757 570 800 nn
592 758 711 801 cannen
728 757 926 802 succursum
948 759 982 800 ru
1004 736 1213 802 nasamone&

220 871 398 940 Statuimus
428 876 461 938 et
492 873 685 954 ordinamus,
718 873 803 955 quod
833 873 860 940 si
890 873 1005 957 aliquis
1035 875 1105 939 uult
1137 875 1337 956 denunciare,
1368 876 1421 940 uel

171 994 331 1043 accusare
361 977 499 1058 aliquem
522 977 563 1044 ds
584 977 691 1060 aliquo
722 975 886 1054 maleficio,
921 983 1104 1059 compareat
1134 997 1239 1044 eorem
1262 984 1423 1061 potestate

168 1085 207 1146 et
231 1085 357 1146 rectore
382 1085 415 1146 et
437 1078 622 1146 offitialibus
652 1081 825 1147 communis
854 1079 977 1164 Spalati
1008 1087 1042 1148 et
1069 1100 1157 1148 suam
1189 1083 1423 1150 accusationem

165 1183 228 1250 uel
252 1183 527 1249 denuntiationem
549 1183 644 1250 scribi
664 1183 763 1250 iaciat
785 1184 818 1248 in
841 1184 921 1250 actis
943 1184 1138 1250 communis²
1161 1185 1293 1268 Spalati.

216 1287 256 1352 In
278 1305 341 1368 qua
363 1286 564 1353 accusatione
586 1288 639 1354 uel
662 1287 902 1355 denuntiatione
925 1287 1022 1354 scribi
1043 1287 1139 1355 iaciat
1161 1307 1277 1356 nomen
1297 1295 1331 1356 et
1345 1306 1420 1370 cog-

169 1409 293 1458 nomen
325 1391 502 1458 denuntiati
532 1391 585 1456 uel
616 1392 755 1456 accusati
786 1395 820 1456 et
848 1409 990 1458 mensem
1021 1394 1179 1458 commissi
1211 1391 1357 1476 maleficij
1389 1400 1423 1458 et

171 1493 292 1576 locum,
308 1495 341 1560 in
359 1514 421 1577 quo
437 1495 559 1562 dicitur
574 1495 709 1561 dictum⁸
730 1493 919 1562 maleficium
935 1514 1008 1563 esse
1024 1498 1240 1575 commissum3
1265 1501 1317 1580 qui
1334 1497 1422 1563 locus

169 1599 215 1664 ad
240 1601 344 1664 minus
368 1599 554 1683 designetur
576 1618 635 1682 per
658 1599 720 1663 duo
744 1597 899 1680 confinia3
927 1605 960 1665 et
982 1601 1068 1681 quod
1092 1601 1292 1668 contineatur
1314 1603 1423 1668 tenor⁴

171 1703 337 1768 commissi
362 1700 507 1786 maleficij
532 1707 566 1768 et
589 1701 736 1769 similiter
767 1703 970 1770 contineatur
992 1703 1045 1782 ibi,
1076 1704 1102 1769 si
1126 1704 1313 1770 maleficium
1337 1711 1423 1771 esset

173 1806 378 1872 commissum
402 1806 442 1872 de
465 1807 526 1890 die,
558 1806 680 1873 uelde
710 1813 824 1888 nocte3
855 1812 889 1873 et
918 1813 1083 1874 accusator
1113 1809 1184 1873 uel⁵
1207 1808 1443 1891 denuntiator,-

170 1910 301 1991 quando
324 1908 401 1977 iacit
424 1929 515 1976 suam
537 1911 810 1978 denuntiationem
833 1911 886 1977 uel
902 1912 1147 1990 accusationem,
1173 1913 1289 1979 debeat
1312 1913 1420 1977 iurare

172 2018 264 2080 tacto
288 2013 370 2081 libro
393 2015 602 2096 corporaliter
617 2015 657 2081 ad
672 2021 784 2081 sancta
801 2015 862 2081 Dei
883 2015 1065 2098 euangelia,
1084 2016 1169 2097 quod
1193 2016 1309 2083 dietam
1332 2034 1420 2082 accu·

172 2117 332 2183 sationem
356 2118 409 2184 nel
431 2117 703 2186 denuntiationem
732 2137 796 2184 non
818 2118 896 2184 iecit
918 2119 1024 2186 animo
1047 2121 1228 2203 calumniet,
1261 2119 1318 2186 sed
1345 2121 1418 2201 quia

173 2221 278 2287 credit
306 2239 384 2290 uera
413 2240 494 2300 esse,
524 2239 587 2304 que
611 2223 814 2288 continentur
835 2223 869 2288 in
891 2224 963 2305 ipsa
993 2225 1195 2290 accusatione
1218 2225 1269 2290 uel
1293 2224 1412 2290 denun-

174 2325 320 2392 tiatione.

217 2430 263 2496 Et
285 2447 344 2512 per
367 2431 535 2509 notarium,
568 2432 622 2512 qui
652 2431 765 2513 recipit
790 2432 1024 2499 accusationem
1054 2432 1106 2498 uel
1136 2432 1417 2512 denuntiationem,

176 2533 339 2600 scribatur
360 2535 394 2599 in
417 2534 508 2618 actis,
539 2536 624 2617 quod
647 2540 825 2615 accusator,
858 2536 910 2603 uel
933 2535 1142 2602 denunciatur
1164 2536 1266 2617 ipsam
1289 2553 1417 2601 accusa·

173 2639 306 2717 tionem,
331 2638 381 2703 uel
404 2638 674 2706 denuntiationem
697 2657 760 2704 non
784 2638 861 2706 iacit
883 2639 987 2706 animo
1017 2639 1199 2722 calumnie⁷,
1231 2639 1289 2705 sed
1313 2639 1414 2705 credit

175 2747 209 2809 et
232 2741 372 2822 asserit⁸,
403 2759 483 2808 uera
512 2760 592 2822 esse,
625 2760 688 2824 que
718 2743 751 2809 in
774 2763 832 2809 sua
861 2743 1064 2810 accusatione
1093 2743 1147 2808 uel
1177 2743 1416 2808 denuntiatione

175 2845 389 2912 eontinentur.

219 2949 264 3015 Et
278 2951 349 3031 ipse
365 2949 570 3018 denuntiator
584 2951 636 3017 uel
654 2957 831 3028 accusator,
856 2951 984 3034 quando
1000 2949 1238 3017 denuntiatum⁰
1253 2949 1420 3014 denuntiat

175 3053 229 3118 nel
260 3059 398 3129 accusat,
432 3054 486 3120 det
516 3059 548 3121 et
578 3056 720 3138 assignet
750 3055 878 3121 nomine
906 3055 1046 3134 testium,
1085 3072 1142 3135 per
1172 3071 1250 3134 quos
1280 3053 1419 3118 intendit

177 3156 317 3238 probare
339 3174 430 3222 suam
453 3159 685 3226 accusationem
708 3159 760 3226 uel
789 3157 1060 3225 denuntiationem
1084 3161 1118 3222 et
1141 3157 1268 3221 nomina
1290 3156 1419 3221 testium

176 3259 357 3326 scribantur
377 3261 411 3326 in
434 3262 513 3327 actis
536 3281 593 3343 per
616 3263 783 3346 noterium,
815 3262 868 3343 qui
892 3261 1013 3343 recepit
1043 3262 1145 3342 ipsam
1175 3259 1419 3339 accusationem,

175 3364 230 3429 uel
253 3364 537 3431 denuntiationem.
569 3366 686 3432 Postea
716 3383 794 3430 uero
824 3371 923 3431 testes
955 3366 1008 3447 alij
1040 3383 1103 3429 non
1126 3363 1329 3447 recipiantur,
1361 3363 1420 3428 nisi

175 3467 222 3532 illi
245 3468 299 3548 qui
322 3465 451 3534 fuerunt
469 3469 624 3534 nominati
639 3474 674 3536 et
689 3469 798 3552 scripti
820 3475 964 3550 tempore
987 3467 1234 3534 denuntiationis
1255 3467 1308 3532 uel
1329 3485 1420 3532 accu-

177 3570 313 3636 sationis
333 3571 451 3652 oblate‚
475 3572 550 3653 quia
565 3577 667 3639 testes
681 3577 813 3655 possent
828 3572 869 3638 de
884 3569 970 3637 iacili
994 3571 1161 3636 subornari
1176 3587 1235 3650 per
1249 3567 1420 3634 falsitatem

91 3685 96 3697 '
176 3679 211 3740 et
234 3673 408 3756 corrumpi;
446 3680 617 3758 antequam
640 3677 711 3758 quis
736 3675 903 3742 denuntiat
925 3681 960 3742 et
982 3680 1117 3751 accusat,
1142 3677 1250 3754 potest
1272 3677 1305 3738 et
1326 3671 1425 3737 debet

174 3778 305 3845 nomina
335 3778 465 3845 testium
495 3778 664 3861 diligenter
692 3779 867 3862 explorare,
899 3780 952 3862 qui
976 3779 1086 3844 dicunt
1113 3775 1213 3842 inisse
1242 3779 1420 3857 presentes,

175 3888 234 3948 aut
256 3882 378 3948 uidisse
399 3882 589 3950 maleficium
612 3882 802 3966 perpetrari.

224 4091 235 4128 ¹
259 4097 352 4155 Deest
373 4095 404 4154 in
427 4092 507 4154 cod.
531 4093 639 4153 acad.
662 4091 690 4152 A
713 4097 744 4152 et
765 4091 799 4152 B.
886 4087 975 4166 Ἀρ.
998 4089 1128 4166 Ljub.:
1155 4087 1421 4166 „comunitatis“.

180 4177 293 4242 ⁸Ood.
317 4179 488 4241 aeadb:
516 4178 674 4256 „factum“.
746 4176 976 4254 ‘ApLjubz
1001 4170 1108 4260 „ipsi“.
1179 4171 1293 4234 ⁶00d.
1316 4174 1423 4232 acad.

177 4267 250 4328 Bet
264 4285 312 4344 ap.
336 4267 464 4343 ujus:
490 4268 591 4349 „seu‘t
663 4263 675 4300 ⁶
697 4265 783 4327 (iod.
806 4264 913 4324 acad.
937 4264 989 4324 B.:
1018 4255 1229 4339 ,calumpnie‘.
1300 4255 1422 4319 ⁷ibid.

178 4371 203 4414 e.
227 4371 266 4414 m.
355 4349 505 4428 ⁸„credit
534 4356 565 4412 et
586 4345 711 4414 asserit“
744 4351 828 4411 deest
858 4367 908 4426 ap.
938 4349 1048 4426 Ljub.
1141 4344 1266 4406 ⁹Deest
1288 4345 1318 4404 in
1340 4346 1424 4405 cod.

176 4441 284 4502 acad.
307 4440 334 4499 Β
357 4443 387 4500 et
408 4457 458 4516 ap.
481 4439 592 4515 Ljub.
