3434 5368
228 2825 233 2832 .
330 2775 453 2850 portem
476 2790 604 2839 suorum
628 2775 765 2840 iudicum
790 2777 842 2842 uei
866 2776 898 2840 in
920 2781 989 2842 toto
1012 2776 1063 2843 uel
1087 2775 1118 2841 in
1142 2780 1244 2858 porte,
1268 2773 1320 2839 uel
1343 2772 1476 2851 uiciate,
1507 2771 1575 2850 ille,
1699 2809 1701 2816 ,

318 2875 383 2956 'qui
407 2875 532 2940 duxerit
555 2895 634 2958 eom,
659 2883 775 2962 purget
798 2898 834 2945 se
856 2880 1033 2944 iuramento
1057 2879 1243 2945 duodecima
1264 2895 1359 2941 mnuu
1383 2893 1450 2955 sue,
1486 2873 1575 2955 quod

14 4897 237 5107 a,

612 719 679 764 on.
703 721 773 762 xm.
797 721 839 763 ure
861 719 1071 766 exscuseroxu
1094 699 1291 765 utrumnum.¹

375 835 457 900 Item
481 837 659 916 statuimus,
683 836 767 919 quod
789 837 816 903 si
840 838 946 919 aliquo
969 855 1004 902 se
1026 838 1176 902 mulieres
1200 837 1241 901 ed
1263 836 1399 902 inuicem
1422 843 1577 918 percute-

332 947 404 1005 rent
427 941 466 1006 de
489 947 578 1022 petru
604 942 656 1007 uel
679 961 783 1020 mozo,
818 949 873 1008 eut
895 943 1046 1008 fecissent
1076 949 1257 1026 percutere,
1293 961 1355 1024 que
1377 943 1438 1008 erit
1462 941 1577 1024 cuipa—
1700 975 1702 1030 i

331 1043 413 1126 bilis,
437 1045 550 1126 perdet
570 1065 726 1128 yperpere
749 1065 805 1113 sex
827 1054 860 1112 et
882 1049 908 1110 si
931 1065 994 1112 uon
1017 1047 1163 1112 habuerit
1186 1046 1268 1112 unde
1291 1046 1425 1126 soluere,
1452 1051 1516 1112 stet
1539 1046 1576 1110 iu
1700 1033 1702 1064 ³

331 1165 458 1215 carcere
481 1154 634 1230 quantum
657 1150 711 1215 diu
734 1149 875 1234 soluerit,
900 1152 982 1216 etsi
1006 1155 1187 1233 percuteret
1210 1150 1429 1230 demonibus,
1458 1149 1579 1231 perdet
1701 1157 1702 1160 ’

332 1252 395 1318 tria
427 1270 584 1336 yperpero
616 1259 648 1319 et
670 1254 696 1319 si
720 1271 783 1319 non
816 1254 965 1320 habuerit
999 1255 1080 1320 vnde
1114 1254 1257 1337 soluere,
1293 1258 1359 1320 stet
1385 1255 1418 1318 iu
1446 1271 1578 1320 carcere

332 1360 485 1436 quantum
507 1355 561 1420 diu
583 1357 730 1437 soluerit;
765 1364 798 1424 et
820 1359 847 1424 si
869 1376 1021 1440 percusse
1043 1358 1221 1440 moriretur,
1254 1358 1413 1439 percutrix
1435 1375 1494 1440 pro
1516 1356 1577 1424 ho-

331 1459 447 1524 micide
470 1459 727 1543 condempnetur,
750 1467 785 1526 vt
807 1462 1038 1544 supradictum
1062 1467 1112 1528 est
1134 1461 1175 1526 de
1197 1459 1371 1528 homicidis.
1395 1460 1439 1524 Et
1461 1459 1488 1525 si
1511 1477 1579 1524 vna

332 1561 446 1628 dixerit
481 1562 574 1629 elteri
608 1563 776 1646 meretrix,
811 1570 844 1632 et
866 1566 1034 1647 probatum
1069 1563 1166 1630 fuerit
1187 1565 1217 1630 ei
1240 1583 1299 1647 per
1320 1581 1416 1630 vnum
1447 1568 1576 1642 testem,

330 1665 446 1746 perdet
466 1684 562 1731 vuum
584 1685 775 1751 yperperum
798 1673 832 1735 et
853 1687 1006 1752 percussa
1028 1674 1062 1736 et
1084 1687 1146 1751 que
1168 1685 1264 1750 pesse
1285 1666 1383 1733 fuerit
1417 1666 1576 1740 iniurium,

333 1768 451 1835 habeat
471 1770 674 1838 medietatem
696 1771 801 1838 benni,

638 1949 705 1994 one.
729 1951 795 1993 xxv.
820 1953 862 1994 me
884 1949 1047 1995 susanne
1071 1927 1270 1996 (ιιιιιωυιι.ῃ

372 2047 452 2111 item
475 2047 655 2127 statuimus,
680 2049 765 2131 quod
787 2049 852 2128 iile,
876 2050 930 2131 qui
953 2049 1065 2116 iecerit
1087 2049 1240 2115 certulam
1264 2047 1379 2114 falsam
1402 2055 1435 2116 et
1456 2049 1576 2130 probu-

332 2155 399 2215 tum
422 2149 518 2216 fuerit
539 2171 598 2233 per
619 2153 699 2218 duos
721 2155 864 2240 ydoneos
888 2154 984 2232 uiros,
1018 2154 1103 2234 quod
1125 2153 1206 2219 falsa
1228 2157 1286 2230 est,
1309 2152 1424 2235 perdet
1445 2169 1575 2218 monum

330 2254 492 2320 dexteram
527 2255 662 2336 scriptor
684 2263 717 2323 et
740 2256 792 2323 iIIe
815 2257 868 2338 qui
893 2255 1006 2324 iecerit
1036 2275 1105 2324 eom
1136 2255 1222 2336 fieri,
1257 2257 1308 2323 uel
1340 2257 1486 2322 eduxerit
1514 2273 1576 2339 pro
1700 2331 1702 2358 ,

330 2376 387 2424 suo
410 2357 568 2425 iuuemiue
591 2360 632 2426 cd
654 2359 815 2446 placitum,
844 2361 958 2444 perdet
979 2361 1130 2444 placitum
1154 2367 1187 2428 et
1208 2379 1368 2444 yperperu
1389 2379 1438 2424 xx.
1462 2365 1496 2426 et
1516 2378 1577 2425 uo·

328 2459 455 2526 ritatem
491 2480 580 2527 enam
603 2463 636 2528 iu
659 2471 849 2547 perpetuum
871 2465 904 2529 iu
926 2465 1088 2544 omuibus;
1126 2470 1160 2531 et
1183 2465 1210 2530 si
1232 2469 1321 2530 carto
1343 2463 1439 2529 fuerit
1472 2462 1576 2544 petris

329 2564 381 2630 uel
405 2564 457 2630 aui
480 2571 535 2631 aut
558 2584 686 2632 suorum
709 2575 964 2649 autecessorum,
999 2575 1033 2634 ot
1054 2568 1180 2634 uenerit
1202 2567 1243 2632 cd
1266 2567 1417 2649 placitum
1441 2582 1577 2631 cumea
1701 2627 1702 2634 ,

330 2671 364 2732 et
385 2667 521 2748 probatu
539 2676 573 2734 et
595 2669 734 2736 iudicatu
766 2671 862 2738 fuerit
896 2671 977 2738 feisa
1007 2691 1064 2754 per
1094 2673 1239 2738 comitem
1272 2677 1307 2736 et
1328 2687 1386 2752 per
1418 2669 1575 2734 maiorem

330 2984 449 3044 curtem
471 2979 557 3044 illam
581 2982 715 3048 nesciuit
738 3002 811 3048 esse
834 2982 954 3064 falsam,
979 3002 1037 3050 nec
1059 2981 1133 3050 iecit
1155 3001 1225 3048 enm
1249 2979 1333 3060 fieri,
1369 2997 1428 3045 uec
1450 2977 1492 3043 sit
1512 2975 1575 3041 fal·

282 3139 283 3142 ,
330 3083 458 3164 sarium,
494 3101 553 3150 neo
576 3085 812 3167 argumentauit
834 3105 903 3153 eam
927 3105 985 3168 per
1008 3104 1044 3152 se
1067 3086 1119 3152 uel
1142 3085 1231 3169 aiios,
1255 3091 1289 3150 et
1310 3083 1425 3166 perdat
1447 3087 1575 3148 tontum

330 3187 490 3270 placitum.
515 3187 607 3254 Etsi
629 3207 687 3271 per
708 3189 850 3273 ydoneos
875 3195 976 3256 testes
999 3191 1169 3271 probatum
1192 3188 1298 3267 fuerit,
1323 3184 1408 3270 quod
1423 3185 1575 3252 hebuerit

328 3289 454 3372 culpem
477 3289 517 3358 de
539 3291 593 3357 ille
618 3297 714 3374 corte,
740 3293 855 3374 perdat
878 3293 1028 3375 placitum
1052 3300 1086 3360 et
1106 3310 1264 3375 yperpers
1284 3310 1333 3356 xx.
1353 3296 1387 3358 et
1400 3289 1573 3356 ueritatem

331 3411 420 3459 suam
444 3400 477 3462 et
499 3395 527 3461 si
549 3394 654 3462 iurure
677 3415 740 3464 non
763 3397 892 3480 poterit,
916 3397 1050 3463 condem
1074 3414 1186 3479 penam
1210 3395 1364 3478 paciatur.

712 3591 780 3637 ose.
802 3593 855 3634 xv.
879 3593 921 3635 nu
944 3592 1041 3635 nureo
1063 3568 1187 3636 unsuu.⁸

372 3689 454 3754 Item
478 3689 656 3770 statuimus,
681 3691 765 3772 quod
788 3691 815 3756 si
839 3691 910 3772 quis
933 3695 1068 3756 uocatus
1085 3689 1180 3757 fuerit
1202 3690 1235 3754 iu
1257 3694 1374 3755 testem
1397 3693 1431 3753 et
1453 3687 1573 3754 dixerit
1618 3683 1623 3690 ’

327 3793 443 3858 fulsum
467 3794 683 3860 testimouium
706 3801 740 3862 et
763 3794 823 3860 sibi
845 3795 1015 3877 probatum
1030 3793 1126 3862 fuerit
1141 3813 1197 3876 per
1218 3794 1298 3861 duos
1314 3792 1401 3858 uiros
1416 3791 1570 3874 ydoneos,

327 3897 475 3963 restituet
497 3897 553 3978 illi,
586 3903 697 3964 contre
720 3917 813 3980 quem
837 3900 951 3966 dixerit
973 3898 1087 3965 falsum
1113 3898 1330 3964 testimonium
1353 3902 1455 3963 totum
1477 3894 1570 3974 illud,

326 4001 410 4081 quod
433 4001 573 4083 perdidit
595 4002 626 4066 iu
650 4001 767 4084 placito
791 4009 923 4084 propter
946 4021 1036 4068 suum
1053 4001 1168 4069 foisum
1185 4002 1425 4080 testimonium,⁴
1448 4007 1481 4066 et
1496 4019 1571 4081 per·

328 4105 384 4170 dot
407 4123 495 4170 suam
527 4107 694 4173 ueritatem
719 4111 751 4172 et
774 4107 972 4173 credentiam
996 4106 1028 4170 iu
1053 4107 1198 4172 omnibus
1222 4112 1256 4172 et
1278 4107 1406 4188 iusuper
1441 4105 1569 4171 emittet

323 4227 481 4291 yperpere
503 4229 551 4274 xv.
576 4215 610 4276 et
630 4211 657 4276 si
679 4209 799 4294 fugerit
822 4210 918 4276 sitin
941 4211 1045 4278 banuo
1068 4209 1260 4294 perpetuali.

367 4384 377 4419 ¹
394 4387 481 4446 Deest
495 4404 540 4462 ep.
558 4385 709 4461 ujuoit.
727 4385 769 4448 Oi.
787 4403 849 4461 cap.
866 4385 974 4450 XVIII.
991 4386 1109 4448 staturi

365 4467 377 4506 ¹
394 4475 479 4532 Deest
494 4491 539 4547 sp.
556 4472 696 4547 LJ'ubit.
714 4472 756 4533 (ii.
773 4489 835 4548 oep.
852 4473 928 4532 XIX.
945 4473 1064 4535 Stetuti.

352 4556 378 4660 '⁸
393 4560 551 4630 Posuimus,
568 4561 698 4634 respectu
713 4559 810 4619 habito
826 4577 887 4634 cap.
905 4561 964 4619 XX.
981 4560 1098 4632 Stotuti,
1122 4575 1297 4633 quemquem
1320 4559 1399 4618 deest
1414 4575 1459 4634 up.
1478 4559 1519 4636 Iri
1532 4578 1566 4620 u-

323 4647 384 4766 bl?
394 4647 649 4813 ἓξτῗειᾙοῗιῖηἴὶ*
667 4747 757 4809 usquo
772 4734 809 4794 ed
826 4727 1058 4816 „ostimentum
1076 4733 1180 4795 desuut
1194 4749 1241 4809 ep.
1259 4731 1409 4809 [ajubit.
