3422 5364
1258 457 1320 522 285

376 681 443 726 ΟΔΡ.
466 681 578 724 uxxm.
609 683 651 724 DE
674 681 847 725 orscrrums
869 683 1032 726 aunuum.

129 777 299 845 ldillesimo
322 779 462 863 ccclxvij.
487 779 538 846 die
560 781 642 862 xxvij
668 780 844 846 decembris
867 779 899 845 in
922 787 1076 862 quaterno
1099 799 1210 864 grosso
1228 781 1331 848 reior-

78 883 256 948 mationum
278 883 466 968 Albertholi,
497 884 551 948 ubi
574 891 624 949 ost
646 883 733 950 istud
759 885 883 968 signum
908 884 968 964 ·A·,
992 889 1119 966 captum
1142 883 1211 968 fuit,
1246 886 1331 966 quod

80 985 218 1067 quilibet
240 986 355 1052 artifex
376 986 459 1052 iufra
481 1007 577 1052 unum
601 1005 742 1054 mensem
764 987 898 1055 deberet
921 987 1041 1054 habere
1069 1007 1166 1054 unum
1190 989 1332 1072 discipu·

80 1090 147 1155 lum
171 1090 318 1156 adminus
350 1092 382 1156 in
405 1110 464 1157 sua
486 1097 555 1157 arte
578 1093 638 1157 sub
663 1109 748 1173 pena
770 1092 920 1158 librarum
950 1092 1060 1158 decom
1091 1111 1263 1175 paruarum
1299 1099 1333 1159 et

79 1213 120 1261 ea
143 1211 229 1276 pena
252 1195 367 1275 soluta,
397 1195 600 1261 nihilominus
630 1201 779 1261 teneatur
810 1194 893 1260 inira
924 1195 1022 1261 alium
1043 1215 1184 1262 mensem
1207 1196 1330 1264 babere

79 1299 179 1364 adum
203 1299 393 1380 discipulum
415 1301 474 1366 sub
497 1299 608 1364 eadem
632 1317 718 1380 pena
740 1307 774 1364 et
795 1317 904 1364 mense
939 1299 1076 1380 singulo,
1111 1318 1173 1381 quo
1197 1303 1326 1367 steterit

79 1403 151 1468 sine
176 1401 339 1484 discipulo.
363 1403 407 1466 Et
429 1404 564 1484 quilibet
587 1405 691 1484 possit
706 1421 856 1468 accusare
871 1409 904 1468 et
919 1403 1037 1469 habeat
1053 1404 1214 1470 dimidiam
1232 1423 1327 1488 pene,

79 1507 180 1572 aliam
204 1524 378 1574 commune.
402 1507 486 1572 Etsi
503 1511 573 1588 quis
591 1527 626 1572 se
642 1515 819 1587 excusaret,
837 1508 974 1589 cognitio
992 1509 1204 1574 excusationis
1221 1528 1323 1576 rema·

78 1617 158 1678 neat
180 1611 265 1676 dicto
289 1611 414 1677 domiuo
438 1612 544 1676 comiti
567 1621 600 1676 et
624 1631 681 1691 sup
705 1613 801 1693 curie.

147 1809 215 1850 MP.
239 1809 347 1850 uxm.
372 1809 454 1860 QUOD
479 1808 574 1851 cum
596 1809 716 1852 suumn·
738 1810 861 1852 DUOBUS
883 1811 996 1852 omnus
1019 1811 1054 1852 ns
1076 1809 1259 1853 annonam.

125 1897 250 1963 Eodem
274 1905 417 1980 tempore
439 1905 472 1964 et
494 1899 583 1980 libro,
608 1899 660 1964 die
683 1900 744 1982 xvj.
769 1899 909 1964 octobris
933 1905 1061 1983 captum
1084 1899 1153 1978 luit,
1178 1901 1262 1981 quod
1285 1901 1326 1966 de

80 2007 191 2067 cetero
215 2002 339 2069 duobus
363 2002 474 2069 diebus
498 2003 688 2084 ebdomade,
713 2003 863 2068 uidelicet
885 2003 998 2069 diebus
1014 2003 1129 2069 Martis
1146 2011 1180 2070 et
1196 2003 1331 2072 Veneris

82 2109 174 2172 curia
197 2107 335 2173 ciuitatis
358 2106 483 2190 Spalati
506 2109 619 2174 sedere
635 2107 752 2173 debeat
767 2108 808 2173 ad
824 2125 938 2174 causas
954 2108 1178 2175 examinandas
1194 2113 1227 2176 et
1243 2109 1329 2176 deci-

80 2211 205 2278 dendas
229 2218 261 2277 et
285 2213 369 2293 quod
391 2213 460 2294 ipse
483 2213 629 2278 dominus
645 2229 762 2291 comes,
786 2212 837 2278 uel
854 2213 922 2279 eius
938 2213 1075 2278 uicarius
1096 2213 1212 2280 debeat
1227 2215 1328 2295 ipsam

80 2317 206 2382 curiam
230 2317 356 2382 uinculo
380 2319 572 2383 sacramenti
593 2317 764 2384 conuenire
787 2323 820 2382 et
843 2334 1038 2400 congregare
1062 2335 1139 2383 sono
1164 2336 1328 2400 campane,

79 2426 118 2486 ut
140 2421 238 2487 moris
261 2427 318 2500 est,
342 2421 387 2486 Et
410 2421 591 2503 quicunque
615 2421 655 2486 de
678 2421 767 2486 curia
790 2441 853 2487 non
873 2423 999 2488 uenerit
1014 2429 1088 2486 ante
1103 2421 1198 2488 linem
1221 2423 1329 2504 pulsa-

80 2526 179 2592 tionis
201 2525 299 2607 ipsius
323 2543 475 2608 campane
494 2543 632 2607 congrue
648 2527 774 2607 pulsate
796 2525 837 2592 ad
853 2528 1112 2594 conuocationem
1135 2528 1326 2609 predictam,

82 2629 179 2694 cadat
201 2630 234 2695 iu
256 2647 371 2712 penam
395 2629 557 2696 soldorum
580 2629 638 2693 rurti
664 2630 985 2698 irremissionabiliter
1007 2632 1152 2712 qualibet
1172 2633 1252 2712 uice,
1287 2632 1328 2698 ad

83 2751 179 2815 quam
202 2735 389 2817 exigendam
413 2739 561 2800 teneatur
582 2736 654 2815 ipse
677 2733 821 2816 prelatus
854 2735 1000 2801 dominus
1032 2753 1148 2820 comes,
1180 2755 1237 2803 seu
1260 2737 1331 2803 eius

82 2839 222 2904 uicarius
244 2838 327 2904 infra
350 2840 431 2906 duos
454 2839 533 2923 dies,
557 2838 699 2920 alioquin
722 2839 828 2905 soluat
850 2841 892 2906 de
914 2859 982 2920 suo,
1007 2841 1068 2906 nisi
1091 2841 1165 2907 talis
1188 2859 1253 2907 non
1276 2861 1332 2908 ue·

83 2944 175 3010 niens
198 2944 346 3010 habuerit
368 2943 604 3009 excusationem
628 2943 802 3026 legitimam
826 2961 864 3009 ex
888 2943 995 3028 aliqua
1018 2963 1184 3011 causarum
1202 2953 1329 3012 couten-

84 3053 192 3114 tarum
224 3049 257 3113 in
288 3053 409 3115 statuto
442 3048 580 3113 ciuitatis
610 3045 753 3129 Spoleti:
786 3049 884 3128 saluo,
922 3049 1007 3130 quod
1039 3050 1066 3114 si
1095 3049 1187 3116 dictis
1218 3049 1331 3118 diebus

82 3151 201 3218 Martis
225 3159 258 3219 et
282 3151 416 3218 Veneris
439 3158 548 3218 essent
569 3151 772 3231 iestiuitates,
809 3159 941 3235 propter
971 3172 1051 3236 quas
1073 3155 1245 3220 secundnm
1268 3160 1332 3221 sta·

83 3261 192 3323 tutum
215 3276 272 3324 seu
295 3257 540 3323 consuetudines
563 3257 648 3338 dicte
664 3257 803 3324 ciuitatis
819 3275 882 3324 non
898 3257 1052 3325 deberent
1066 3257 1136 3324 iura
1150 3257 1251 3341 reddi,
1275 3263 1333 3325 aut

83 3361 198 3442 aliqua
220 3361 321 3427 ardua
338 3361 471 3442 negocia
486 3361 562 3427 dicti
581 3361 755 3428 communis
770 3361 999 3442 incumberent,
1019 3380 1084 3427 non
1100 3367 1249 3428 teneatur
1263 3364 1333 3445 ipso

83 3465 233 3532 dominus
257 3483 363 3531 comes
387 3484 445 3530 seu
469 3466 538 3532 eius
558 3465 697 3532 uicarius
713 3464 830 3532 dictam
845 3467 965 3532 curiam
981 3483 1156 3532 conuocare
1172 3471 1331 3550 utsupra.

130 3570 212 3638 item
235 3577 361 3652 captum
377 3569 448 3650 init,
471 3569 557 3652 quod
574 3571 669 3636 liceat
691 3569 752 3653 ipsi
771 3571 897 3636 domino
914 3571 1031 3655 comiti,
1055 3589 1112 3636 seu
1127 3571 1196 3637 eius
1213 3573 1332 3638 uicario

85 3673 208 3740 dictum
232 3675 350 3740 curiam
374 3693 550 3774 conuocare
572 3680 606 3741 et
628 3693 823 3758 congregare
845 3673 989 3757 quolibet
1010 3675 1073 3740 alio
1098 3673 1159 3758 die,
1191 3676 1333 3756 quando·

85 3795 224 3860 cumque
247 3779 308 3845 sibi
330 3779 492 3844 uidebitur
514 3796 661 3858 necesse;
687 3779 744 3844 sed
766 3783 843 3844 tunc
863 3796 928 3845 non
950 3778 1091 3845 incidant
1114 3779 1160 3844 illi
1183 3780 1223 3847 de
1245 3781 1331 3846 curia

81 3901 201 3967 penam
223 3883 408 3965 predictam,
433 3883 493 3950 nisi
515 3883 604 3948 citati
626 3881 746 3949 luerint
767 3883 808 3950 ad
831 3883 892 3949 hoc
915 3883 955 3950 de
979 3883 1147 3949 secundo¹.

485 4079 553 4122 MP.
576 4079 672 4120 LXXV.
697 4080 738 4120 DE
761 4079 926 4124 ΟΟΜΕΒΟῙΟ.

128 4167 300 4236 Millesimo
324 4185 385 4234 ccc.
422 4169 474 4236 die
497 4169 631 4252 septimo
655 4170 774 4252 marcij‚
797 4169 830 4234 in
852 4167 1132 4236 reformationibus
1152 4167 1267 4250 Angeli
1292 4168 1332 4233 de

83 4271 246 4339 Fabriano
277 4278 404 4355 captum
435 4273 506 4354 fuit,
541 4273 626 4354 quod
656 4273 845 4339 comercium
875 4273 1070 4339 uenderetur
1100 4279 1133 4339 et
1168 4272 1333 4338 uenditum

81 4375 146 4443 fuit
168 4377 405 4443 conditionibus
428 4375 649 4458 infrascriptis,
672 4375 833 4462 uidelicet,
858 4377 942 4458 quod
962 4377 1015 4442 ubi
1032 4377 1218 4442 soluebatur·
1234 4375 1333 4441 dena·

82 4481 151 4548 rius
167 4500 250 4548 unus
273 4499 330 4562 pro
353 4482 443 4560 libra,
469 4481 618 4546 denarius
640 4500 722 4546 unus
745 4499 803 4563 pro
818 4480 926 4563 gaieta
942 4479 1017 4563 nini,
1041 4480 1206 4546 soluentur
1221 4480 1284 4546 duo
1300 4485 1333 4544 et

83 4603 144 4668 pro
168 4585 348 4651 arboratioo
371 4586 459 4651 iuxta
480 4585 618 4653 solitum.

133 4725 143 4760 ¹
167 4728 253 4791 (lod.
278 4728 431 4789 chium:
457 4723 711 4811 „supraseriput
