3434 5368
1325 487 1365 548 39

130 709 204 755 sum
229 709 342 770 vnum3
366 691 446 756 etsi
471 691 541 772 quis
564 691 672 756 uenire
695 691 832 756 noluerit
847 690 887 756 ad
903 692 1086 769 custodiam,
1110 693 1214 757 soluat
1229 710 1285 774 pro
1301 697 1369 758 tota

126 795 318 875 ebdomada,
342 803 433 862 nocte
458 796 608 877 qnalibet,
633 815 778 877 grossum
803 815 905 874 vnum,
931 795 1012 861 infra
1027 801 1091 862 tres
1108 795 1175 860 dies
1191 797 1367 864 ebdomade

126 892 292 981 sequentis
315 919 397 982 pena
420 899 524 981 dupli,
561 918 630 965 cnm
652 907 834 982 preceptum
871 900 966 966 inerit
988 919 1044 982 per
1067 901 1207 982 regimen
1242 902 1365 968 soluere

125 1002 213 1068 infra
236 1003 353 1070 dIctum
377 1006 558 1082 terminum,
593 1005 682 1070 saluo
706 1009 732 1069 si
755 1005 818 1090 ille,
850 1006 934 1088 qui¹
957 1023 1020 1070 non
1043 1005 1181 1085 uenerit,
1216 1004 1365 1072 fueritin

123 1108 251 1190 uiagio,
285 1110 337 1174 uel
358 1109 505 1175 habuerit
537 1109 653 1176 iustum
688 1110 960 1192 impedimentum,
996 1109 1035 1174 de
1058 1127 1120 1190 quo
1142 1110 1365 1192 impedimento

18 1279 19 1284 ,
125 1221 258 1280 excuset
280 1233 315 1278 se
337 1213 420 1280 inira
443 1216 660 1296 septimanam,
685 1215 717 1278 in
741 1233 803 1296 qua
825 1215 922 1280 habet
945 1215 1119 1294 custodire3
1144 1214 1283 1298 alioquin
1299 1216 1366 1284 eius

125 1336 245 1384 excusa
267 1319 353 1384 nullo
376 1319 469 1385 modo
494 1319 672 1401 recipiatur.

360 1533 427 1574 ΟΔΡ.
451 1535 535 1574 xnlx.
562 1535 644 1586 QUOD
668 1535 788 1577 NULLUS
813 1535 953 1578 EXOUSE'I'
976 1535 1138 1578 caesones.

171 1649 256 1714 Item
279 1650 456 1728 statuimus,
481 1651 692 1730 quodnnIIus
709 1651 826 1716 audeat
841 1669 999 1728 excusare,
1022 1653 1169 1732 retinere,
1194 1655 1365 1735 remittere,

128 1772 189 1818 nec
212 1755 410 1820 excambiata
433 1755 569 1835 aliquem
594 1756 757 1820 custodem
779 1756 819 1820 de
843 1776 900 1821 sua
923 1757 1099 1824 ebdomada
1130 1777 1212 1840 pena
1233 1777 1367 1842 yperpe-

126 1877 236 1925 rorum
261 1861 403 1940 duorum,
429 1879 490 1941 que
512 1861 683 1926 deueuiant
706 1861 736 1925 iu
760 1879 932 1928 commune.
1380 1857 1383 1864 '

338 2075 404 2117 CAP.
428 2077 456 2116 n.
481 2078 522 2117 Dr:
545 2077 805 2120 EXTRAHENTIBUS
828 2079 958 2119 BLADUM
982 2080 1015 2118 IN
1038 2079 1160 2121 lustina.

170 2190 256 2255 Item
279 2193 459 2270 statuimus,
495 2193 579 2274 quod
602 2193 707 2258 nullas
730 2195 845 2260 audeat
876 2195 1042 2260 extrahere
1071 2194 1281 2276 sarmentum,
1316 2211 1367 2276 uel

127 2294 217 2360 aliud
239 2295 377 2376 bladum,
401 2297 451 2362 nel
475 2298 626 2380 ligamina
648 2303 736 2364 extra
759 2299 931 2372 ciuitatem,
955 2301 1006 2365 uel
1027 2299 1172 2380 insulam,
1194 2301 1245 2367 nel
1262 2301 1366 2368 foren-

17 2475 18 2480 ἵ
126 2400 219 2464 sibus
241 2401 381 2466 uendere
404 2401 444 2466 ad
468 2403 657 2483 portandum
681 2409 779 2483 extra,
811 2404 842 2468 in
865 2403 942 2468 alias
966 2410 1083 2485 partes
1120 2403 1172 2468 uel
1195 2406 1271 2470 alias
1294 2425 1367 2487 pro·

17 2535 18 2540 κ
125 2505 260 2569 cincias.
283 2505 326 2570 Et
348 2507 535 2588 quicumque
559 2507 789 2586 contrafecerit,
814 2507 927 2590 perdat
950 2513 1051 2572 totum
1075 2507 1202 2572 bladum
1219 2509 1270 2583 nei
1286 2510 1365 2594 ligu-

124 2609 241 2688 mina·,²
264 2610 408 2692 qui'sine
431 2619 580 2692 precepto
604 2612 690 2678 curie
712 2612 772 2677 hoc
788 2611 898 2677 fecerit
913 2611 1018 2693 aliquo
1034 2612 1137 2690 modo,
1161 2614 1213 2678 uel
1229 2614 1364 2696 ingenio.

128 2713 170 2778 Et
194 2716 251 2796 qui
273 2715 479 2794 accusauerit,
505 2717 556 2780 uel
580 2716 841 2798 apprehenderit,
875 2716 991 2782 habeat
1019 2718 1149 2782 terciam
1172 2723 1294 2800 partem
1317 2725 1365 2786 to·

127 2818 195 2884 cius
219 2819 315 2884 bladi.

353 2984 419 3025 ona.
443 2984 484 3024 ur.
509 2985 550 3024 nn
573 2961 814 3026 senuneuroun³
835 2985 940 3026 nonus
962 2985 1023 3027 uun
1045 2985 1144 3028 asora.

17 3169 19 3182 ¹
168 3099 253 3164 item
276 3102 453 3180 statuimus,
478 3101 562 3181 quod
585 3101 763 3182 quicunque
786 3100 983 3166 iraudauerit
1005 3100 1136 3180 dacium,
1159 3101 1211 3167 uel
1235 3101 1362 3183 aliquod

126 3205 379 3270 ordinamcutum
402 3205 493 3287 dacij,
529 3205 580 3270 uel
605 3207 721 3279 duone,
758 3205 843 3286 quod
866 3205 988 3272 dacium
1012 3205 1189 3271 ordinatum
1212 3211 1276 3280 est,
1311 3207 1365 3272 uel

17 3305 19 3394 }
126 3309 187 3375 erit
210 3329 269 3391 per
290 3311 496 3394 tegimentum
523 3310 668 3392 Curqnle,
693 3311 797 3376 soluat
818 3313 850 3376 in
873 3311 1002 3393 triplum
1026 3311 1157 3394 dacium,
1181 3312 1265 3392 qnod
1281 3310 1362 3376 frau-

17 3421 19 3526 ἑ
127 3413 256 3478 dauerit
278 3422 309 3480 et
331 3433 487 3496 yperpera
509 3415 571 3481 duo
595 3423 628 3480 et
649 3423 813 3482 accusator
836 3417 952 3483 habeat
975 3417 1103 3480 terciam
1119 3421 1241 3496 partem
1257 3415 1363 3482 banni.

399 3648 465 3690 CAP.
489 3647 542 3688 nn.
566 3648 608 3688 Dm
631 3648 883 3690 convocaremus
906 3646 1094 3690 nemorosas.

172 3763 255 3830 Item
288 3765 473 3843 statuimus,
508 3765 592 3845 quod
626 3769 803 3846 quicunqne
837 3763 1021 3830 conduxerit
1043 3763 1083 3828 de
1107 3764 1169 3830 alia
1201 3764 1364 3848 prouincia

17 3857 19 3876 '
127 3867 287 3934 hominem
311 3875 494 3936 extraneum
512 3871 544 3934 in
567 3870 727 3935 ciuitatem
750 3869 800 3934 uel
823 3869 958 3932 insulam
983 3867 1118 3950 Corqule
1140 3869 1245 3950 aliquo
1262 3871 1361 3952 signo,

127 3973 179 4038 nel
203 3974 337 4056 ingenio,
361 3979 416 4038 aut
435 3973 632 4040 indicatione
656 3972 758 4052 uerbi,
780 3975 831 4040 uel
854 3973 928 4039 facti
944 3980 977 4039 et
991 3974 1157 4039 tradiderit
1176 3975 1282 4056 alique
1297 3975 1362 4040 ani·

17 4139 19 4152 ,
126 4077 224 4142 maiia
245 4082 278 4143 et
299 4078 326 4144 ei
350 4077 516 4159 probatum
540 4077 635 4143 fuerit
657 4097 715 4159 per
738 4097 832 4142 vnum
855 4079 1000 4144 idoneum
1024 4083 1148 4158 testem,
1172 4078 1224 4143 uel
1240 4077 1361 4144 confes·

17 4163 19 4222 ἕ
127 4201 182 4248 sus
206 4181 310 4262 fuerit,
334 4185 483 4248 restituat
506 4190 639 4266 patrono
663 4185 767 4273 omnia
790 4185 937 4249 animalia
959 4189 993 4250 et
1014 4183 1168 4248 cummuni
1192 4183 1303 4262 soluat,
1328 4189 1363 4249 vt

17 4357 19 4372 ‚
126 4287 244 4352 dictum
267 4288 370 4353 estin
394 4289 531 4370 capitulo
554 4287 647 4366 furti;
679 4293 712 4353 et
735 4289 761 4352 si
785 4288 987 4370 combuserit,
1011 4287 1064 4352 uel
1086 4285 1198 4351 iecerit
1220 4287 1362 4370 comburi

126 4391 302 4456 tradicione
325 4397 358 4457 et
380 4391 500 4472 fraude,
524 4393 577 4458 nel
600 4391 679 4457 alias
701 4409 752 4458 res
775 4391 951 4476 tradiderit,
976 4391 1088 4474 perdat
1104 4391 1312 4475 quadruplum
1328 4391 1360 4457 iu

174 4584 429 4647 ¹Deestiu00d.
446 4589 527 4662 Gap.

172 4672 286 4733 IDeest
299 4675 329 4735 in
344 4675 387 4735 ed.
404 4672 484 4734 Ven.

176 4757 267 4826 3Οοᾶ.
284 4763 384 4838 Cap:
404 4755 648 4840 „iraudaeoione“.
