3422 5364
343 453 408 522 264

667 681 734 728 ῦΔΡ.
757 683 827 726 xm.
852 683 895 726 DE
916 683 1019 728 omum
1036 677 1252 730 mmmm.

383 800 550 868 Millesimo
564 803 720 868 (acernusio
746 801 798 868 die
821 801 905 884 xviij.
922 800 1041 884 aprilis,
1065 805 1209 882 tempore
1225 799 1446 883 suprascripti²
1461 797 1589 866 domini

347 906 552 974 Pantaleonis
574 907 755 973 Justiniano
778 913 905 989 captum
935 903 1247 984 internanarum,
1279 903 1365 987 quod
1393 903 1588 987 quicumque

345 1011 557 1094 pastinauerit
578 1011 704 1078 uincam
726 1012 759 1077 in
781 1028 892 1093 eampo
915 1011 967 1076 uel
997 1010 1143 1076 districtu
1165 1008 1297 1092 Spoleti,
1330 1028 1387 1076 seu
1416 1009 1448 1074 in
1480 1009 1589 1074 insula

344 1115 443 1198 Solte,
468 1121 614 1183 teneatur
636 1117 799 1199 pastinare
822 1120 958 1198 quatuor
978 1115 1076 1196 pedes
1099 1115 1257 1181 oliuarunr
1282 1133 1340 1197 pro
1356 1113 1502 1196 quolibet
1516 1132 1589 1180 ure·

343 1227 427 1286 teno.
460 1219 505 1286 Et
534 1219 668 1302 quilibet
698 1239 755 1302 pes
777 1221 885 1286 sitite
907 1237 1050 1303 grossus,
1071 1219 1154 1286 sieut
1175 1225 1226 1285 est
1247 1217 1415 1285 brachium
1436 1217 1586 1300 hominis,

344 1325 397 1391 uel
419 1325 503 1392 eirea
525 1325 585 1390 sub
608 1343 694 1407 pena
715 1345 734 1390 x
756 1323 917 1390 soldorum
939 1343 997 1406 pro
1020 1324 1164 1406 quolibet
1179 1323 1271 1406 pede,
1292 1341 1388 1405 quem
1403 1341 1468 1390 non
1484 1321 1588 1404 pasti·

345 1429 482 1514 nauerit,
505 1435 541 1495 ut
556 1429 675 1495 dictum
690 1435 748 1496 est.
771 1429 815 1494 Et
829 1429 1031 1496 nihilominus
1047 1429 1236 1511 quicumque
1251 1425 1470 1510 pastinauerit,
1495 1433 1588 1494 tene·

346 1539 419 1600 atur
441 1539 475 1601 et
496 1533 613 1600 debeat
634 1534 721 1616 ipsos
741 1533 824 1600 bene
847 1532 1008 1599 custodire
1031 1539 1065 1598 et
1078 1533 1188 1599 taliter
1202 1531 1320 1612 colere,
1344 1530 1428 1614 quod
1442 1529 1588 1597 fructum

346 1636 474 1718 faciant,
498 1639 557 1705 sub
579 1655 664 1721 pena
686 1637 847 1706 soldorum
877 1638 987 1704 decem
1008 1655 1066 1719 pro
1097 1637 1240 1720 quohbet
1268 1636 1361 1722 pede,
1395 1653 1492 1718 quem
1522 1655 1587 1705 non

349 1743 395 1810 ita
416 1741 619 1810 custodirem.

389 1847 481 1927 item,
505 1847 589 1930 quod
611 1847 718 1914 nullus
739 1847 856 1914 audeat
876 1845 1017 1913 incidere
1048 1845 1187 1928 aliquem
1208 1845 1324 1929 pedem
1346 1845 1505 1912 oliuarum
1527 1844 1588 1911 ali·

346 1951 451 2020 ouius³
472 1951 525 2019 uel
546 1969 651 2019 rennes
672 1951 813 2034 ipsarum
836 1951 896 2017 sub
917 1967 1003 2034 pena
1024 1951 1176 2016 librarum
1198 1968 1219 2015 v
1240 1966 1413 2032 paruomm
1427 1955 1462 2018 et
1477 1967 1588 2018 emen·

346 2055 442 2122 dandi
475 2056 623 2124 damnum
655 2075 761 2141 passo,
792 2056 833 2122 de
862 2073 924 2137 quo
957 2055 1072 2121 damno
1103 2053 1252 2121 credatur
1274 2059 1474 2121 sacramento
1496 2055 1589 2136 passi
1698 2077 1700 2140 q

346 2162 506 2242 damnum,
529 2158 614 2226 facto
630 2158 694 2226 fide
709 2161 749 2225 de
763 2159 834 2242 ipso
851 2159 974 2226 damno.
995 2159 1062 2225 Nec
1080 2160 1178 2226 etiam
1191 2157 1295 2241 possit
1309 2157 1424 2240 aliquis
1441 2158 1590 2225 incidere
1699 2151 1700 2192 ³

346 2265 483 2346 aliquem
511 2265 626 2348 pedem
656 2264 812 2331 oliuerum
844 2262 884 2330 de
913 2263 979 2330 suis
1008 2263 1147 2346 propiijs
1174 2263 1296 2345 absque
1318 2263 1445 2329 licentia
1466 2262 1588 2328 domini
1698 2261 1700 2284 ³

346 2368 469 2436 comitis
492 2373 526 2434 et
547 2369 634 2449 curiq
656 2369 710 2450 qui
732 2387 790 2450 pro
812 2372 957 2450 tempore
970 2365 1074 2447 luerit,
1091 2366 1151 2434 snb
1168 2384 1252 2449 pena
1266 2367 1420 2433 librarum
1434 2365 1587 2448 quinque.
1699 2369 1700 2380 ’

390 2471 435 2538 Et
455 2490 513 2554 pro
535 2473 688 2555 predictis
711 2472 855 2540 omnibns
878 2471 1087 2539 obseruandis
1108 2469 1187 2538 fiant
1207 2471 1290 2538 omni
1307 2489 1390 2538 anno
1404 2469 1437 2536 in
1453 2469 1588 2538 oonsilio
1699 2465 1700 2516 ³

345 2577 486 2661 generali
503 2581 565 2646 duo
581 2576 741 2657 officiales,
765 2576 819 2661 qui
833 2581 1004 2643 teneantur
1019 2575 1117 2644 semel
1133 2575 1166 2641 in
1181 2593 1289 2644 mense
1303 2575 1352 2642 ire
1366 2593 1425 2659 per
1438 2591 1589 2658 campum
1699 2569 1700 2654 J

346 2681 469 2766 Spoleti
499 2686 532 2749 et
561 2681 730 2766 diligenter
758 2682 915 2764 inspicere
948 2685 982 2748 et
1011 2675 1227 2762 quoscumque
1255 2681 1438 2748 inuenerint
1459 2687 1589 2748 conuu-
1698 2713 1700 2774 j

346 2787 515 2868 facientes,
538 2805 689 2854 accusare
711 2791 745 2852 et
768 2787 954 2854 denuntiare
972 2791 1140 2852 teneantur
1155 2789 1189 2852 et
1209 2785 1328 2854 hebere
1358 2785 1499 2852 debeant
1521 2802 1589 2852 me·

347 2892 498 2960 dietatem
520 2890 625 2958 banni.
649 2890 710 2970 Qui
733 2889 884 2959 officiales
905 2891 933 2958 ei
955 2909 1018 2957 non
1039 2889 1125 2957 irent
1147 2908 1205 2973 per
1223 2906 1369 2972 campum
1383 2889 1426 2956 ad
1439 2889 1590 2972 predicta

346 2995 493 3076 uidenda,
516 2995 636 3063 seilicet
658 2996 757 3062 semel
778 2995 812 3060 in
833 3013 952 3081 mense,
975 3001 1012 3062 ut
1034 2993 1152 3061 dictum
1175 2999 1234 3080 est,
1258 2993 1311 3062 uel
1333 2995 1444 3062 sinon
1464 2993 1590 3060 denun-

347 3101 465 3169 tiarent
480 3099 753 3181 contrafacientes,
771 3099 857 3182 quod
872 3099 1006 3182 quilibet
1020 3117 1130 3167 eorum
1142 3099 1238 3167 eadat
1251 3099 1283 3165 in
1299 3117 1416 3182 penam
1431 3099 1590 3165 librarum
1698 3151 1700 3176 2

348 3207 488 3292 quinque
510 3225 568 3289 pro
591 3205 733 3288 quolibet
753 3203 833 3272 uice.
863 3205 908 3272 Et
928 3204 1047 3272 habeis
1070 3205 1210 3272 debeant
1229 3223 1288 3288 pro
1309 3204 1454 3286 quolibet
1475 3220 1590 3270 eorum

347 3329 407 3395 pro
430 3329 494 3378 uno
516 3330 599 3378 anno
622 3309 721 3377 libres
737 3327 792 3376 sex
813 3327 1001 3393 parnomm3
1032 3315 1065 3377 et
1086 3309 1287 3376 nihilominus
1309 3309 1411 3393 possit
1433 3325 1589 3375 accusare

345 3420 381 3484 et
403 3413 590 3483 denuntiare
611 3418 645 3482 et
665 3413 785 3482 habere
807 3413 924 3482 debeat
944 3414 1149 3481 medietatem
1171 3413 1278 3480 banni.

389 3519 560 3602 Emptores
578 3537 657 3586 uero
677 3518 837 3586 imotuum
858 3519 963 3600 insule
987 3517 1086 3604 solue,
1111 3525 1176 3585 tarn
1198 3519 1253 3601 qui
1275 3536 1360 3586 nuno
1381 3523 1467 3598 eunt,
1490 3535 1589 3600 quern

346 3643 406 3709 pro
435 3631 580 3708 tempore
601 3623 728 3704 fuerint,
759 3627 930 3690 teneantur
958 3623 1061 3706 ipsum
1093 3621 1231 3690 officium
1262 3641 1412 3691 exercere
1441 3623 1476 3688 in
1497 3622 1585 3689 dicta

346 3728 452 3798 insula
467 3729 567 3812 Soltq,
583 3733 728 3811 excepto,
745 3727 829 3809 quod
846 3727 886 3794 de
901 3727 1091 3810 requirendo
1107 3728 1192 3794 omni
1209 3745 1321 3796 mense
1334 3747 1398 3794 non
1415 3731 1588 3796 teneantur

349 3839 382 3902 et
405 3850 554 3900 accusare
577 3832 715 3900 debeant
737 3838 770 3899 et
791 3833 911 3900 habere
932 3833 1139 3900 medietatem
1160 3839 1197 3900 ut
1219 3851 1326 3915 supra
1357 3833 1403 3898 Et
1431 3831 1589 3898 clamatur

349 3937 433 4007 omni
465 3955 558 4017 anno,
593 3937 679 4020 quod
706 3956 816 4005 omnes
844 3937 991 4004 uolentes
1019 3937 1183 4019 pastinare
1214 3941 1383 4004 teneantur
1413 3954 1450 4003 se
1478 3934 1587 4002 faeere

347 4043 443 4112 scribi
464 4061 523 4126 per
546 4042 707 4124 officiales,
737 4043 791 4126 qui
821 4041 941 4109 fuerunt
962 4042 1003 4109 ad
1026 4040 1171 4125 predicta
1191 4047 1337 4124 tempora
1358 4041 1503 4124 deputati
1526 4040 1586 4108 sub
1698 4041 1699 4044 ’

347 4166 432 4232 pqna
453 4147 623 4231 predictot
1698 4223 1699 4226 Ἴ

391 4252 506 4321 Omnia
529 4257 636 4319 autem
658 4251 721 4318 alia
744 4257 874 4338 statuta,
897 4269 960 4334 quq
983 4251 1097 4318 dorent
1118 4251 1214 4317 aliam
1235 4249 1380 4329 formam,
1411 4251 1465 4318 uel
1487 4249 1586 4316 alium

348 4357 486 4437 modum,
520 4357 710 4423 anctoritate
738 4357 897 4439 presentis
927 4356 1039 4424 statuti
1069 4355 1132 4422 sint
1161 4372 1252 4422 cassa
1282 4361 1315 4423 et
1344 4354 1524 4422 cancellata
1552 4359 1589 4421 et

348 4479 480 4544 presens
502 4465 656 4529 statutum
678 4461 718 4528 de
740 4466 849 4543 cetero
871 4460 986 4530 debeat
1007 4461 1181 4527 obseruari.

398 4655 481 4734 ¹Ap.
504 4658 633 4735 ujus:
657 4653 846 4735 „antedioti“.
910 4650 923 4688 ⁹
944 4653 1052 4719 ibid:
1072 4648 1290 4732 „custodierat
1357 4651 1473 4715 ³Deest
1494 4653 1586 4715 ibid

355 4740 367 4778 ⁴
389 4744 504 4807 Verba:
528 4749 681 4826 „tempora
703 4777 744 4787 -
766 4735 917 4824 prqdiota‘
943 4741 1047 4804 desunt
1068 4740 1158 4804 ibid
