3388 5356
213 475 366 570 neoc

393 687 500 760 custos,
517 681 602 757 cujus
620 684 684 740 erat
706 681 844 756 prosequi
868 681 955 757 fures,
979 683 1068 753 atque
1090 677 1219 753 reperire
1239 675 1325 752 furta,
1351 689 1405 748 per
1427 669 1557 730 insulam

391 768 470 828 lacta
485 764 629 849 („instent
641 763 893 848 postulationibus
908 766 947 824 ad
962 766 1040 826 furta
1055 763 1228 840 reperienda
1245 793 1285 804 -
1300 777 1331 836 p.
1350 757 1425 834 ib).

305 856 420 932 gniua
437 887 477 897 —
493 859 572 912 terra
588 854 679 930 culta,
696 869 769 928 ager
786 853 909 930 novalis,
927 869 1039 912 arvum.

305 942 466 1018 granius
491 973 522 983 -
538 940 630 1017 limes,
648 943 725 998 meta
740 938 920 1017 („ponantur
936 936 1113 1000 confinia...
1130 939 1160 995 et
1172 931 1304 1016 pronius
1315 925 1500 990 incidantnr“
1514 959 1563 968 -

390 1044 418 1101 p.
437 1029 494 1104 893
508 1025 639 1105 prauizc
654 1025 790 1084 videntur
805 1024 853 1084 bic
868 1024 990 1103 lapides,
1007 1025 1054 1084 vel
1071 1024 1192 1084 arbores
1208 1038 1282 1097 esse,
1299 1019 1338 1078 ad
1350 1012 1562 1092 distiguendoa
1685 1104 1691 1113 Ι

390 1112 462 1171 fines
481 1112 565 1187 signo
581 1113 680 1186 aliquo
696 1111 812 1187 signati,
829 1113 877 1170 vel
893 1109 1001 1188 incisi.)
1536 1184 1545 1197 .

306 1199 493 1274 grassinc
517 1218 557 1253 =
581 1198 696 1274 grassia
719 1217 760 1252 =
783 1213 888 1272 grassa
911 1229 953 1239 —-
976 1213 1091 1258 annona
1106 1193 1229 1269 quaevis
1252 1191 1462 1270 („quicnnqne
1484 1188 1562 1244 eunt

390 1282 570 1364 prassinam
586 1288 615 1341 ct
630 1283 718 1343 blada
734 1283 931 1356 cuiuscunque
946 1280 1054 1342 εοηίειι
1072 1313 1114 1323 -
1128 1297 1158 1356 p.
1178 1281 1249 1340 198.
1264 1293 1374 1356 „snper
1396 1275 1474 1334 facto
1497 1270 1565 1330 fru-

394 1371 490 1446 menti,
508 1369 588 1429 bladi
603 1387 638 1428 ae
654 1369 746 1428 omnis
759 1368 910 1448 praesae“
928 1401 970 1412 -
985 1387 1014 1443 p.
1032 1365 1116 1444 232.)
1541 1443 1549 1455 ι

308 1457 516 1516 incantare
532 1487 574 1496 -
589 1455 759 1531 auctionari,
776 1456 831 1514 sub
847 1454 933 1514 hasta
948 1454 1074 1512 vendere
1089 1453 1150 1532 (vel
1165 1448 1283 1527 locare),
1301 1483 1342 1492 —
1366 1447 1484 1542 vincere
1503 1444 1565 1542 alr-

395 1559 481 1615 quem
496 1541 590 1616 pretio
606 1557 668 1618 suo,
686 1557 775 1615 supra
795 1558 818 1600 s.
843 1541 909 1615 plus
932 1540 1061 1616 adjicere
1087 1539 1286 1618 („quicunquo
1309 1528 1482 1596 incantabat
1503 1531 1566 1590 alr·

394 1645 482 1702 quam
497 1643 651 1702 personam
668 1627 696 1684 in
712 1625 854 1685 emendo“
873 1660 915 1670 —
932 1644 961 1702 p.
980 1624 1054 1703 87).

308 1715 503 1772 incentum
518 1734 558 1768 τ.
575 1714 708 1772 incantus
724 1745 765 1754 —
781 1713 887 1790 auctio,
905 1747 946 1756 -
961 1727 1018 1788 res,
1035 1728 1111 1786 quae
1125 1712 1180 1770 sub
1192 1711 1278 1770 hasta
1289 1707 1408 1783 publica
1419 1703 1564 1763 venditur

395 1798 523 1878 („possit
537 1816 633 1858 emere
648 1799 776 1873 aliquem
790 1795 970 1860 ’ἰποαηιιωηιι
986 1816 1016 1873 p.
1035 1797 1107 1874 id).

309 1887 538 1946 insensatus
554 1892 594 1928 —·
611 1901 713 1944 sensus
728 1885 871 1962 privatus,
889 1902 976 1944 sensu
993 1901 1104 1945 carens.

310 1972 416 2032 lania
432 1991 472 2026 =
488 1972 604 2030 laniena
618 1966 828 2053 (κρεωπώλιον)
842 1973 1005 2048 macellum,
1019 1969 1144 2046 officina,
1162 1969 1191 2028 in
1207 1985 1266 2043 qua
1281 1967 1428 2026 laniantur
1440 1979 1475 2022 ac
1487 1981 1566 2022 ven-

396 2058 503 2116 duntur
525 2073 636 2133 carnes,
655 2089 697 2098 —-
714 2056 867 2117 baccharis
882 2057 1001 2136 („nemo
1024 2057 1132 2116 audeat
1153 2053 1315 2131 ingredi...
1338 2053 1416 2110 intus
1432 2046 1568 2110 ioniam
1692 2127 1693 2130 Ἴ

396 2143 460 2202 siue
474 2141 679 2203 beocheriam“
695 2158 725 2216 p.
744 2141 838 2220 216.).

310 2229 498 2288 lanius-
512 2225 700 2312 κρεωπώλης,
723 2225 883 2312 κρεουργός,
900 2230 949 2305 qni
965 2247 1068 2290 carnes
1091 2229 1120 2286 in
1143 2227 1276 2288 carnario
1299 2224 1398 2284 vendit
1425 2223 1566 2298 populo:

396 2334 415 2374 a
438 2315 582 2375 laniandis
606 2313 775 2392 pecudibus,
803 2317 881 2390 quod
904 2334 955 2376 eas
978 2316 1112 2376 concidet
1133 2315 1298 2390 laniatque,
1323 2344 1364 2353 -
1387 2309 1569 2370 becchet-ius

396 2401 526 2478 („nullus
542 2399 647 2462 lanius
662 2402 724 2460 siue
739 2401 911 2462 beccharius
921 2449 927 2465 .
939 2449 945 2462 .
958 2450 983 2464 ..
1000 2401 1126 2462 uendere
1141 2401 1235 2476 possit
1253 2414 1356 2459 earnes
1371 2395 1453 2474 alibi,
1470 2412 1569 2471 quam
1692 2395 1693 2422 ³

397 2487 427 2545 in
442 2485 616 2548 beccharia“
633 2519 674 2530 --
690 2505 719 2563 p.
739 2490 814 2546 216.

311 2577 371 2633 las
388 2607 428 2616 ·-
443 2573 509 2651 (λᾶς
530 2607 572 2616 --
593 2573 688 2650 mous)
711 2574 878 2652 -laneus,
903 2591 1031 2650 mansus,
1049 2591 1121 2649 ager
1142 2573 1255 2634 noviter
1278 2573 1437 2634 seminatus
1460 2567 1568 2650 („vbi-

396 2677 520 2734 eumque
537 2659 613 2719 derit
627 2657 676 2720 aar
691 2663 721 2718 et
736 2659 944 2720 seminabitur“
963 2693 1003 2703 -
1020 2678 1049 2736 p.
1067 2658 1142 2736 82).

313 2746 538 2820 ligonizare
553 2747 703 2821 -ligone
718 2746 827 2824 fodere,
841 2747 958 2806 versare
969 2748 1091 2822 glaebas
1102 2746 1258 2824 ligonibus,
1274 2745 1358 2824 („qui
1370 2743 1568 2826 liponizaret

404 2835 512 2891 terram
527 2833 575 2891 vel
590 2829 724 2891 vineam“
742 2865 783 2874 ..,
799 2850 828 2907 p.
848 2833 942 2910 na).

312 2920 430 2992 loqua
446 2951 487 2960 —-
501 2917 677 2977 lavatorium
694 2951 734 2960 -—
752 2914 895 3002 πλυσιμὸν
910 2919 973 2998 („in
989 2919 1089 2994 aliqua
1117 2915 1212 2997 loquo
1233 2936 1289 2980 nou
1312 2919 1420 2978 audeat
1448 2919 1561 2994 aliqua

398 3021 525 3080 persona
539 3001 659 3064 lauaro“
675 3037 716 3048 -
733 3022 762 3079 p.
781 3000 856 3086 89.)

312 3091 460 3148 manari
470 3110 489 3149 a
504 3125 545 3134 -
562 3091 703 3168 batillum,
723 3091 839 3168 falcula,
855 3091 928 3170 (gal.
944 3092 1069 3171 faucille,
1087 3097 1223 3172 serpette,
1246 3094 1278 3151 it.
1295 3093 1456 3170 menariae,
1472 3093 1565 3166 quod

399 3177 438 3235 ad
452 3195 569 3236 manum
585 3177 679 3236 facilis
695 3177 737 3236 sio
753 3177 854 3255 diota.)

313 3263 463 3322 mandra
479 3283 518 3318 ε.-
531 3263 665 3322 mandria
677 3263 786 3341 (it.)-
802 3267 916 3338 septum
926 3265 1080 3342 pecudum,
1105 3267 1260 3325 stabulum.
1273 3265 1332 3344 („si
1344 3267 1410 3340 quis
1419 3310 1427 3325 .
1437 3310 1461 3324 ..
1478 3284 1568 3326 com-

407 3349 517 3408 buserit
528 3349 652 3408 alienam
664 3350 790 3426 domum,
803 3349 979 3428 moredrum,
992 3369 1106 3428 copam,
1113 3353 1161 3411 uel
1168 3357 1276 3412 metam
1288 3351 1387 3412 bladi“
1400 3385 1441 3394 —
1449 3369 1480 3428 p.
1492 3353 1571 3431 49.)

312 3438 386 3494 met
405 3453 424 3493 a
439 3434 544 3514 (bladi)
560 3469 601 3478 -
617 3453 739 3495 acervus
755 3441 895 3514 segetum,
914 3437 1040 3513 frugum.

313 3538 420 3580 maza
436 3555 477 3563 -
499 3523 584 3581 clava
599 3521 717 3600 („maza
732 3523 769 3582 de
785 3523 880 3600 terro,
897 3524 956 3582 alia
971 3528 1173 3598 preterquam
1189 3525 1225 3584 de
1240 3521 1338 3584 ferro“
1356 3557 1397 3568 -—
1413 3542 1443 3600 p.
1461 3525 1515 3600 6.).

312 3611 476 3666 mustum
491 3607 616 3685 (vinum)
633 3641 673 3650 -
686 3609 785 3667 vinum
800 3627 916 3687 novum,
934 3610 1062 3669 nondum
1077 3614 1233 3685 purgatum
1250 3645 1291 3654 -·
1306 3607 1355 3690 (τὰ
1377 3611 1501 3692 γλεῦκος
1517 3645 1568 3654 -—

401 3693 417 3750 ὁ
440 3685 511 3762 οἶνος
534 3689 675 3775 ὁοΐρκιος).

313 3781 465 3838 naulum
481 3813 523 3822 -
538 3781 698 3853 portorium
710 3781 862 3858 (tribunum
874 3781 903 3840 in
919 3785 1005 3857 portu
1021 3781 1204 3860 solvendum)
1220 3799 1275 3858 pro
1291 3783 1464 3858 trajectione
1481 3788 1568 3846 vari-

401 3881 483 3923 arum
498 3882 646 3924 merorum.

314 3951 459 4026 ograda
481 3949 542 4027 (sl.)
559 3983 601 3994 -
616 3968 711 4028 sepes,
728 3953 820 4030 limes,
837 3957 923 4011 meta.
941 3953 976 4011 V.
991 3951 1098 4033 pudes,
1120 3954 1261 4034 pennice.

315 4037 475 4112 passica
490 4035 551 4114 (sl.)
560 4069 602 4080 -
612 4037 687 4097 silva
699 4039 812 4097 caedua
826 4039 945 4116 („nemo
961 4040 1054 4114 possit
1069 4041 1196 4100 incidere
1211 4059 1322 4119 nemus,
1338 4041 1473 4103 faciendo
1484 4063 1568 4126 pua·

402 4119 516 4184 sicaw
536 4140 564 4197 p.
583 4126 633 4182 87.

315 4209 630 4284 pelliciarius-
656 4211 764 4287 opifex,
788 4211 838 4285 qui
863 4209 980 4270 conficit
1008 4213 1182 4272 vestimenta
1207 4213 1340 4292 pellicia,
1369 4221 1440 4290 puto
1471 4217 1567 4280 cuam

393 4299 497 4373 ,sutor3
515 4295 616 4374 („sunt
631 4297 760 4356 nonnulli
776 4297 925 4374 cerdoncs,
943 4298 1005 4356 siue
1019 4295 1206 4377 pollictor&
1226 4333 1267 4342 -—
1282 4318 1312 4376 p.
1333 4301 1429 4378 210.).

315 4382 543 4456 pergula-
562 4381 675 4459 l)vitis
692 4383 821 4462 species3

402 4465 433 4541 2)
449 4463 578 4549 προβολὴ
596 4502 635 4510 -
654 4485 723 4542 pars
739 4469 841 4527 domus
856 4475 1030 4544 exporrecta
1045 4475 1074 4529 et
1087 4471 1281 4550 propendens,
1299 4490 1350 4532 seu
1366 4476 1449 4534 locus
1477 4493 1566 4551 aper-

402 4557 458 4630 tus,
475 4558 558 4612 extra
574 4555 715 4628 parietem
730 4559 881 4628 porrectus
896 4560 926 4614 et
940 4557 1025 4614 modo
1041 4561 1144 4634 metus,
1162 4558 1250 4618 modo
1265 4561 1319 4618 sub
1335 4560 1383 4618 dio
1398 4563 1522 4637 positus.

317 4640 376 4714 pis
386 4639 519 4699 taldus
535 4659 576 4695 τ·-
593 4640 758 4715 prestaldus
774 4659 815 4695 t:
832 4641 992 4714 pristaldos
1008 4675 1049 4684 -
1065 4642 1207 4722 officialis,
1225 4645 1310 4720 cujus
1334 4651 1398 4706 erat
1420 4647 1566 4724 indagare

404 4723 542 4784 animalia
557 4726 655 4786 furtim
670 4726 786 4804 ablata,
810 4731 948 4786 executor
958 4727 1092 4802 judicum
1106 4730 1246 4790 nobilium
1261 4764 1303 4774 --
1317 4731 1360 4811 (p.
1379 4733 1452 4808 24).
