3396 5402
1276 489 1314 552 61

85 693 159 760 duos
181 693 313 764 idoneos
336 699 444 762 testes.
468 693 557 760 atsi
582 715 638 776 por·
661 695 777 760 curiam
802 701 1061 776 presumeretor,
1085 695 1169 776 quod
1191 695 1318 760 domina

89 819 147 866 non
170 798 291 866 diceret
312 817 432 876 uemm,
469 805 604 880 ponebar
625 800 697 866 talis
721 799 833 866 mulier
856 801 896 866 ad
919 806 1074 866 torturam
1107 807 1141 866 et
1165 800 1191 866 si
1225 798 1320 866 confi·

88 909 190 970 teatur
212 903 297 985 quod
321 903 435 969 falsum
459 904 587 982 diceret,
612 903 683 985 igne
706 905 905 970 comburetur
926 904 1034 970 taliter
1045 905 1130 985 quod
1152 905 1312 970 moriatur.

89 1008 295 1092 intelligendo
318 1015 382 1074 tam
406 1007 446 1074 de
468 1008 582 1086 nobile,
607 1026 700 1090 quam
724 1008 764 1074 de
786 1009 903 1073 rustica
925 1015 959 1074 et
980 1008 1040 1074 boc
1055 1028 1116 1074 non
1132 1009 1233 1090 possit
1247 1007 1316 1075 fieri

90 1113 155 1178 sine
176 1113 272 1196 plena
295 1115 389 1180 curia.

86 1326 149 1370 GAP·
172 1327 291 1370 CXXXV·
316 1328 397 1380 QUOD
420 1327 577 1370 ammam
599 1328 662 1370 NON
684 1327 808 1372 POSSIM'
824 1328 1003 1372 anonam
1025 1328 1109 1370 ΑΜΕ
1132 1328 1312 1372 damnabant.

127 1445 210 1510 Item
233 1449 386 1510 statutum
409 1450 442 1511 et
464 1445 643 1510 ordinatum
665 1451 723 1522 est,
748 1445 832 1526 quod
847 1445 952 1526 aliqua
967 1445 1115 1512 animalia
1129 1444 1231 1512 insule
1250 1463 1313 1512 uon

87 1549 208 1632 possint
231 1551 395 1632 pasculare
418 1555 491 1615 ante
514 1549 682 1628 ciuitatem,
705 1549 882 1632 incipiendo
898 1569 918 1614 a
933 1556 1031 1632 punta
1045 1547 1203 1615 furcarum
1218 1567 1316 1631 usquc

88 1654 125 1719 ad
146 1674 281 1736 paruum
303 1655 429 1734 borach,
454 1655 614 1735 usquead
639 1653 788 1720 Sanctum
811 1655 929 1720 Lucam
955 1673 1012 1737 per
1046 1672 1154 1720 omnes
1181 1659 1314 1734 montes,

88 1759 137 1824 rbi
157 1759 247 1826 uisus
266 1759 402 1826 bominis
424 1765 530 1841 potest
548 1760 683 1838 extendi,
708 1759 822 1824 stando
834 1765 908 1826 ante
929 1758 1098 1838 ciuitatem,
1122 1777 1206 1840 pena
1222 1777 1315 1842 yper·

18 1849 25 1868 ⁴
86 1881 232 1946 peromm
254 1864 386 1930 duorum
409 1883 467 1946 pro
502 1864 644 1946 quolibet
677 1863 930 1930 contrafaciente.
967 1861 1000 1928 si
1036 1881 1112 1930 uero
1134 1863 1247 1944 aliquis
1281 1864 1313 1928 in

87 1975 173 2034 nocte
195 1969 419 2050 pasculauerit,
443 1968 547 2034 soluat
568 1968 715 2050 duplum3
750 1968 837 2034 cuius
859 1986 939 2050 pene
970 1968 1123 2034 medietas
1157 1967 1199 2033 sit
1231 1985 1314 2033 com·

18 2097 19 2102 ’
87 2073 194 2154 murm,
219 2079 253 2138 et
276 2074 338 2139 clia
360 2074 550 2150 accusantis;
577 2073 635 2138 sed
658 2072 778 2137 dictum
800 2071 963 2154 pasculum
989 2071 1146 2139 habeatur
1180 2075 1214 2138 et
1247 2090 1314 2138 ser·

19 2205 20 2210 ¹
87 2183 175 2243 natur
197 2197 257 2260 pro
281 2178 380 2259 equis,
404 2179 500 2244 asinis
522 2183 555 2242 et
577 2177 766 2242 animalibus
790 2177 958 2242 beccarie.¹

106 2391 170 2434 ΟΔΡ.
194 2391 322 2435 cxxxw.
353 2391 530 2448 condomam
552 2391 615 2434 NON
637 2391 760 2433 POSSIN'I'
784 2389 982 2446 sanamqamr
1005 2390 1106 2433 UINUH
1129 2364 1294 2433 FOBHSE.⁹

126 2509 206 2576 item
229 2515 382 2575 statutum
398 2515 431 2576 et
445 2509 623 2575 ordinatum
646 2514 706 2591 est,
730 2507 814 2590 quod
826 2507 938 2590 aliquis
954 2505 1158 2588 Curculanos,
1180 2527 1238 2573 seu
1260 2506 1314 2572 ha·

17 2605 19 2646 ³
86 2613 199 2680 bitator
214 2611 349 2694 Curcule
371 2632 432 2678 nou
456 2613 580 2690 audeat,
604 2612 655 2678 uel
677 2617 839 2694 presumat
854 2611 1035 2693 barchiqare
1050 2610 1157 2676 uinum
1176 2610 1310 2690 forense,

17 2703 18 2788 ἶ
87 2736 141 2782 nec
161 2719 295 2784 mercari
317 2735 387 2782 curn
410 2717 472 2782 alio
487 2717 572 2802 uino,
594 2717 655 2782 nisi
677 2715 872 2798 Curculano,
908 2735 989 2798 pena
1010 2735 1235 2799 yperperorum
1264 2715 1312 2780 ui·

17 2809 19 2888 ᾗ
87 2821 308 2904 gintiquinqua,
332 2826 396 2887 tam
420 2826 561 2902 patrono,
598 2839 693 2902 quam
715 2822 882 2888 mercatori
906 2827 939 2887 et
960 2841 1044 2904 pena
1066 2820 1195 2888 cuilibet
1217 2820 1311 2886 mari·

17 2915 19 2952 ²
86 2927 169 2991 uario
190 2943 417 3009 yperperomm
451 2926 608 3006 quinque,
643 2943 774 3006 quarum
811 2943 963 3006 penamm
997 2930 1162 2991 accusator
1194 2924 1313 2990 habeat

17 3037 19 3092 i
87 3030 211 3096 terciam
234 3037 373 3112 partem;
395 3037 427 3097 et
443 3030 577 3111 quilibet
598 3031 700 3110 possit
722 3049 880 3108 accusare,
904 3031 993 3096 saluo
1017 3031 1043 3095 si
1066 3030 1136 3112 quis
1169 3033 1312 3111 portaret

17 3119 18 3166 ἦ
89 3135 125 3199 de
145 3135 289 3201 Marcbia
311 3135 439 3216 aliquod
461 3135 503 3200 ad
536 3134 688 3214 Nauium,
724 3141 913 3201 nontamen
939 3131 1122 3216 Obuculam,
1154 3133 1238 3214 quod
1269 3131 1312 3198 fa·

17 3301 19 3308 .
89 3258 154 3308 cere
175 3241 277 3322 possit
298 3257 368 3305 cum
393 3238 524 3306 licencia
547 3245 667 3304 tantum
692 3241 792 3306 tocius
818 3239 977 3322 regiminis
1000 3245 1033 3304 et
1055 3257 1117 3304 non
1140 3237 1231 3303 aliter
1253 3237 1311 3302 sub

17 3363 19 3412 ,ἐ
89 3343 168 3411 dicta
189 3363 281 3428 pena.

17 3505 19 3608 ζ
88 3540 149 3584 oar.
171 3541 314 3586 omum.
337 3541 436 3586 comus
458 3542 497 3582 ar
520 3542 642 3584 rumora
665 3541 814 3642 macrum
829 3541 1026 3584 nmnarnrmr
1043 3541 1177 3583 somnum
1197 3539 1315 3581 amnne

17 3621 19 3646 '
582 3630 616 3672 ur
639 3629 788 3672 oonsmro.

129 3745 209 3812 Item
232 3751 386 3812 statutum
408 3751 442 3812 et
464 3746 640 3811 ordinatum
665 3752 722 3826 est,
746 3747 830 3828 quod
853 3745 965 3812 amodo
987 3745 1020 3810 in
1053 3750 1147 3810 antea
1179 3742 1211 3807 in
1239 3761 1312 3808 cou-

17 3885 19 3932 ξ
90 3849 153 3915 silio
175 3851 316 3934 generali
340 3848 474 3932 Curcule
497 3867 559 3914 non
582 3853 682 3932 possit
704 3851 771 3916 dari
793 3852 899 3932 aliqua
921 3849 1051 3916 libertas
1078 3847 1169 3914 alicui
1197 3847 1311 3925 comiti,

17 3939 19 4006 Ε
89 3953 247 4035 iudicibus,
271 3973 329 4021 nec
350 3953 442 4019 alicui
464 3972 609 4036 persone,
634 3974 692 4021 nec
714 3955 817 4021 lacere
839 3955 976 4035 aliquam
1005 3953 1314 4028 determinacionem‚

17 4045 19 4126 ῗ
90 4077 143 4126 nec
163 4065 297 4143 partem,
320 4077 379 4125 nec
401 4057 659 4124 roformacionem
682 4059 786 4141 aliquo
809 4060 912 4138 modo,
936 4059 989 4124 uel
1009 4057 1146 4139 ingenio,
1173 4055 1231 4122 nisi
1254 4073 1312 4138 per

17 4177 19 4230 1
90 4163 210 4230 modum
232 4163 475 4246 infrascriptum,
500 4167 533 4227 et
555 4164 581 4228 si
604 4162 695 4230 aliter
717 4162 818 4243 fieret,
842 4183 904 4229 non
928 4163 970 4228 sit
991 4161 1113 4240 ualida,
1145 4159 1255 4226 necin
1278 4177 1315 4225 se

17 4325 19 4346 ³
132 4341 307 4404 ¹Animalia
328 4339 455 4402 bocarico
478 4357 559 4414 possa
581 4341 633 4399 sub
656 4359 723 4400 cura
745 4343 893 4416 pastorum
925 4339 1070 4415 pasculara
1093 4339 1121 4397 iu
1145 4338 1220 4398 dicto
1243 4337 1314 4415 loco,

17 4485 19 4510 ,
91 4432 255 4504 permittitur
277 4427 485 4503 reformatione,
509 4429 563 4487 snb
585 4444 651 4504 oap
674 4429 740 4487 Xll.
763 4429 834 4487 aar
845 4445 927 4488 orm.
952 4427 1047 4486 citata.
1072 4425 1115 4486 Oi.
1132 4425 1219 4486 etiam
1235 4439 1313 4498 cap.

17 4635 19 4674 τ
92 4515 414 4679 Ἧῐ.Βεῗ1ξ)ιῗατῗᾷῃ,
438 4603 498 4663 CV.
521 4601 670 4661 Statnti
693 4603 722 4661 et
743 4621 816 4678 cap.
834 4601 964 4663 LXXXI.
977 4619 1010 4661 ac
1022 4599 1124 4660 XCIX.
1149 4599 1312 4659 Reform.

131 4687 144 4725 ³
164 4689 207 4753 Ol.
231 4694 264 4752 de
287 4691 346 4750 ista
368 4709 453 4750 causa
464 4689 675 4750 reformationes
697 4692 731 4750 do
753 4707 780 4751 a.
807 4693 887 4754 1403
907 4691 936 4749 et
961 4689 1041 4753 1418
1066 4683 1155 4770 (cap.
1181 4687 1249 4746 LXI
1265 4689 1311 4746 at.

95 4774 244 4842 CXXXIX.
268 4776 446 4857 Reform.)
