3376 5392
334 448 394 513 184

379 649 617 719 Satisfecientes
633 648 829 732 requisitioni
844 651 1069 717 aduocatorum
1085 650 1185 718 nostri
1200 649 1385 728 communis,
1402 647 1458 731 qni
1472 665 1565 730 nuper

333 758 374 823 ad
397 757 610 840 praesentiam
631 761 772 822 nostram
787 762 1007 838 comparentes
1023 755 1177 835 dixerunt,
1194 759 1319 838 partem
1334 754 1416 819 alias
1434 753 1565 835 positam
1666 803 1668 808 .

331 863 364 928 in
387 860 518 928 consitio
541 861 736 944 Rogatorum
758 877 816 944 per
838 861 1000 943 sapientes
1023 861 1170 928 ordinum
1192 861 1233 926 de
1255 859 1462 926 conducendo
1487 859 1564 924 socio

332 967 431 1033 milite
454 985 474 1031 a
495 965 663 1031 comitibus
694 962 868 1049 Curzulae,
901 965 990 1032 cuius
1020 966 1170 1032 salarium
1201 969 1235 1031 et
1260 964 1418 1030 utilitates
1446 963 1564 1028 limitari
1666 1023 1668 1070 i

332 1090 390 1156 per
406 1070 569 1138 consilinm
584 1069 669 1136 illius
683 1076 789 1136 terroe
804 1069 969 1150 haberent,
985 1071 1060 1155 poni
1075 1089 1138 1136 non
1154 1070 1296 1154 potuisse
1311 1073 1425 1136 contra
1439 1067 1564 1134 iormanr
1666 1071 1668 1134 ;

333 1175 490 1260 priuilegij
514 1180 547 1239 et
569 1174 806 1241 concessionum
828 1173 984 1241 factarum
1013 1195 1072 1257 por
1101 1183 1247 1242 nostrum
1270 1173 1459 1253 dominium3
1494 1173 1563 1238 dcli·
1667 1185 1668 1188 ’

334 1280 517 1346 heronimus
539 1283 573 1345 et
593 1279 846 1360 terminauimus‚
879 1280 964 1362 quod
986 1280 1073 1346 dicta
1101 1299 1176 1364 pars
1206 1280 1281 1363 poni
1311 1297 1375 1345 non
1405 1277 1509 1361 potnit
1536 1283 1565 1344 et

335 1389 564 1466 consequenter
586 1401 648 1450 non
672 1385 714 1449 sit
736 1384 869 1451 alicuius
891 1385 1024 1452 ualoris:
1052 1404 1115 1468 qua
1136 1387 1177 1452 de
1198 1404 1235 1451 re
1257 1385 1404 1450 uolumus
1428 1387 1463 1450 et
1483 1401 1564 1447 man·
1667 1389 1668 1392 ’

335 1491 445 1556 damus
467 1488 576 1568 uobis,
608 1495 645 1555 ut
665 1489 768 1572 ipsam
790 1495 931 1556 nostram
954 1489 1209 1557 terminationem
1238 1493 1415 1556 retractare
1447 1487 1565 1555 omnino

336 1594 487 1672 debeatis,
513 1594 602 1659 cuins
624 1598 716 1661 tenor
738 1591 811 1660 talis
834 1599 901 1660 est:

377 1697 558 1782 Moccclviij.
591 1698 641 1766 die
671 1698 715 1782 iij.
747 1697 865 1781 Martij.
896 1696 976 1764 Cum
1008 1699 1049 1766 de
1072 1717 1154 1766 anno
1188 1699 1334 1766 Moccclu.
1367 1699 1420 1766 dic
1449 1717 1479 1762 a
1510 1697 1567 1764 De
1667 1715 1668 1722 ¹

337 1803 471 1870 cambris
500 1803 605 1886 posita
632 1803 673 1870 sit
702 1803 735 1868 in
766 1803 895 1872 consilio
923 1803 1118 1886 Rogatorum
1148 1823 1206 1887 per
1236 1805 1400 1888 sapientes
1429 1801 1569 1868 ordinum
1667 1857 1668 1880 2

339 1909 493 1992 quaedam
515 1927 600 1992 pars,
623 1907 708 1990 quod
737 1913 870 1990 possent
896 1908 1072 1975 conducere
1101 1928 1199 1974 unum
1228 1908 1347 1976 socium
1375 1907 1513 1973 militem
1541 1911 1571 1974 ct

337 2014 422 2098 quod
443 2032 500 2096 per
523 2013 688 2080 consilium
710 2011 783 2078 ilius
806 2018 912 2080 terrae
933 2017 1102 2096 praesente
1124 2014 1209 2081 dicto
1241 2013 1355 2082 comite
1382 2014 1571 2079 limitarctur
1667 2011 1668 2018 ’

336 2118 486 2186 solarium
508 2121 542 2184 ct
562 2117 717 2183 utilitates
739 2134 833 2183 suae:
857 2121 892 2183 et
913 2117 1119 2186 aduocatores
1142 2119 1315 2185 communis
1331 2123 1572 2201 comparuerunt

337 2242 442 2291 coram
465 2221 602 2288 dominio
626 2221 776 2302 dicentes,
800 2221 886 2304 quod
908 2221 993 2288 dicta
1015 2241 1089 2306 pars
1111 2240 1175 2289 non
1197 2223 1340 2306 potuerit
1362 2224 1439 2305 poni
1463 2229 1572 2288 contra
1666 2239 1668 2268 ³

337 2328 469 2396 formam
492 2326 648 2410 priuilegij
673 2331 705 2392 et
727 2325 965 2393 concessionum
987 2345 1045 2409 per
1060 2327 1233 2395 dominium
1248 2333 1391 2394 nostrum
1415 2345 1488 2392 cunr
1507 2345 1572 2393 con-

337 2433 417 2517 silijs
441 2432 557 2499 nostris
579 2429 733 2498 factarum
757 2429 860 2497 dictam
883 2431 1100 2497 communitati
1122 2437 1155 2499 et
1177 2437 1289 2498 contra
1310 2431 1447 2498 formam
1478 2430 1572 2515 partis
1666 2435 1668 2508 ζ

337 2545 450 2624 captae
472 2539 505 2602 in
527 2535 657 2602 consilio
681 2533 720 2600 ll.
752 2535 930 2603 Mccccnliv.
963 2555 1059 2620 super
1081 2537 1305 2604 obseruatione
1336 2537 1570 2620 priuilegiorun
1667 2527 1668 2530 ’

338 2651 371 2714 ct
393 2641 630 2710 concessionum
652 2646 849 2720 nostrarum;
872 2639 1065 2732 infrascripti
1088 2641 1257 2724 consiliarij
1281 2639 1428 2725 requisiti
1451 2640 1571 2708 edictis

339 2748 593 2827 aduocatoribus,
616 2745 757 2827 uicisque
780 2745 955 2830 priuilegiJs
977 2753 1009 2810 ct
1030 2747 1173 2830 partibus
1196 2745 1429 2829 suprascriptis,
1459 2745 1572 2812 delibe-

339 2857 491 2922 raucrunt
514 2857 547 2919 et
568 2852 828 2931 terminauerunt,
852 2851 937 2932 quod
959 2849 1045 2916 dicta
1066 2869 1141 2933 pars
1164 2849 1279 2934 posita,
1305 2851 1338 2916 in
1360 2850 1493 2918 consilio
1515 2850 1571 2915 Ro

341 2963 487 3042 gaiorum
521 2975 579 3039 per
610 2955 768 3038 sapientes
801 2955 945 3022 ordinum
974 2955 1026 3022 dic
1054 2976 1083 3021 x.
1112 2956 1298 3022 Decembris
1333 2955 1485 3021 Mcccclv.
1516 2973 1574 3020 non

342 3064 482 3148 potuerit
503 3062 578 3144 poni
600 3065 633 3128 et
654 3079 712 3143 per
735 3077 929 3143 consequens
952 3079 1014 3126 non
1037 3061 1079 3126 sit
1100 3057 1231 3128 alicuius
1251 3059 1419 3140 efficaciae,
1448 3059 1501 3126 uel
1523 3079 1572 3124 ua·

339 3169 434 3249 loris;
462 3169 509 3232 ita
531 3165 616 3248 quod
638 3165 769 3232 comites
792 3164 950 3232 (lucaniae
984 3167 1195 3249 nonpossint
1225 3167 1349 3250 ducere,
1373 3185 1432 3232 nec
1461 3165 1573 3232 habere

341 3274 477 3354 aliquem
499 3269 711 3352 concliorum,
736 3288 793 3336 seu
816 3269 952 3350 socium,
988 3269 1070 3336 sicut
1091 3287 1154 3336 non
1176 3274 1325 3353 poterant
1346 3275 1422 3337 ante
1452 3275 1570 3352 partem

340 3377 544 3462 praedictam,
568 3373 721 3441 cassando
747 3381 780 3442 et
807 3374 997 3442 licentiando
1027 3393 1121 3456 quum
1149 3377 1284 3457 primurn
1314 3379 1340 3442 si
1371 3393 1466 3458 quem
1495 3373 1571 3442 iortc

341 3481 470 3548 militem
493 3481 613 3547 socium
636 3479 746 3560 uigore
767 3479 867 3561 ipsius
890 3479 992 3562 partis
1013 3478 1183 3558 haberetis,
1206 3479 1502 3560 conduxissetisque
1519 3495 1569 3542 no·

340 3587 470 3664 biscum,
492 3584 647 3668 facientes
669 3601 794 3666 quoque
816 3583 874 3649 has
898 3591 1022 3651 nostros
1046 3581 1245 3670 (litteras)
1261 3584 1302 3652 ad
1316 3584 1497 3650 futurorum
1510 3601 1570 3649 me-

341 3690 472 3757 moriam
494 3690 527 3755 in
550 3688 629 3755 actis
652 3688 767 3754 uestris
790 3688 966 3773 registrari.

386 3793 581 3878 Consiliarij:
605 3813 667 3860 ser.
691 3793 778 3860 Luca
800 3793 840 3860 da
861 3792 908 3858 Ga
930 3793 970 3858 dc
992 3793 1132 3874 Resar03
1201 3836 1203 3842 «

610 3917 671 3966 ser.
693 3899 841 3972 Matheus
862 3896 1021 3978 Barbaro;

610 4023 669 4070 ser.
692 4002 871 4070 Alexander
893 4003 1058 4085 Marcello;

610 4127 670 4174 scr.
693 4109 759 4174 Leo
782 4109 913 4189 Duodo;

610 4231 672 4279 ser.
694 4213 835 4279 Lazarus
857 4213 977 4280 Mauro.
1666 4223 1668 4286 j

387 4318 505 4384 Datum
528 4318 560 4382 in
581 4323 689 4384 nostro
713 4317 816 4384 ducali
838 4318 958 4401 palatio
982 4318 1014 4384 di
1035 4318 1087 4401 vij.
1111 4319 1228 4386 mensis
1253 4317 1378 4402 Martij,
1409 4317 1568 4386 indictione
1663 4307 1668 4384 l

345 4423 387 4506 vj.
410 4421 590 4506 Mcccclviij.
1215 4469 1219 4480 .
1665 4407 1668 4510 i

553 4525 664 4594 Ater
671 4545 737 4611 go:
1665 4511 1668 4658 1

388 4631 554 4698 Nobilibus
578 4639 610 4699 et
631 4634 826 4714 sapientibus
848 4634 924 4699 viris
946 4632 1111 4699 Dominico
1126 4633 1234 4700 Leono
1249 4631 1356 4700 comiti
1372 4628 1525 4698 (tonnulae
1539 4633 1564 4694 et
1666 4659 1668 4686 ι

346 4737 670 4804 suecessoribussuis.
1665 4687 1668 4848 ⁴
