3434 5368
529 603 595 647 (IAP.
618 604 738 646 mvn.
761 605 803 645 DE
825 603 1096 648 assumamus
1120 605 1241 648 sonunt
1265 605 1423 648 sununs.

410 721 489 786 Item
512 721 689 797 statuimus,
713 720 797 801 quod
819 723 997 803 quicunque
1031 721 1213 804 perhibebit
1246 723 1460 788 testimonium
1490 727 1597 788 eontra
1660 713 1662 814 J

365 844 527 891 commune
549 825 700 910 Curqule,
735 826 767 889 in
789 825 930 891 fauorem
954 827 1085 892 alieuius
1119 827 1264 908 specialis
1296 845 1453 911 persone,
1489 826 1600 908 perdat
1660 819 1662 836 ¹

362 930 683 995 irremissiouabiliter
716 931 821 994 omnia
843 931 925 996 bona
947 950 1022 1008 suu,
1058 937 1091 996 et
1113 933 1155 997 sit
1177 932 1250 997 exul
1273 951 1292 996 a
1315 929 1452 1012 cur-eura
1473 937 1510 997 et
1533 932 1597 996 eius

365 1035 531 1122 districtu,¹
554 1035 623 1116 qui,
660 1035 687 1100 si
718 1035 832 1100 deinde
865 1035 1045 1116 peruenerit
1068 1035 1108 1100 ad
1130 1055 1242 1102 manus
1273 1036 1450 1118 regiminis,
1486 1035 1600 1117 perdat

367 1145 471 1220 caput.
495 1139 714 1221 Intelligendo,
738 1139 823 1220 quod
846 1144 977 1221 propter
999 1140 1067 1205 eius
1082 1139 1341 1206 testificaoiouem
1355 1139 1454 1206 uellet
1471 1139 1599 1206 tradere

367 1245 436 1309 iura
458 1245 629 1308 eommunis
651 1245 744 1309 alicui
768 1262 912 1327 persone.

368 1459 435 1501 GAP.
458 1457 589 1500 mxxvnl.
625 1458 706 1508 QUOD
730 1436 804 1500 PROl
837 1459 939 1500 sunno
972 1459 1085 1502 nmmo
1120 1459 1280 1504 domums
1312 1461 1385 1501 mu
1419 1457 1544 1502 rumulo
1565 1457 1597 1498 nt
1658 1439 1662 1578 ἱ

906 1545 1055 1588 CONSILIO.
1660 1579 1662 1622 ἶ

412 1663 490 1727 Item
515 1661 690 1740 statuimus
722 1662 807 1743 quod
829 1663 869 1728 de
892 1671 997 1730 cetero
1020 1682 1078 1746 pro
1101 1663 1187 1730 nullo
1211 1663 1317 1729 debito
1341 1663 1516 1729 communis
1539 1667 1598 1726 tam

364 1768 488 1832 rarione
514 1765 818 1847 condempnationis,
854 1786 946 1849 quam
970 1787 1167 1849 quacumque
1190 1767 1252 1833 alia
1276 1767 1458 1844 oomsione„
1495 1765 1597 1846 aliqua
1660 1771 1662 1828 ἵ

364 1871 478 1954 peticio
502 1871 627 1936 minime
650 1871 772 1936 admitti
789 1872 906 1938 debeat
926 1891 1006 1954 pena
1021 1892 1248 1955 yperperorum
1264 1871 1521 1954 uigintiquinque
1537 1868 1596 1933 tui·

366 1977 443 2042 libet
465 1995 503 2041 ex
526 1974 721 2057 consiliarijs.
744 1976 787 2042 Et
808 1977 835 2041 si
857 1977 1004 2055 uicarius,
1027 1977 1079 2042 uel
1103 1978 1216 2058 aliquis
1239 1996 1277 2042 ex
1299 1976 1460 2042 Iudiuibus
1484 1973 1594 2040 admit·

366 2087 459 2161 teret,
482 2079 587 2146 soluat
609 2083 764 2146 communi
797 2099 953 2164 yperpera
986 2082 1212 2164 quinquaginta
1246 2075 1594 2146 inrenrissionabiliter.²
1661 2083 1662 2130 ἶ

534 2293 599 2336 ΟΑΡ.
623 2295 729 2336 LXXIX.
752 2297 793 2337 DE
816 2295 992 2347 quassamus
1014 2296 1211 2338 musoluuun
1234 2270 1425 2337 cortuum&

409 2411 488 2476 Item
511 2412 686 2490 statuimus,
711 2412 794 2492 quod
819 2411 859 2477 de
882 2431 936 2477 ser
960 2411 990 2475 in
1014 2431 1067 2477 sex
1087 2412 1245 2476 mansibus
1261 2410 1340 2475 fiant
1355 2417 1421 2476 tres
1436 2405 1595 2491 quatemi⁴

366 2515 397 2578 iu
420 2520 508 2579 carta
543 2516 727 2580 bombaoina
750 2517 789 2582 de
811 2517 992 2582 introitibus
1016 2521 1050 2581 et
1071 2516 1206 2582 exitibus
1239 2515 1430 2593 communis,
1467 2528 1594 2594 quorum

367 2637 459 2683 vnum
483 2625 589 2685 teneat
612 2609 723 2694 comes.
749 2621 800 2684 uel
823 2622 892 2686 eius
916 2621 1060 2699 uicarius,
1085 2621 1179 2685 alium
1201 2625 1311 2685 teneat
1333 2638 1412 2684 unus
1436 2638 1475 2683 ex
1496 2615 1594 2682 senio·
1661 2657 1662 2660 =

367 2725 451 2788 ribus
467 2723 621 2789 iudicibus
638 2731 670 2789 et
685 2726 813 2790 tertium
830 2731 938 2790 teneat
953 2725 1144 2814 qamerarius
1161 2723 1308 2789 ciuitatis.
1325 2723 1480 2788 Volumus
1493 2721 1595 2788 etiam,

366 2828 451 2908 quod
474 2847 553 2893 urus
576 2849 615 2892 ex
638 2821 864 2910 antiquioribus
887 2829 1025 2894 iudicum
1048 2835 1156 2896 teneat
1180 2829 1318 2912 sigillum
1341 2833 1375 2892 et
1397 2829 1504 2892 claues
1527 2842 1592 2904 cap·

365 2951 470 2996 samur
494 2937 716 3014 quaternorum
738 2936 919 3000 eommunis.

550 3149 616 3190 our.
641 3149 735 3189 nxxx.
759 3149 800 3189 nn
823 3148 925 3189 sunno
949 3149 1156 3191 oonnuonnno
1179 3148 1221 3189 un
1244 3123 1411 3190 mennam⁵

408 3265 488 3331 Item
510 3263 687 3343 statuimus,
715 3266 800 3346 quod
823 3267 986 3346 unicuique
1010 3272 1073 3330 tam
1098 3266 1174 3346 oiui,
1206 3282 1299 3344 quam
1322 3261 1439 3328 forensi
1462 3260 1504 3325 sit
1526 3256 1594 3335 liei,
1660 3337 1662 3356 Ι

364 3377 430 3436 tum
454 3376 486 3435 et
509 3370 609 3450 possit
631 3371 806 3434 conducere
830 3369 956 3434 bladum
979 3371 1191 3450 cuiuscunque
1215 3367 1342 3449 generis
1362 3366 1403 3430 ad
1420 3365 1578 3429 ciuitatem
1661 3429 1662 3450 2

365 3483 398 3541 et
422 3475 448 3539 si
471 3475 605 3540 uoluerit
628 3477 733 3539 statim
757 3474 905 3554 uendere,
941 3493 1102 3540 commune
1136 3479 1282 3538 teneatur
1305 3472 1381 3536 dare
1406 3469 1466 3534 sibi
1489 3483 1590 3549 mags·
1661 3467 1662 3542 ἶ

365 3581 467 3662 pinum
484 3579 515 3664 (e
526 3580 552 3662 t)
569 3579 721 3644 bastasios
744 3580 783 3643 ad
807 3598 958 3659 expensas
975 3579 1116 3660 proprius
1131 3578 1230 3660 ipsius
1250 3575 1431 3643 communis.
1456 3573 1500 3637 Et
1523 3568 1589 3635 talis
1660 3545 1662 3624 f

366 3685 485 3750 habens
508 3684 634 3748 bladum
669 3691 815 3747 teneatur
838 3684 944 3748 statinr
967 3684 1104 3748 uendere
1139 3681 1297 3762 uniruiqui
1320 3679 1441 3745 uolenti
1475 3688 1591 3745 emere3
1661 3685 1662 3692 ’

366 3797 399 3855 et
420 3788 495 3852 talis
518 3808 578 3853 uon
603 3789 703 3868 possit
737 3789 902 3853 extrahere
933 3789 1048 3853 dictum
1071 3787 1215 3860 bladum,
1251 3803 1310 3851 neo
1332 3785 1433 3866 possit
1455 3793 1590 3848 urescere
1661 3859 1662 3866 ἵ

365 3894 514 3976 precium,
539 3911 595 3972 pro
608 3911 669 3973 quo
682 3893 835 3973 inceperit
851 3893 990 3957 uendere
1006 3911 1087 3974 pena
1103 3909 1330 3974 yperperorum
1346 3887 1591 3972 uigintiqumque
1660 3891 1662 3906 ¹

366 3999 495 4064 cuilibet
517 3998 677 4076 ueudenti,
712 3997 799 4062 ouius
818 4017 898 4079 pene
921 3997 1073 4062 medietas
1096 3999 1139 4062 sit
1161 3994 1342 4068 eommunis
1367 3999 1400 4058 et
1422 3992 1485 4056 alia
1507 4003 1588 4054 actu·
1660 4035 1662 4088 f

366 4103 488 4168 satoris.

366 4237 569 4246 ...——.—.——

409 4297 418 4332 ¹
436 4301 520 4358 Deest
536 4300 565 4358 iu
582 4299 646 4358 cod.
663 4300 730 4373 Cap.

410 4383 479 4445 ”CX
497 4404 582 4460 supra
599 4405 676 4460 oap.
694 4385 779 4444 LXX.
797 4386 954 4445 Statuti.

412 4470 479 4532 ³Cf.
497 4491 583 4546 supra
598 4491 673 4546 sap.
693 4472 792 4532 LXXI.
809 4473 966 4532 Statuti.

411 4559 497 4620 ⁴Ed.
516 4561 598 4619 Van.
624 4559 817 4640 „quinterni“.

409 4645 478 4709 ⁵Cf.
495 4666 580 4722 supra
596 4665 669 4720 oap.
687 4647 801 4706 LXXII.
819 4645 983 4722 statuti,
1007 4647 1035 4703 at
1050 4661 1124 4717 qap.
1142 4640 1245 4702 CXCV.
1263 4639 1422 4699 Reform.
