3396 5402
321 415 382 480 118

311 639 525 706 quoscumque
547 621 771 690 condemnatos
794 626 960 692 accusatos
982 623 1023 690 ad
1046 623 1181 692 inuicem
1204 623 1244 692 de
1257 623 1390 709 iniurijs
1414 641 1548 692 senmu-

312 725 429 812 lefitijs,
453 747 511 811 per
525 746 620 794 vnum
636 733 745 796 contre
761 728 856 794 sbum
871 728 1008 796 vicissim
1023 729 1128 811 illatis,
1151 746 1211 812 per
1224 728 1367 812 regimen
1381 729 1549 811 exigantur

312 833 436 916 integre
458 839 492 900 et
513 830 678 901 communi
703 831 858 900 Corsulae
888 833 1013 916 integre
1039 833 1253 919 applicantur,
1285 838 1320 901 et
1349 838 1548 902 accusatores

312 938 374 1022 ipsi
399 956 435 1004 se
459 943 494 1004 vt
521 957 618 1022 supra
644 939 685 1004 ad
710 937 845 1005 inuicem
879 945 1064 1007 accusantes
1094 943 1204 1023 petere
1230 957 1295 1008 non
1321 939 1464 1023 possint,
1489 955 1549 1006 nec

309 1043 430 1111 habere
453 1041 493 1126 de
515 1041 565 1110 his
587 1043 724 1126 aliquam
747 1048 880 1127 purtem.

361 1257 429 1302 OAP.
453 1258 557 1302 omn
580 1259 622 1301 DE
644 1258 816 1303 SOBU'HONE
838 1258 947 1303 onnsls
969 1257 1242 1303 anonumum
1265 1256 1506 1304 uenenorum.

355 1366 436 1433 Item
458 1366 544 1450 qnod
558 1366 664 1433 nullus
680 1367 853 1449 operarius,
876 1384 934 1434 seu
948 1367 1169 1451 mercenarius,
1193 1366 1248 1448 qui
1262 1366 1357 1434 elicui
1371 1365 1548 1436 laborando

312 1471 457 1541 mercede
480 1471 593 1538 diurrm
613 1470 800 1554 ligonizmet
820 1477 948 1552 terram,
971 1471 1023 1537 vel
1044 1473 1178 1553 vineam,
1202 1471 1253 1540 vel
1275 1471 1339 1538 clia
1361 1471 1479 1538 similia
1500 1472 1548 1539 ln-

313 1577 438 1644 boreria
459 1575 590 1655 fuceret,
613 1581 723 1658 petere
739 1575 839 1657 possit
854 1593 912 1658 pro
931 1576 999 1643 aius
1014 1577 1162 1644 mercede
1184 1576 1312 1657 diurna,
1342 1575 1404 1642 nisi
1426 1581 1549 1644 tuntum

313 1681 433 1748 solidos
455 1686 591 1764 quatuor
613 1687 646 1746 et
668 1697 823 1764 expensas
835 1681 946 1761 dctus,
969 1685 1149 1763 poenatem
1171 1681 1365 1749 mercenario
1381 1681 1548 1762 conducto,

313 1803 409 1869 quum
430 1791 563 1868 patrono
587 1786 782 1864 condecenti,
807 1785 834 1851 si
856 1803 948 1852 secus
969 1784 1104 1852 fecerint
1118 1787 1264 1868 yperperi
1279 1787 1380 1866 vuius,
1403 1805 1463 1870 pro
1484 1805 1548 1854 me·

314 1893 433 1960 dietate
455 1890 619 1958 Communi
642 1895 675 1957 et
696 1891 758 1956 ulie
780 1891 950 1967 accusanti,
973 1891 1005 1956 in
1022 1909 1114 1973 quam
1131 1908 1265 1973 poenam
1279 1891 1420 1958 incurrat
1433 1895 1549 1960 iterum

313 2003 466 2080 petronus
489 1995 676 2078 conducere,
700 1996 728 2062 si
750 1996 866 2060 dictam
888 1995 1064 2062 mercedem
1089 1995 1233 2062 diurnum
1249 1996 1334 2063 dicto
1355 1998 1549 2066 mercenario

314 2103 467 2170 conducto
479 2101 556 2167 dare
568 2101 793 2182 contempserit
804 2100 933 2166 sabora
945 2101 1092 2180 serotina,
1107 2119 1171 2182 qun
1190 2100 1231 2168 ab
1254 2119 1350 2183 opere
1369 2101 1548 2170 declinarit

254 2353 258 2364 .
365 2318 432 2360 dne.
457 2316 574 2360 unxxn.
596 2316 639 2358 mn
659 2315 762 2358 POENA
784 2315 1054 2360 manumittuntur
1076 2313 1140 2358 NON
1162 2314 1364 2358 susumus!
1386 2315 1498 2362 PAOE'A·

358 2418 449 2497 Item,
473 2417 558 2499 quod
579 2415 767 2499 quicumque
793 2415 974 2498 operarius,
1005 2415 1055 2482 vel
1076 2415 1290 2482 mercenarius
1316 2417 1497 2500 promiserit
1518 2423 1552 2485 et

316 2541 352 2590 se
374 2521 564 2605 obligauerit
586 2521 679 2586 alicui
701 2519 891 2604 ligonizare,
925 2519 1072 2588 laborare
1102 2525 1135 2586 et
1165 2508 1294 2602 operam
1324 2523 1551 2590 mercenariam

316 2627 395 2694 dare
410 2625 561 2692 dicendo:
589 2625 721 2704 ,innsbo
736 2631 770 2692 te
785 2631 835 2692 tot
850 2625 973 2706 diebus,
998 2625 1048 2692 vel
1060 2625 1118 2690 tali
1132 2628 1309 2707 tempore;“
1333 2626 1384 2692 vel
1399 2626 1550 2694 dmum:

320 2731 473 2812 ,veniam
504 2737 538 2796 te
559 2731 669 2797 iuuare
692 2748 772 2811 cras,
804 2731 856 2796 vel
878 2730 979 2798 altera
1001 2731 1084 2816 die,“
1107 2735 1141 2796 et
1162 2730 1327 2810 similione,
1358 2734 1391 2798 et
1412 2749 1476 2798 non
1497 2751 1551 2798 re

315 2837 408 2917 uerit,
431 2853 490 2902 nec
512 2835 671 2902 inuenerit
692 2835 851 2902 seruando
873 2835 1116 2919 promissionem
1139 2840 1172 2900 et
1194 2842 1360 2902 accusatus
1375 2834 1473 2904 tuerit
1494 2855 1552 2919 per

315 2941 413 3020 illurn,
445 2941 495 3006 cui
517 2940 683 3023 promissio
718 2940 898 3007 huiusmodi
927 2939 1011 3007 tecta
1033 2947 1100 3019 est,
1133 2941 1222 3006 cuius
1252 2946 1451 3008 sacramento
1480 2960 1551 3008 cum

315 3045 501 3130 probatione
515 3045 606 3112 vuius
621 3046 712 3112 testis
727 3046 832 3113 idonci
848 3046 888 3113 de
903 3046 1110 3128 promissione
1126 3047 1291 3126 credatur;
1308 3046 1413 3114 soluat
1424 3047 1550 3114 nornine

315 3167 437 3234 poenae
459 3168 516 3234 pro
540 3149 681 3232 quolibet
702 3155 735 3216 et
756 3151 825 3217 vice
853 3151 994 3232 quelibet
1026 3169 1154 3236 grossos
1187 3169 1251 3237 sex,
1269 3170 1344 3234 -pro
1379 3151 1550 3221 medietate

316 3254 481 3322 Communi
504 3261 538 3322 et
559 3255 622 3322 alia
644 3257 813 3322 accusanti.

316 3470 383 3514 usn.
406 3471 534 3516 onum.
558 3473 600 3514 nn
623 3461 870 3516 uonsrcrrsnro'un
892 3473 988 3518 unsrr
1002 3473 1045 3516 ne
1061 3472 1189 3516 osanam
1204 3473 1244 3550 nn
1259 3471 1355 3516 nnnnr
1370 3473 1413 3516 sn
1428 3473 1548 3518 annm

360 3571 449 3651 Item,
475 3572 558 3654 quod
581 3571 713 3656 quilibet
746 3571 909 3640 laborator
942 3573 1174 3656 possessionum
1208 3573 1382 3640 alienarum
1405 3593 1550 3657 querum·

318 3694 467 3758 cumque,
502 3677 678 3759 dequibus
701 3681 828 3743 tenetur
861 3684 994 3760 petrono
1017 3678 1152 3746 reddere
1174 3684 1313 3761 purtem,
1348 3683 1497 3746 teneatur
1519 3685 1551 3747 et

317 3781 433 3848 debeat
464 3785 603 3863 partem,
638 3788 772 3864 patrono
804 3783 1036 3865 contingentem
1065 3783 1105 3852 de
1135 3789 1240 3850 musto
1263 3785 1304 3850 ad
1326 3783 1479 3866 chetiam,
1512 3785 1552 3852 de

317 3885 411 3953 bludo
435 3904 510 3953 vero
534 3887 575 3952 ed
597 3905 702 3953 arrum
724 3889 809 3954 iuste
832 3893 866 3954 et
887 3895 998 3972 aperte
1020 3890 1207 3973 consignare
1229 3889 1349 3970 absque
1364 3887 1486 3956 frande.
1509 3889 1553 3956 Et

316 4009 379 4059 non
402 3991 507 4057 valeat
530 3991 693 4058 laborator
716 3993 847 4059 bladum
869 3995 1029 4075 triturare,
1064 3993 1114 4061 vel
1135 3995 1260 4062 bettere
1282 3995 1403 4077 ubsque
1424 3994 1553 4061 licentis

317 4101 350 4161 st
372 4096 452 4163 scitu
473 4097 598 4179 patroni
624 4114 727 4179 poene
752 4116 979 4182 yperperorum
1013 4099 1151 4182 quinque
1173 4117 1232 4183 pro
1254 4099 1396 4182 ouolbst
1428 4105 1551 4166 contra·

315 4199 441 4268 facienti
465 4207 498 4267 et
520 4201 587 4267 vics
610 4202 760 4284 qualibet.

394 4415 460 4459 ΟΜ).
485 4416 611 4460 onnw.
635 4417 676 4460 DE
698 4417 816 4460 onnmn
840 4417 1005 4462 SBBUANDO
1026 4419 1087 4462 PER
1107 4419 1267 4464 PATROROS
1289 4419 1473 4464 Beneuenti.

361 4513 443 4580 Itern
466 4516 551 4596 quod
575 4515 707 4600 quilibet
739 4521 909 4601 petronus,
944 4521 1133 4586 constitutus
1163 4520 1205 4586 ed
1227 4520 1489 4603 patronizsndum
1522 4526 1556 4588 et

320 4619 560 4702 gubernandum
593 4622 753 4706 nauigium
787 4623 1007 4705 quodcumque
1029 4624 1184 4706 alienum,
1214 4643 1271 4691 seu
1293 4624 1420 4692 barcam
1444 4644 1554 4708 quam-

321 4741 454 4809 cumque
477 4725 613 4794 slienam
646 4732 792 4796 tenestnr
821 4733 856 4796 et
877 4729 995 4797 debeat
1016 4727 1098 4798 inira
1119 4731 1187 4798 dies
1209 4735 1292 4813 octo,
1314 4736 1390 4800 tunc
1411 4731 1556 4813 proxima
