3388 5356
1356 461 1420 525 289

163 654 314 736 formes
337 663 399 722 sine
421 663 538 723 licentia
561 665 705 740 generalis
728 665 842 726 consilii
865 665 1022 724 extrahant
1044 667 1204 742 lignamina
1225 667 1262 726 de
1285 666 1422 727 Onrzula.

162 751 386 908 forengaaligi
400 767 460 895 {um
476 838 589 912 possint
604 838 770 912 pascnlare.
816 855 845 913 p.
865 841 936 898 100.

161 913 334 996 frumenta
349 939 407 980 non
423 924 588 982 vendantur
604 929 687 982 extra
703 924 861 983 civitatem.
907 943 936 1000 p.
956 927 1005 984 18.

160 1000 324 1080 frementi
346 1009 437 1067 staria
459 1028 491 1070 cc
513 1009 542 1068 in
565 1027 636 1068 casn
658 1009 841 1070 necessitatis
863 1027 917 1085 pro
939 1027 995 1070 usu
1017 1011 1143 1072 civitatis
1167 1029 1255 1086 posse
1270 1011 1424 1070 exonerari

257 1094 439 1153 conceditur.
484 1113 514 1170 p.
534 1097 604 1154 141.

43 1199 44 1204 ¹
162 1172 365 1254 frumentum
389 1197 447 1239 non
462 1182 679 1242 exonerandum
694 1182 732 1241 ad
747 1182 869 1260 libitum,
886 1199 953 1242 cum
968 1182 1023 1242 boc
1039 1183 1078 1242 sit
1092 1182 1265 1258 injuriosum
1280 1187 1422 1242 mercato-

255 1265 356 1325 ribus.
402 1285 431 1342 p.
452 1270 523 1326 182.

160 1345 371 1426 framearum
393 1371 451 1412 non
467 1353 638 1413 extrahatur
653 1354 708 1413 nisi
724 1355 761 1414 de
777 1355 910 1430 partibus
925 1355 1060 1430 Apuliae.
1106 1373 1136 1430 p.
1156 1357 1226 1414 164.

173 1432 351 1513 frustandi
373 1456 479 1514 poena.
525 1458 554 1515 p.
572 1444 601 1500 6.
620 1443 648 1499 7.

165 1517 322 1600 furantes
345 1527 422 1585 bona
444 1527 603 1586 communie
626 1527 784 1600 puniantur
806 1526 845 1586 ad
860 1543 991 1586 normam
1007 1527 1100 1604 partis
1116 1531 1222 1601 captae
1245 1527 1274 1585 in
1288 1527 1422 1604 Rogatis.

163 1690 319 1772 furantes
341 1703 370 1756 et
385 1699 595 1774 praejuditium
611 1698 738 1758 forentes
754 1699 841 1758 datiis
857 1699 981 1774 publicis
997 1699 1117 1758 dominii
1133 1699 1323 1758 venetiarum
1340 1699 1422 1774 pnni-

261 1787 351 1842 antur
366 1785 404 1842 ad
419 1803 552 1844 normam
568 1785 661 1859 partis
676 1788 782 1860 captae
798 1786 827 1842 in
843 1787 968 1861 collegio
984 1787 1216 1861 gubernatorum
1239 1785 1421 1844 introituum.

161 1950 253 2030 furti
276 1972 383 2030 poena.
428 1975 457 2032 p.
476 1960 526 2016 22.

163 2036 253 2118 furti
274 2043 442 2101 animalium
461 2061 566 2118 poena
612 2061 642 2117 p.
661 2047 689 2101 7.

162 2121 254 2204 furti
277 2129 437 2188 bandarum
452 2147 610 2205 parvarum
626 2145 730 2204 poena.
778 2147 806 2204 p.
825 2132 875 2190 25.

163 2209 225 2290 fur
249 2215 396 2289 pecudum
411 2217 564 2294 majorum,
583 2217 607 2274 si
620 2233 676 2273 non
693 2215 828 2276 babuerit
843 2215 920 2275 unde
933 2216 1049 2274 solvere
1062 2231 1186 2288 poenam
1201 2214 1281 2292 furti,
1299 2231 1420 2288 suspen·

259 2301 347 2360 datur
362 2303 478 2376 laqueo.
525 2320 554 2377 p.
573 2305 623 2361 29.

163 2381 253 2462 furti
275 2388 444 2448 animalium
459 2391 506 2448 vel
523 2389 622 2462 apium
638 2405 743 2462 poena.
789 2405 818 2462 p.
837 2391 887 2447 29.

162 2467 224 2549 fur
248 2472 396 2532 fructuum
412 2476 559 2548 quomodo
574 2475 721 2549 puniatur.
767 2491 796 2549 p.
815 2477 865 2534 29.
883 2492 928 2547 sq.

161 2553 252 2635 furti
274 2559 431 2638 flnctuum,
449 2567 591 2638 segetum,
602 2561 819 2620 frumentorum
835 2565 890 2619 etc.
908 2577 1012 2634 poena.
1058 2577 1088 2634 p.
1106 2563 1135 2617 8.

161 2639 292 2720 fartum
315 2663 421 2722 passus
436 2649 596 2708 reclamare
612 2647 720 2706 debeat
735 2663 834 2706 coram
850 2647 965 2706 comite.
1011 2663 1041 2720 p.
1061 2647 1089 2702 7.
1107 2649 1136 2703 8.

164 2726 258 2808 fucta
281 2733 330 2791 vel
353 2733 440 2808 galea
461 2751 520 2792 non
535 2733 711 2808 conceditur,
736 2733 789 2792 sed
811 2736 980 2791 reservatur
1002 2730 1192 2790 concedenda
1215 2745 1268 2804 pro
1291 2735 1422 2806 tempore

258 2819 453 2880 necessitatis.
499 2837 528 2896 p.
548 2821 619 2878 179.
636 2835 681 2892 sq.

775 2985 817 3054 G.

166 3127 269 3211 podes
284 3135 316 3190 et
330 3131 455 3190 confinia
470 3130 541 3190 liant
553 3149 635 3190 more
650 3130 780 3204 antiquo.
826 3146 855 3204 p.
874 3131 923 3188 77.

170 3214 270 3297 podes
286 3218 317 3276 in
333 3218 488 3292 Smoqniza
503 3221 533 3276 et
548 3217 662 3277 Obzara
678 3234 736 3290 quo
752 3233 784 3274 se
799 3215 967 3274 extendant.
1013 3231 1042 3288 p.
1063 3216 1132 3272 103.

171 3302 229 3386 pai
251 3305 303 3364 ubi
319 3303 370 3363 liat
385 3304 414 3364 in
431 3305 540 3380 dolgna
554 3303 650 3362 Blata.
696 3320 725 3378 p.
746 3305 796 3362 91.

77 3456 84 3470 ,
171 3386 388 3471 postulationes
410 3391 519 3448 lurtum
534 3391 663 3448 celantes
679 3389 824 3462 quomodo
840 3387 1007 3462 puniantur.
1053 3402 1082 3459 p.
1102 3386 1151 3444 75.

171 3471 340 3556 pristaldos
355 3477 430 3534 inter
445 3481 474 3534 et
490 3477 619 3534 latrones
634 3493 692 3533 non
707 3475 820 3550 possint
835 3473 928 3547 accipi
944 3470 1055 3530 iudices
1070 3469 1181 3529 arbitri.
1227 3486 1256 3544 p.
1275 3471 1325 3528 88.

170 3558 424 3643 quaternionibus
446 3562 555 3620 instent
570 3561 608 3618 ad
626 3561 704 3620 lurta
719 3559 893 3636 reperienda
908 3557 1039 3632 deputati
1057 3555 1166 3614 adhoc
1182 3555 1304 3614 nobiles.
1328 3571 1357 3628 p.
1373 3557 1422 3613 75.

171 3647 269 3730 puina
293 3665 488 3722 unaquaeque
510 3646 619 3706 babeat
641 3651 722 3706 certa
744 3663 797 3706 sua
820 3643 945 3704 confinia
967 3647 996 3702 et
1018 3641 1217 3717 pertinentias.
1262 3659 1292 3715 p.
1311 3641 1361 3698 87.
1379 3657 1423 3712 sq.

169 3751 288 3816 praem
311 3739 410 3809 empta
431 3739 493 3793 tam
508 3733 538 3792 in
553 3733 657 3810 canali,
681 3749 769 3806 qnam
787 3731 825 3790 ad
841 3731 921 3804 ripas
938 3727 1112 3788 Sabioncelli
1136 3726 1280 3786 vendatur
1295 3742 1348 3802 per
1363 3729 1425 3784 tres

262 3822 326 3880 dics
341 3837 395 3896 pro
411 3820 539 3896 capitali.
584 3835 614 3894 p.
632 3821 705 3878 232.
722 3835 767 3892 sq.
1296 3877 1300 3884 ,

170 3907 324 3988 prosaica
348 3925 402 3982 per
417 3911 478 3966 tres
494 3905 556 3966 dies
571 3923 590 3964 a
605 3905 816 3964 mercatoribus
832 3901 977 3961 vendatur
992 3917 1027 3959 eo
1050 3899 1154 3976 pretio,
1171 3915 1229 3974 quo
1245 3897 1299 3956 luit
1315 3899 1423 3972 empta.

173 4078 280 4160 pronai
302 4079 338 4138 de
355 4079 487 4155 Scutaro,
504 4081 645 4152 quantum
660 4077 760 4135 valore
777 4075 894 4134 debent.
940 4091 969 4148 p.
989 4075 1039 4133 69.

173 4162 348 4246 puardiom
370 4165 497 4224 civitatis
513 4163 688 4240 custodiant,
706 4163 755 4236 qui
772 4165 839 4220 sunt
854 4160 965 4218 dimissi
981 4159 1018 4217 de
1033 4159 1108 4233 ipsa.
1153 4172 1182 4231 p.
1201 4159 1252 4215 98.

779 4311 825 4378 Η.

177 4457 338 4522 inomicidii
360 4477 466 4534 poena.
512 4475 542 4532 p.
561 4459 611 4515 26.

179 4543 341 4626 homicidij
364 4543 487 4620 perlecti
502 4561 609 4618 poena.
654 4559 683 4616 p.
702 4541 731 4600 5.

180 4630 354 4694 mindae
370 4630 508 4706 fugientis
524 4627 798 4706 bona„parentibus
813 4625 875 4683 cius
890 4622 1021 4698 mortuis,
1038 4620 1194 4680 deveniant
1209 4619 1247 4677 ad
1263 4633 1424 4676 commune.

267 4737 297 4793 p.
316 4720 347 4777 5.

1220 4805 1260 4870 19
