3388 5356
564 1395 1014 1500 PRAEFATIO.

159 1639 213 1773 In
237 1707 340 1772 altero
364 1705 433 1784 hoc,
464 1706 550 1788 quod
574 1723 656 1771 nunc
677 1707 801 1788 prelum
826 1707 921 1787 subit,
953 1707 1113 1776 volumine
1135 1716 1411 1776 monumentorum

157 1809 541 1893 historico-juridicorum,
558 1828 640 1892 quae
657 1810 744 1894 apud
759 1809 871 1878 Slavos
889 1812 1114 1880 meridionales
1130 1820 1265 1896 exstant,
1291 1831 1409 1897 corpus

160 1920 358 1980 statutorum
387 1920 422 1980 et
450 1915 555 1998 legum
580 1914 717 1982 civitatis
740 1915 938 1998 Spalatensis
958 1918 1039 1999 juris
1062 1917 1212 1986 historiae
1236 1919 1408 2002 investiga-

159 2019 287 2086 toribus
310 2017 453 2085 offertur.

266 2122 365 2201 Cujus
388 2124 531 2205 corporis
557 2129 665 2206 partes
686 2124 748 2192 hoc
770 2126 863 2194 modo
888 2125 1104 2208 disponendas
1127 2145 1199 2194 esse
1223 2147 1354 2196 censeo:

266 2229 291 2292 1.
314 2227 473 2292 Stat-otum
496 2235 590 2292 oetas.

267 2331 307 2396 11.
332 2330 459 2396 Statuta
481 2352 570 2398 aava.

265 2436 324 2502 III.
348 2435 609 2520 Reformata'ooea.

265 2539 321 2606 IV.
346 2541 581 2608 Additamento.

267 2645 383 2712 Paucis
405 2647 517 2714 saltem
542 2652 617 2714 ante
639 2647 745 2713 omnia
768 2647 946 2712 excutiatur
969 2646 1115 2726 quaestio
1138 2647 1179 2712 de
1203 2648 1324 2728 origine
1340 2666 1407 2714 mu-

158 2755 280 2832 tuaque
303 2752 452 2832 partium,
477 2769 560 2832 quae
583 2751 677 2820 modo
701 2756 775 2818 sunt
797 2749 951 2832 prolatae,
976 2751 1107 2816 ratione.

266 2855 328 2936 (ad
350 2854 396 2937 Ι.)
418 2856 584 2922 Prooemio
603 2857 669 2939 jam
702 2859 911 2920 statutum
935 2860 1058 2920 vetus
1082 2855 1184 2937 inea,
1208 2873 1302 2935 quarn
1325 2875 1408 2920 nunc

160 2959 377 3040 cognovimus,
403 2957 506 3024 forma
528 2965 625 3042 atque
649 2959 756 3041 specie
779 2977 859 3040 opus
882 2959 975 3024 unius
991 2977 1065 3024 esse
1081 2958 1228 3040 bominis,
1245 2959 1405 3026 Percevali

157 3079 278 3144 nempe
299 3063 466 3147 iohannis,
493 3065 543 3144 ,in
563 3065 637 3147 jure
660 3064 812 3130 canonico
836 3070 870 3129 et
893 3063 975 3129 civili
992 3063 1118 3144 periti“,
1144 3063 1335 3143 declaratur,
1353 3066 1407 3147 qui

158 3171 286 3232 statuta
309 3171 343 3232 et
365 3167 470 3250 legum
493 3169 702 3252 praescripta,
727 3187 810 3249 quac
833 3168 1009 3248 antiquitus
1030 3167 1062 3232 in
1079 3167 1208 3233 civitate
1225 3167 1406 3250 Spalatensi

158 3269 324 3354 vigebant,
355 3271 388 3336 in
418 3290 516 3337 unum
549 3291 663 3354 corpus
687 3273 813 3354 redigit.
853 3271 1050 3353 Quamquam
1072 3277 1177 3340 autem
1202 3273 1314 3340 eodem
1337 3273 1406 3342 loco

157 3379 283 3440 statuta
304 3393 325 3440 a
347 3375 518 3444 Percevaln
544 3375 657 3463 ,iacta
681 3377 767 3444 edita
789 3383 822 3442 et
844 3373 990 3442 condita“
1016 3395 1088 3444 csse
1110 3383 1323 3456 asseveratur,
1346 3396 1404 3459 pro

158 3483 247 3546 certo
279 3484 386 3546 tamen
417 3480 614 3559 habebimus,
644 3500 716 3549 eum
747 3480 825 3547 nibil
856 3480 942 3546 aliud
971 3480 1032 3548 nisi
1055 3481 1278 3561 redactionem,
1311 3497 1404 3562 quam

157 3583 302 3664 proxime
331 3583 548 3664 indicavimus,
582 3585 770 3666 perfeciss03
801 3585 924 3666 Spalati
955 3586 1038 3650 enim
1069 3585 1158 3666 leges
1182 3586 1318 3668 scriptas
1339 3587 1405 3666 jam

157 3693 233 3752 ante
258 3705 341 3754 saec.
366 3687 452 3754 xiv.
476 3689 646 3770 exstitisse,
671 3691 804 3756 erebus
820 3689 1037 3770 compluribus
1053 3689 1157 3773 colligi
1174 3694 1290 3772 potest.
1314 3690 1404 3758 Veri-

157 3791 271 3870 simile,
297 3810 337 3859 ne
359 3793 462 3859 dicam
484 3795 579 3874 plane
595 3794 798 3876 perspicuum
814 3793 847 3859 id
862 3793 939 3859 iacit
954 3795 1095 3875 gravitas
1109 3795 1166 3860 illa
1181 3799 1277 3876 atque
1293 3799 1402 3860 aucto-

159 3897 253 3981 ritas,
279 3915 343 3978 que
365 3897 476 3964 civitas
499 3896 707 3980 Spalatensis,
725 3898 881 3980 originem
897 3897 939 3964 ab
954 3899 1162 3979 imperatoria
1176 3897 1404 3964 constitutione

156 4001 301 4082 babens,
325 4019 451 4084 semper
471 4003 555 4068 inter
570 4002 750 4068 Dalmatiae
773 4002 916 4068 civitates
931 4000 1115 4080 fruebatur;
1140 4019 1213 4066 narn
1231 4019 1293 4067 non
1310 4002 1403 4067 modo

152 4105 220 4186 jam
245 4124 274 4170 a.
301 4110 374 4173 827.
397 4105 547 4172 libertate
577 4105 695 4188 adepta
726 4106 774 4172 sui
793 4105 876 4188 juris
899 4105 985 4172 facta
1008 4112 1058 4172 cst
1080 4112 1177 4187 atque
1202 4123 1261 4172 suc
1281 4104 1402 4187 judicio

157 4209 260 4286 stetit,
285 4228 395 4275 verum
424 4211 522 4276 etiam
545 4230 565 4276 a
587 4209 699 4292 priscis
720 4211 786 4293 jam
809 4210 1007 4292 temporibus
1031 4210 1125 4276 sedes
1149 4216 1219 4276 erat
1242 4215 1402 4291 metropo-

156 4313 269 4392 litana,
294 4315 384 4396 cujus
399 4315 604 4398 metropolita
620 4335 646 4380 a.
666 4320 737 4381 932.
755 4315 875 4396 primas
891 4315 990 4380 totins
1005 4315 1186 4380 Dalmatiae
1204 4319 1238 4378 et
1254 4311 1406 4380 Oroatiae

156 4415 262 4484 factus
293 4423 352 4483 est.
390 4418 509 4484 Rerum
541 4423 647 4485 autem
670 4425 804 4486 naturae
827 4423 1075 4485 consentaneum
1098 4423 1156 4493 est,
1189 4419 1402 4483 autonomiam

156 4521 254 4588 talem
271 4521 474 4588 concinandis
490 4523 728 4604 scribendisque
747 4523 882 4590 decretis
896 4541 1024 4588 causam
1040 4523 1301 4604 occasionemque
1317 4521 1402 4586 haud

161 4643 234 4692 raro
257 4626 454 4707 praebuisse.
478 4626 590 4708 Neque
606 4633 728 4710 postea,
749 4645 819 4694 cum
836 4627 876 4692 ob
892 4627 1104 4704 turbulentae,
1122 4635 1203 4706 quae
1219 4645 1281 4692 non
1297 4625 1400 4690 minus

158 4729 190 4795 in
211 4729 274 4796 hac
296 4722 460 4814 republica
481 4732 562 4812 ipsa,
588 4749 682 4812 quam
698 4733 731 4797 in
747 4733 862 4798 ceteris
878 4731 1057 4798 Dalmatiae
1072 4730 1255 4797 civitatibus
1271 4731 1398 4811 saepius
1539 4763 1541 4770 0
