3376 5392
1298 513 1357 576 149

130 715 289 782 misissent
321 715 481 782 delictum.
513 711 631 780 Verum
664 716 690 780 si
720 714 816 796 aliqui
838 718 986 794 rectores,
1010 715 1261 802 ambasciatores,
1285 737 1359 800 pro-

56 893 58 898 ,
129 821 262 899 uisuros,
285 820 338 886 uel
361 819 414 902 alij
438 826 474 884 ut
496 819 613 885 dictum
635 826 694 900 est,
726 821 900 888 scriberent
929 821 961 884 in
991 821 1055 886 suis
1085 822 1276 907 rationibus,
1307 825 1358 891 uel

128 924 291 1006 quaternis
314 923 436 1007 aliquas
459 943 621 1008 expensas,
643 925 696 992 uel
718 923 797 990 alias
820 944 882 1004 res,
916 944 993 1008 quas
1017 925 1149 992 offitium
1172 947 1287 994 nouum
1312 930 1358 994 di-

128 1034 217 1096 ceret
235 1047 298 1096 non
321 1033 462 1112 potuisse
483 1031 567 1113 poni,
597 1037 672 1097 tunc
701 1030 881 1111 ordinetur,
912 1033 996 1114 quod
1024 1033 1083 1099 hoc
1111 1051 1174 1101 non
1203 1035 1359 1102 habeatur
1392 1086 1399 1101 .

126 1153 185 1218 pro
214 1133 308 1214 furto,
341 1134 397 1200 sed
420 1135 551 1201 ueniant
578 1135 619 1201 ad
648 1135 732 1201 idem
760 1136 798 1200 Ι).
830 1137 993 1202 consilium
1022 1140 1158 1220 capitum
1190 1141 1230 1206 de
1251 1147 1302 1220 40,
1327 1148 1358 1208 et

132 1239 266 1308 offitium
289 1259 405 1307 nouum
429 1244 463 1306 et
485 1239 693 1306 aduncatores
709 1241 890 1326 communis,
914 1242 968 1308 ubi
990 1245 1185 1328 terminetur,
1210 1246 1236 1309 si
1254 1245 1357 1312 diotae

126 1365 284 1428 expensae
307 1351 401 1413 erunt
422 1345 504 1412 bene
527 1347 658 1428 positae,
682 1347 736 1412 uel
758 1364 830 1426 non,
856 1347 1044 1414 sicutmodo
1068 1356 1214 1414 seruatur
1230 1357 1262 1415 et
1277 1351 1358 1416 siout

127 1449 308 1517 continetur
329 1451 362 1516 in
384 1451 552 1534 capitulari
573 1452 605 1516 in
627 1451 686 1517 hac
708 1459 807 1534 parte.
832 1452 949 1518 Verum
971 1453 1046 1534 quia
1067 1453 1121 1520 ubi
1151 1455 1241 1520 abest
1269 1454 1357 1522 fraus

129 1563 161 1623 et
183 1555 354 1622 manifesta
377 1555 512 1639 malitia,
543 1575 605 1624 non
629 1557 725 1623 debet
747 1561 837 1622 unu
858 1575 961 1639 poena
982 1559 1109 1640 imponi,
1140 1579 1178 1626 ex
1201 1579 1283 1625 nuno
1305 1560 1358 1627 de-

127 1661 275 1744 claretur,
299 1661 383 1742 quod
407 1661 432 1726 si
456 1663 552 1744 aliqui
575 1669 725 1743 rectores,
751 1661 907 1741 offitiales
937 1663 987 1728 uel
1012 1663 1076 1746 ulij,
1107 1671 1143 1730 ut
1158 1665 1276 1730 dictum
1300 1671 1359 1744 est,

127 1768 240 1848 uigore
264 1766 395 1832 alicuius
417 1769 605 1850 sententiae,
629 1767 908 1850 determinationis,
937 1768 989 1833 uel
1013 1769 1143 1834 alterius
1168 1775 1257 1835 aetus
1280 1769 1359 1837 iudi-

128 1872 226 1954 ciarij,
251 1879 306 1938 aut
328 1873 437 1954 uigore
459 1871 591 1938 alicuius
613 1872 738 1955 publice
765 1873 1002 1939 consuetudinis
1030 1873 1149 1954 aliquid
1170 1875 1357 1958 acciperent,
1411 1896 1414 1902 ’

126 1978 178 2042 nal
202 1978 318 2042 darent
339 1983 449 2043 contra
470 1979 512 2056 id,
544 1978 629 2058 quod
660 1978 822 2061 deberent,
855 1979 938 2059 quod
961 1977 1043 2044 forte
1066 1981 1241 2058 crederent,
1265 1999 1360 2062 posse

125 2083 226 2148 libere
250 2081 401 2164 accipere,
424 2083 475 2149 uel
499 2083 582 2162 dare,
606 2083 638 2147 in
654 2081 703 2146 his
720 2083 844 2148 casibus
860 2101 921 2148 non
938 2085 1052 2149 cadant
1067 2085 1106 2150 ad
1123 2085 1222 2150 dictas
1239 2103 1358 2167 poenas

74 2265 76 2272 y
126 2187 309 2267 furantium,
340 2193 374 2252 et
402 2187 484 2253 malo
515 2187 608 2254 modo
639 2189 868 2270 accipientium,
899 2190 955 2253 sed
985 2195 1130 2254 seruetur·
1159 2189 1246 2267 illud,
1276 2192 1360 2271 quod

8 2319 9 2322 ¹
125 2298 274 2358 seruatur
288 2292 391 2371 bodie,
415 2293 581 2358 uidelicet:
603 2294 687 2376 quod
704 2295 730 2358 si
747 2293 905 2359 noluerint
921 2295 1098 2374 restituere,
1121 2295 1206 2376 quod
1221 2295 1359 2362 indebite

126 2399 315 2480 acceperint,
338 2397 421 2463 inira
442 2403 507 2463 tres
531 2398 599 2463 dies
623 2401 794 2463 restituant
805 2401 906 2480 ipsum
919 2401 986 2464 sine
1002 2399 1064 2465 alia
1079 2417 1190 2483 poena,
1215 2402 1241 2465 si
1254 2407 1359 2466 autern

126 2522 160 2569 se
184 2503 258 2568 duci
282 2509 316 2567 et
338 2504 480 2568 conuinoi
502 2503 701 2584 permiserint
724 2503 764 2567 cd
788 2503 933 2583 consilia,
967 2505 1081 2568 cadant
1096 2505 1127 2568 in
1144 2505 1259 2570 dictam
1282 2524 1359 2588 poe-

127 2627 200 2672 nam
226 2607 325 2690 dupli,
349 2626 430 2690 quae
460 2607 636 2687 diuidatur,
667 2609 748 2674 sicut
776 2609 928 2674 diuiditur
957 2607 1068 2688 hodie,
1098 2619 1132 2674 et
1154 2610 1193 2675 de
1216 2611 1359 2674 omnibus

127 2713 220 2778 dictis
243 2713 353 2794 poenis
376 2717 409 2777 et
431 2711 618 2794 capitalibus
641 2731 703 2776 non
726 2713 828 2794 possit
850 2713 1074 2794 principalibus
1106 2713 1358 2780 contrafacienti-

127 2819 187 2883 bus
209 2816 282 2882 fieri
305 2817 418 2898 gratia,
442 2817 568 2895 donum,
593 2819 745 2896 remissio,
770 2825 825 2882 aut
847 2818 1017 2896 renouatio,
1049 2817 1100 2882 uel
1124 2819 1248 2882 termini
1272 2819 1359 2884 olon·

129 2922 214 3002 gatio
239 2921 298 2987 sub
320 2940 423 3003 poena
446 2921 632 2987 ducatorum
648 2924 889 3006 quingentorum
904 2941 961 3004 pro
977 2923 1118 3004 quolibet
1140 2929 1285 3008 ponente,
1309 2923 1360 2988 uel

128 3028 346 3093 consentiente
368 3033 491 3108 partem
514 3028 545 3092 iu
567 3028 768 3094 contrarium.
791 3029 834 3092 Et
857 3047 914 3108 pro
937 3028 1130 3110 inquirendis
1153 3027 1265 3092 melius
1289 3047 1360 3108 pro-

128 3131 221 3198 dictis
244 3133 370 3214 possint
393 3133 601 3198 aduocatores
630 3133 800 3198 communis
831 3131 992 3215 imponere
1019 3151 1153 3214 poenam
1183 3137 1216 3196 et
1243 3150 1361 3215 poenas

7 3327 8 3330 Ἴ
129 3241 160 3301 et
181 3255 339 3318 personas
361 3235 402 3302 ad
425 3243 657 3304 sacramentum
673 3245 706 3302 et
721 3239 862 3304 detinere
881 3237 1092 3302 incarceratos
1115 3237 1141 3302 si
1166 3255 1244 3318 opus
1266 3235 1361 3302 luerit

129 3359 185 3424 pro
207 3341 356 3407 habenda
379 3341 594 3408 satisfactione
624 3343 847 3424 predictorum,
876 3348 909 3407 et
930 3342 1070 3408 uendere
1092 3342 1219 3407 mobilia
1241 3347 1274 3406 et
1296 3349 1359 3407 sta·

128 3446 204 3512 bilia
226 3445 446 3528 principalium
469 3445 648 3512 debitorum
669 3467 770 3529 usque
789 3447 828 3512 ad
844 3448 998 3531 integram
1016 3447 1202 3514 solutionem
1218 3445 1360 3527 praedic-

129 3557 233 3617 torum
259 3557 292 3616 et
313 3551 409 3617 etiarn
432 3570 561 3617 suorum
591 3552 765 3634 plegiorum
789 3571 890 3634 usque
921 3552 961 3617 ad
989 3552 1143 3636 integram
1172 3551 1360 3617 solutionem

7 3687 9 3694 v
129 3655 275 3738 capitalis
291 3661 431 3735 tantum;
447 3655 488 3720 ad
511 3656 595 3738 quod
612 3657 746 3738 capitale
762 3657 836 3722 dicti
853 3657 946 3741 plegij
964 3657 1159 3724 solummodo
1176 3661 1358 3740 teneantur3

7 3759 8 3764 ’
131 3761 246 3843 quibus
269 3761 382 3844 plegijs
405 3762 500 3827 etiam
522 3780 585 3826 non
607 3763 707 3844 possit
721 3761 788 3828 fieri
805 3762 917 3846 gratia,
940 3763 1065 3840 donum,
1089 3761 1243 3839 remissio,
1267 3777 1360 3826 reuo-

129 3866 221 3947 catio,
245 3865 298 3931 uel
320 3867 445 3932 temnini
468 3865 627 3949 elongatio
651 3867 690 3932 de
714 3868 797 3932 dioto
821 3867 948 3948 capitali
972 3867 1029 3932 sub
1044 3866 1128 3930 diota
1142 3885 1245 3948 poena
1260 3867 1359 3948 impo-

129 3969 190 4036 sita
212 3988 271 4052 pro
295 3971 536 4056 principalibus3
560 3971 773 4054 intelligendo,
798 3971 930 4052 quodsi
955 3972 1068 4053 aliquis
1092 3971 1253 4053 popularis
1277 3987 1359 4036 conr-

129 4078 274 4144 mitteret
296 4083 407 4143 contra
428 4077 605 4160 praedicta,
634 4077 718 4158 quod
740 4075 880 4141 incurrat
909 4077 950 4142 ad
973 4076 1072 4142 dictas
1102 4093 1237 4158 poenas;
1271 4075 1360 4139 saluo

130 4181 214 4264 quod
237 4181 293 4246 ubi
316 4181 410 4246 datur
432 4200 535 4264 poena
559 4182 716 4248 nobilibus
739 4181 865 4248 essendi
889 4183 1029 4263 priuatos
1046 4179 1162 4263 offilijs,
1190 4177 1359 4262 beneficijs,

130 4287 279 4368 consilijs,
303 4287 508 4368 regiminibus
532 4289 704 4352 communis
726 4287 939 4366 Venetiarum,
965 4286 1057 4350 detur
1080 4287 1125 4350 eis
1140 4304 1251 4367 poena,
1275 4284 1359 4365 quod

130 4409 290 4474 nunquam
314 4393 436 4474 possint
459 4392 567 4458 uenire
589 4392 621 4457 in
644 4391 755 4470 insula,
779 4411 838 4456 neo
860 4391 975 4457 morari
1000 4397 1033 4455 et
1055 4391 1152 4472 recipi
1176 4389 1234 4454 sub
1258 4407 1359 4470 poena

7 4507 9 4538 ⁷
130 4497 282 4564 librarum
305 4503 430 4563 eentum
453 4515 510 4580 pro
533 4497 675 4578 quolibet
698 4495 942 4563 contrafaciento
966 4501 998 4561 et
1020 4495 1162 4578 qualibet
1178 4499 1254 4570 uice,
1279 4511 1361 4574 quas

7 4615 8 4620 ’
131 4602 275 4686 exigatur
297 4620 356 4684 per
378 4603 587 4669 aduocatorcs
609 4601 757 4668 habendo
780 4607 912 4685 partem,
937 4608 973 4666 ut
995 4600 1035 4665 do
1059 4599 1130 4682 ulijs
1145 4599 1193 4666 sui
1210 4596 1312 4680 offitii,
1329 4601 1362 4662 et

7 4689 9 4752 Ϊ
132 4709 276 4774 siluerit
298 4713 472 4786 accusator,
495 4707 612 4773 babeat
632 4707 761 4774 tertium
783 4711 816 4771 et
830 4706 872 4771 sit
894 4706 933 4773 do
955 4705 1126 4782 credentia,
1150 4701 1282 4769 offitium
1295 4707 1362 4768 ter-

132 4814 208 4880 dum
231 4819 266 4882 et
295 4831 459 4879 commune
488 4811 663 4894 reliquum,
692 4818 724 4878 et
747 4816 915 4876 teneantur
945 4811 1050 4893 capita
1080 4809 1119 4877 de
1149 4811 1199 4876 40.
1231 4805 1362 4892 singulis
