3398 5354
1292 515 1350 578 161

158 715 203 782 Et
226 717 281 798 qui
301 716 413 783 falsam
439 722 598 784 monetam
621 715 742 803 lecerit,
766 717 879 801 perdat
901 735 1031 784 manum
1054 718 1197 784 dextram
1221 716 1359 804 sinelre·

113 819 267 886 missione
284 825 318 886 et
333 819 508 903 expellatur
523 823 563 888 de
578 822 707 888 ciuitate
719 827 753 887 et
771 841 932 903 nunquam
943 826 1057 904 postea
1069 821 1187 889 audeat
1201 822 1360 888 reintrare

116 925 282 991 ciuitatem
305 932 339 991 et
360 928 495 1018 burgum
518 926 657 992 ciuitatis
681 924 830 1008 Spalati1.
855 925 888 991 Si
911 925 998 1007 quis²
1021 945 1098 992 uero
1121 925 1234 994 falsam
1250 945 1360 996 mone·

116 1034 186 1094 tarn
210 1029 416 1111 expenderim
437 1031 585 1109 scienter,
608 1037 813 1112 apparentem
831 1029 871 1096 de
887 1048 965 1094 auro
980 1029 1033 1095 uel
1053 1035 1184 1111 argento
1207 1050 1227 1096 a
1249 1031 1360 1096 decom

117 1132 211 1200 libris
234 1151 340 1215 supra,
364 1130 639 1216 peccatoresque
662 1134 704 1199 ad
727 1134 939 1216 quantitatem
963 1139 1090 1202 eentum
1112 1133 1265 1200 librarum
1280 1139 1313 1199 et
1328 1134 1361 1198 in

113 1238 232 1302 minori
255 1239 444 1320 quantitate,
478 1243 572 1318 prout
596 1239 714 1303 rectori
736 1245 770 1304 et
792 1237 977 1304 offitialibus
999 1238 1084 1318 dicte
1109 1237 1249 1304 ciuitatis
1273 1239 1361 1306 uide-

115 1339 205 1406 bitur
228 1341 408 1426 conuenire‚
444 1341 589 1422 inspecte
610 1342 791 1408 conditione
814 1361 949 1424 persone
981 1347 1014 1408 et
1045 1343 1203 1424 qualitate
1232 1343 1362 1426 negotij.

118 1444 214 1511 Etsi
238 1445 650 1528 quisexpenderitfalsam
675 1455 834 1514 monetam
865 1447 1003 1513 scienter
1033 1463 1136 1527 usque
1166 1446 1207 1511 ad
1237 1446 1363 1528 quanti-

108 1552 219 1614 tatem
243 1550 383 1631 quinque
406 1551 561 1614 librarum
583 1551 636 1615 uel
659 1550 751 1630 intra,
776 1549 1019 1617 condemnetur⁴
1041 1551 1074 1615 in
1097 1555 1223 1616 centum
1238 1549 1364 1630 soldos3

118 1653 146 1718 si
171 1671 193 1717 a
215 1652 356 1735 quinque
375 1653 583 1735 librisusque
603 1653 780 1734 addacem,
804 1655 1049 1720 condemnetur⁶
1074 1655 1106 1718 in
1132 1654 1243 1720 decem
1260 1653 1362 1718 libris.

163 1754 197 1820 Si
228 1774 304 1823 uero
336 1757 450 1838 aliquis
480 1757 630 1824 babuerit
658 1757 740 1824 falsa
769 1759 912 1840 pondera
944 1759 996 1826 uel
1018 1757 1118 1824 falsas
1140 1776 1307 1824 mensuras
1331 1761 1366 1822 et

120 1859 167 1926 eis
190 1877 267 1925 usus
290 1857 397 1941 luerit,
422 1861 573 1943 puniatur
594 1862 627 1925 in
651 1867 777 1927 cantum
801 1862 911 1926 soldis
1412 1931 1416 1944 ,

163 1963 208 2028 Et
237 1969 406 2046 postquam
438 1965 582 2030 notarius
611 1963 710 2031 fuerit
732 1965 772 2030 de
796 1963 877 2031 falso
906 1965 1118 2032 instrumento
1141 1965 1269 2048 publice
1292 1981 1366 2032 con·

121 2065 317 2148 damnumst
341 2088 379 2135 ex
403 2073 478 2134 tuuc
500 2069 532 2132 in
555 2074 650 2134 antea
671 2070 885 2135 instrumenta
907 2087 965 2151 per
988 2088 1060 2135 eum
1081 2069 1226 2137 conlecta
1243 2068 1364 2135 nullam

120 2169 287 2236 obtineant
309 2170 504 2238 firmitatem.

161 2272 208 2338 Et
239 2273 267 2338 si
296 2275 410 2357 aliquis
433 2295 510 2343 usus
531 2274 629 2343 fuerit
651 2277 684 2342 in
706 2277 820 2344 iuditio
844 2278 950 2360 aliquo
973 2275 1054 2343 falso
1076 2277 1298 2356 instrumento,
1332 2276 1365 2342 in

119 2377 351 2459 quinquaginta
373 2379 463 2446 libris
486 2381 731 2446 condemnetur⁷
754 2388 787 2448 et
809 2382 851 2446 sit
874 2387 1030 2464 perpetuo
1049 2381 1213 2464 tempore8
1227 2381 1364 2448 infamis.

118 2481 163 2547 Et
186 2481 216 2547 si
238 2481 309 2563 quis
331 2501 408 2550 usus
431 2482 529 2550 luerit
550 2485 583 2548 in
605 2483 717 2551 iuditio
742 2485 848 2567 aliquo
879 2484 961 2553 falso
985 2491 1079 2566 teste,
1111 2485 1144 2551 in
1175 2503 1253 2552 xxv
1275 2485 1366 2552 libris

117 2585 447 2654 irremissionabiliter
470 2587 723 2655 condemnatura

120 2851 189 2896 can.
213 2852 264 2896 nv.
288 2853 372 2907 ouon
401 2829 816 2898 ausaaoans¹⁰ar1ruacs
845 2854 909 2898 soa
938 2853 1087 2898 mansur
1114 2854 1277 2917 curruum,
1307 2853 1368 2898 uno
1491 2891 1495 2900 .

535 2939 748 2984 unemundus
769 2942 805 2983 Ill
818 2941 949 3017 ''fflflfflffi

164 3055 249 3122 Item
272 3059 430 3122 statutum
454 3062 488 3122 et
509 3057 690 3122 ordinatum
712 3063 769 3140 est,
794 3057 913 3138 quod¹¹
935 3056 1069 3124 falsator
1091 3055 1205 3138 aliquis
1226 3056 1370 3122 decerta

121 3163 158 3225 et
171 3159 269 3241 bulla„
294 3161 347 3225 uel
364 3159 616 3228 immanifestas
633 3166 689 3227 aut
704 3162 852 3244 periurus
868 3181 929 3228 non
944 3161 1063 3228 babeat
1079 3159 1209 3242 aliquod
1233 3158 1368 3226 offitium

122 3263 157 3328 in
180 3264 271 3330 curia
293 3269 327 3330 et
349 3264 403 3346 qui
427 3283 499 3330 eum
522 3264 666 3348 elegerit,
698 3265 804 3332 soluat
833 3264 991 3332 communi
1021 3283 1094 3329 xxv
1124 3263 1222 3330 libras
1246 3269 1280 3330 et
1301 3265 1370 3330 eius

123 3367 240 3434 electio
263 3387 328 3435 non
351 3369 458 3436 ualeat
481 3387 539 3436 neo
562 3369 830 3436 sacramentarius
853 3368 919 3449 fiat,
944 3387 1049 3450 neque
1071 3367 1164 3434 testis
1179 3373 1213 3435 et
1228 3368 1256 3433 si
1270 3367 1369 3434 mani·

124 3469 263 3539 restus¹²
285 3474 480 3558 apparuerit,
512 3473 724 3540 exbandiatur
753 3473 785 3538 in
816 3473 924 3555 platea
953 3473 993 3540 da
1023 3472 1154 3540 cicutate
1184 3470 1309 3556 Spalati
1336 3476 1371 3538 ot

125 3576 195 3643 eius
218 3595 335 3643 nornen
357 3577 516 3644 scribatur
537 3578 570 3643 in
593 3577 770 3660 capitulari.

300 3825 367 3872 ou.
387 3827 452 3869 avt.
474 3827 517 3869 DE
538 3827 651 3871 suano
673 3825 880 3870 ommam
902 3800 1194 3868 memorantium.

173 3941 257 4007 Item
282 3947 438 4008 statutum
461 3947 494 4009 et
517 3915 698 4008 ordinatum
722 3947 780 4023 est,
805 3941 890 4024 quod
913 3941 940 4007 si
962 3945 1068 4007 rector
1089 3939 1142 4006 uel
1165 3937 1278 4019 aliquis
1302 3935 1372 4005 olfi-

128 4044 216 4112 tialis
239 4045 378 4112 ciuitatis
402 4045 524 4129 Spalati
548 4047 669 4128 aliquid
692 4047 850 4129 receperit
872 4050 982 4111 contra
1011 4044 1146 4110 formam
1177 4046 1371 4109 statutorum

130 4149 171 4215 ab
195 4149 303 4232 aliqua
324 4151 455 4235 speciali
478 4170 616 4234 persona
638 4171 657 4216 a
681 4151 790 4219 decem
813 4151 911 4218 soldis
934 4166 1040 4232 supra,
1069 4148 1222 4232 puniatur
1244 4147 1276 4212 in
1298 4163 1373 4211 xxv

179 4341 308 4404 ¹Deeat
337 4363 386 4420 ap.
417 4344 529 4421 Ljub.
627 4341 754 4404 ²Deest
776 4344 867 4404 ibid.
961 4339 1102 4402 ³Glossa
1123 4358 1217 4417 marg.
1241 4339 1272 4398 in
1294 4337 1374 4399 cod.

134 4431 239 4494 acad.
270 4431 315 4492 A:
348 4431 448 4511 „Pqna
477 4433 502 4491 si
531 4431 596 4506 quis
626 4431 732 4492 falsam
762 4433 908 4489 monetam
937 4427 1139 4505 expenderit“.
1254 4423 1375 4486 ‘God

134 4518 239 4579 acad.
263 4518 306 4577 B:
334 4514 612 4596 „condempnetur“.
699 4515 711 4551 ⁶
733 4518 836 4580 ibid.
862 4535 886 4578 e.
910 4535 948 4578 m.
1032 4511 1173 4574 ⁰ibid.:
1199 4511 1375 4595 „condemp-

134 4603 252 4665 natus“.
361 4603 440 4666 'Ol
464 4605 532 4666 adn.
557 4605 590 4684 4)
697 4600 710 4636 ⁸
736 4607 895 4680 „perpetuo
918 4600 1067 4677 tempore“
1094 4601 1176 4659 deest
1198 4615 1246 4674 ap.
1263 4599 1289 4656 L
1293 4598 1307 4674 j
1316 4599 1374 4659 ub.

139 4687 216 4753 ”Oi
242 4689 311 4751 adn.
335 4690 368 4769 4)
429 4686 859 4771 ¹⁰Ap.Ljub.:„lalsarij“.
920 4685 1181 4764 ¹¹ibid.:„si“.
1242 4679 1376 4744 1leod.

134 4777 237 4838 acad.
251 4777 277 4836 B
289 4781 319 4837 et
330 4795 378 4854 ap.
392 4777 512 4854 Ljub.:
528 4777 758 4862 „manifestior“.
807 4772 836 4811 ¹³
846 4777 894 4851 Ap
914 4775 1034 4851 ajub:
1052 4772 1145 4849 „offic
1158 4776 1189 4832 et
1200 4767 1377 4831 rectorum“.
