3396 5402
1291 454 1347 516 111

80 627 90 648 ‘
123 670 182 735 per
211 654 312 720 totum
335 657 467 736 aparte
489 655 585 721 maris
613 653 645 719 iu
675 653 869 738 longitudine
891 659 924 721 et
946 655 977 720 in
1000 656 1204 738 amplitudine
1229 677 1248 723 a
1271 659 1350 724 mari

126 775 236 823 versus
259 766 391 837 montes,
416 779 473 842 per
495 765 628 844 tantum,
652 766 804 842 quantum
826 761 1047 826 monstrabunt
1062 761 1197 830 confinia
1212 765 1280 831 siue
1295 770 1357 831 ter-

123 863 198 927 mini
229 870 263 928 et
285 865 374 946 signu
396 865 543 946 ponenda
564 885 622 948 per
644 865 813 947 deputatos
845 885 903 948 per
931 868 1086 950 regimen:
1117 867 1199 934 infra
1223 867 1357 935 confinia

123 973 157 1034 et
179 969 270 1050 signa
294 969 358 1033 sint
379 969 477 1052 gades
500 970 613 1035 amodo
636 970 667 1034 in
690 975 798 1048 antea,
823 971 874 1036 vbi
898 989 955 1036 nec
970 971 1010 1038 de
1032 973 1101 1052 die,
1124 993 1184 1039 nec
1205 974 1245 1040 de
1268 981 1361 1040 nocte

126 1073 220 1140 modo
241 1073 346 1154 aliquo
368 1074 487 1141 Intrare
509 1095 569 1140 non
593 1075 720 1140 valeant
741 1076 888 1142 ammalia
911 1077 1046 1156 minuta,
1071 1079 1116 1143 vti
1137 1084 1210 1144 sunt
1232 1080 1361 1162 caprina

127 1183 160 1244 et
180 1179 339 1260 pecudina
368 1179 427 1244 sub
457 1179 567 1245 eadem
598 1199 717 1262 poena,
749 1199 810 1262 que
840 1181 1017 1247 continetur
1046 1184 1077 1248 in
1110 1184 1193 1249 dicto
1222 1183 1357 1251 Statuto.

125 1283 169 1347 Et
195 1285 338 1366 regimen
371 1289 517 1350 teneatur
539 1286 662 1350 viuculo
685 1285 853 1350 iuramenti
879 1287 1010 1368 singulis
1033 1288 1124 1352 aunis
1149 1287 1289 1356 offcialas
1311 1290 1358 1355 iu-

125 1387 295 1468 quisitores
318 1407 414 1470 super
428 1389 476 1454 bis
492 1389 610 1469 facere,
636 1391 688 1471 qui
704 1389 843 1456 habeant
863 1398 1054 1473 potestatem
1071 1393 1262 1482 Inquirendi,
1287 1415 1358 1480 per·

127 1493 288 1557 scrutandi
312 1500 346 1582 et
367 1493 544 1559 inuenIendi
561 1499 594 1560 et
609 1495 780 1576 culpabiles
796 1496 899 1560 dandi.
924 1497 966 1560 Et
981 1496 1119 1562 habeant
1134 1506 1255 1580 partem
1271 1501 1359 1566 iuxta

126 1597 261 1662 formam
284 1597 410 1663 Statuti.
435 1599 477 1663 Et
499 1599 558 1664 hoc
582 1599 682 1664 solum
703 1600 818 1664 dicitur
840 1619 897 1682 pro
921 1603 1108 1667 animalibus
1125 1604 1261 1670 miuutis.
1285 1603 1360 1669 Ani-

125 1703 221 1767 malia
237 1721 311 1768 vero
328 1705 450 1770 maiora
465 1705 567 1770 dictae
583 1723 707 1786 poenae
722 1707 808 1770 nullo
824 1707 916 1771 modo
934 1709 1126 1775 subluceant.
1150 1711 1194 1774 Et
1220 1711 1360 1794 regimen

127 1809 237 1872 statim
259 1808 424 1888 deputauit
446 1807 662 1890 infrascriptos
685 1811 725 1874 ad
748 1811 928 1892 ponendum
952 1813 1036 1878 dicta
1060 1813 1203 1880 confinia.

333 2024 397 2066 OAP.
423 2025 502 2066 cmv.
529 2025 650 2066 CONTRA
673 2025 815 2069 EMEN'I'ES
837 2026 968 2069 muscum
990 2029 1024 2068 m
1047 2029 1161 2071 HERBA.

167 2137 249 2204 Item
272 2143 397 2220 captum
420 2139 482 2204 fuit
497 2141 528 2204 in
545 2141 628 2207 dioto
645 2143 774 2206 consilio
790 2161 846 2224 per
861 2143 997 2209 ballotas
1013 2145 1065 2228 lvj.
1083 2147 1359 2214 nonobstantibus

124 2243 250 2310 ballotis
277 2263 306 2308 v.
333 2245 365 2308 iu
392 2247 581 2311 contrarium
612 2249 763 2328 repertis,
795 2248 880 2329 quod
911 2249 1035 2328 nullus,
1063 2255 1127 2314 tam
1158 2251 1235 2316 ciuis
1266 2271 1360 2333 quarn

126 2347 262 2416 forensis
286 2352 387 2431 possit
409 2369 513 2416 emere
536 2352 566 2414 in
591 2351 727 2416 Curzula
750 2353 853 2417 vinum
869 2359 1006 2420 mustum
1028 2357 1060 2419 iu
1076 2355 1190 2436 herba,
1214 2358 1360 2422 uidelicet

125 2460 199 2519 unte
221 2461 349 2536 tempus
381 2456 605 2521 vindemiarum
635 2457 747 2522 minori
778 2459 901 2538 praetio
930 2478 1111 2542 grossorum
1143 2466 1228 2541 octo,
1259 2480 1361 2543 poena

124 2559 278 2641 perdendi
294 2565 430 2624 mustum
454 2567 571 2637 totum,
596 2561 680 2642 quod
696 2563 825 2642 emerit,
850 2561 1011 2629 Communi
1030 2563 1184 2632 Cumulae
1200 2566 1360 2648 applican-

123 2665 207 2738 dum,
240 2670 274 2730 et
301 2665 384 2730 vltra
413 2666 556 2731 soluendi
587 2667 711 2731 nomine
742 2686 863 2748 poenae
893 2669 1021 2750 duplum
1045 2671 1142 2736 totius
1165 2672 1258 2754 pratij
1283 2669 1359 2738 facti

125 2769 163 2833 de
188 2769 274 2834 dicto
298 2775 401 2835 musto
424 2789 481 2852 pro
505 2771 676 2836 medietate
698 2770 861 2836 Communi
885 2779 917 2839 et
940 2774 1002 2839 alia
1024 2777 1216 2854 accusatori,
1241 2779 1273 2840 et
1287 2795 1362 2840 uen-

126 2873 209 2939 ditor
232 2875 277 2939 sit
300 2893 425 2958 semper
447 2877 480 2940 iu
503 2877 620 2956 primis
645 2881 678 2942 et
700 2877 727 2942 si
751 2881 949 2944 accusauerit
971 2879 1103 2960 habeat,
1129 2887 1163 2946 vt
1185 2899 1281 2963 supra
1296 2899 1361 2948 me-

126 2977 275 3044 dietatem
299 2979 401 3044 dictae
424 2997 554 3060 poenae.

125 3191 190 3234 CAP.
214 3193 285 3236 CLV.
317 3193 358 3234 DE
386 3193 592 3237 sternamus
620 3195 678 3240 Lus
707 3197 766 3239 PRO
795 3197 986 3258 suminatam,
1016 3201 1070 3251 QUI
1099 3201 1180 3242 DEN'I'
1209 3201 1360 3253 QUINTUM.

167 3309 248 3376 Item
272 3312 383 3378 codem
406 3313 573 3378 blillesimo
603 3319 636 3380 et
658 3315 849 3395 Indictione‚
881 3315 932 3381 die
963 3336 1036 3382 vero
1069 3318 1133 3400 viij.
1162 3317 1289 3400 Aprilis.
1324 3318 1361 3381 In

125 3415 255 3482 consilio
287 3423 477 3500 congregato
508 3421 539 3483 in
571 3419 704 3484 ecclesia
726 3419 832 3486 Sancti
858 3420 956 3485 Marci
980 3422 1019 3486 ad
1042 3441 1152 3487 sonum
1176 3441 1360 3504 campanae,

127 3525 160 3584 vt
180 3522 278 3586 moris
303 3527 361 3602 est,
384 3528 509 3603 captum
533 3521 593 3588 fuit
616 3543 673 3606 per
694 3523 830 3590 ballotas
847 3525 878 3607 ij.
902 3525 1029 3590 ballotis
1052 3527 1091 3608 xj.
1116 3529 1147 3592 in
1170 3529 1360 3592 contrarium

124 3627 260 3706 repertis
284 3627 582 3711 nonobstantibus,
615 3629 699 3711 quod
731 3629 834 3694 nullus
869 3631 971 3712 possit
993 3624 1277 3718 nemus'inciderej
1310 3633 1357 3698 las

125 3727 268 3796 iaciendo
299 3749 356 3812 pro
387 3731 567 3798 seminando
590 3734 622 3798 in
646 3733 750 3815 aliquo
780 3733 849 3801 loco
874 3735 976 3800 alieno
999 3737 1031 3800 in
1059 3737 1162 3802 insula
1193 3737 1358 3817 Curzulae,

127 3834 187 3900 uisi
209 3835 335 3902 dederit
357 3838 397 3902 ad
419 3838 521 3904 minus
544 3839 684 3920 quintam
701 3845 823 3920 partem
841 3847 973 3922 patrono
997 3826 1118 3921 terrae,
1143 3863 1245 3924 poena
1266 3861 1359 3925 yper-

126 3957 275 4020 perorum
306 3941 534 4024 quinquaginta
560 3963 618 4024 pro
646 3945 817 4010 medietate
849 3944 1012 4010 Communi
1040 3951 1074 4009 et
1095 3947 1158 4011 alia
1184 3949 1360 4014 accusatori

126 4044 393 4126 applicandorum.

126 4259 189 4302 OAP.
214 4261 295 4303 CLVI·
330 4261 411 4312 QUOD
442 4263 600 4304 animumn
629 4265 749 4306 alaman
774 4265 961 4307 numadum
985 4267 1124 4308 sonunn'u
1148 4268 1277 4310 Gnossos
1301 4245 1359 4309 ΠΙ

167 4378 247 4444 Item
281 4379 313 4442 iu
344 4378 455 4444 eodem
484 4378 649 4444 llillesimo
680 4386 712 4445 et
742 4381 932 4462 Indicti0ne‚
957 4385 1007 4448 die
1038 4383 1127 4449 Iouis
1154 4386 1215 4466 xvj.
1246 4386 1362 4451 meusIs

126 4480 270 4564 Augusti.
302 4483 339 4546 In
362 4483 454 4564 pleno
477 4490 510 4548 et
529 4485 668 4565 generali
693 4486 839 4565 consilio,
872 4495 905 4550 vt
934 4507 1028 4569 supra
1057 4493 1183 4569 captum
1214 4489 1273 4554 luit
1304 4509 1360 4571 por

126 4585 260 4652 ballotas
284 4589 394 4670 xxxvij.
419 4607 480 4654 uon
505 4589 705 4655 obstantibus
728 4591 854 4656 baliolis
877 4592 938 4672 xxij
962 4594 992 4656 in
1010 4593 1200 4658 contrarium
1217 4597 1360 4677 repertis

171 4745 242 4810 ¹Cf.
262 4749 349 4808 aliam
364 4767 464 4824 capp.
481 4751 556 4812 XCI.
575 4751 702 4812 CXVIII.
719 4753 804 4826 atquo
820 4771 894 4828 cap.
914 4755 1039 4814 CXXXI.
1058 4755 1214 4818 statuti.
