3416 5350
1343 388 1404 450 103

156 589 191 654 in
213 589 328 656 iuditio
359 589 467 672 aliqua
497 589 623 672 questio
653 590 781 656 incoata
804 607 863 672 per
884 587 1089 671 petitionem,
1123 588 1285 668 uolumus,
1318 587 1403 670 quod

157 692 234 759 talis
257 694 359 762 cessio
382 711 445 759 non
468 693 583 760 ualeat.

568 922 636 967 ΟΔΡ.
660 923 795 966 nxxvm.
818 924 861 966 D!
882 923 1001 966 nonu.

201 1040 285 1106 Item
302 1043 457 1105 statutum
469 1045 504 1104 et
515 1039 694 1106 ordinatum
708 1045 768 1120 est
786 1039 872 1121 qnod
883 1039 989 1106 nullus
1006 1039 1085 1105 ciuis
1099 1037 1298 1121 Spalatensis
1310 1039 1404 1104 cedat

156 1143 288 1225 aliquod
318 1145 387 1218 ius,
419 1142 504 1226 qnod
535 1143 669 1210 baberet
700 1163 739 1210 ex
772 1161 971 1226 quacumque
995 1163 1090 1210 causa
1112 1145 1164 1209 uel
1187 1144 1281 1209 titulo
1305 1143 1399 1208 alicui

154 1246 288 1330 forensi,
312 1248 363 1313 uel
385 1248 596 1327 uniuersitati‚
621 1247 671 1314 uel
696 1247 825 1330 speciali
851 1265 988 1330 persone
1011 1254 1124 1314 contra
1146 1265 1323 1328 commune,
1350 1247 1401 1313 uel

156 1357 271 1418 eontra
293 1351 417 1432 aliquas
441 1369 594 1434 personas
616 1351 771 1434 speciales
794 1353 931 1418 ciuitatis
955 1351 1085 1434 spaloti,
1118 1351 1171 1416 nol
1193 1351 1234 1418 da
1257 1369 1314 1417 suo
1338 1351 1400 1418 dis·

155 1456 266 1521 trictu.
287 1457 332 1522 Et
354 1457 382 1521 si
404 1457 475 1539 quis
497 1462 607 1522 contra
629 1455 758 1540 fecerit,
790 1458 940 1538 puniatur
962 1457 994 1522 in
1025 1455 1155 1538 duplum
1186 1455 1271 1522 illius
1301 1473 1403 1538 qnan-

157 1559 272 1635 titatis,
296 1560 336 1626 de
359 1578 425 1642 qua
446 1562 621 1626 cessionem
644 1559 765 1640 lecerit,
790 1579 852 1644 que
876 1579 968 1643 pena,
994 1561 1047 1627 uel
1068 1562 1206 1626 bannum
1228 1559 1404 1643 applicetur

159 1665 318 1731 communi
341 1663 463 1747 Spalati
486 1671 519 1732 et
541 1664 617 1730 talis
640 1665 741 1732 cessio
763 1683 825 1729 non
851 1665 958 1731 ualeat
979 1665 1049 1747 ipso
1072 1665 1150 1732 iure.

559 1895 624 1938 ode.
650 1895 759 1938 nxm.
783 1897 826 1938 DE
848 1895 1003 1938 Annium.

202 2011 282 2077 Item
307 2015 462 2076 statutum
486 2017 519 2076 et
542 2011 721 2076 ordinatum
744 2017 803 2090 est,
829 2012 913 2093 quod
936 2011 962 2076 si
985 2009 1083 2092 aliqui
1101 2009 1224 2088 arbitri,
1248 2008 1299 2075 uel
1316 2009 1401 2074 orbi·

158 2119 308 2192 matures,
333 2120 390 2180 ant
411 2114 593 2180 amicabiles
610 2115 846 2196 compositores
871 2115 1007 2180 electio
1032 2113 1186 2195 partibus,
1221 2111 1401 2194 receperint

158 2217 430 2300 compromissum,
454 2225 510 2283 aut
525 2217 645 2283 luerint
661 2224 826 2299 presentes
843 2219 904 2301 ipsi
921 2219 1145 2300 compromisso
1162 2223 1195 2283 et
1209 2235 1273 2282 non
1289 2225 1401 2282 contra

157 2321 303 2400 dixerint,
327 2321 413 2402 quod
428 2321 553 2404 precisa
570 2321 815 2402 compellantur
830 2323 871 2388 ad
887 2321 1059 2388 finiendum
1075 2327 1109 2386 et
1123 2319 1400 2386 determinandum

157 2425 244 2507 ipsas
267 2425 452 2506 questiones
475 2425 559 2490 inter
582 2443 637 2490 eos
660 2426 919 2506 eomprornissas3
943 2433 976 2491 et
999 2443 1091 2490 omne
1115 2425 1243 2490 laudum
1266 2429 1300 2490 ot
1316 2423 1400 2490 arbi·

158 2529 254 2594 trium
280 2547 409 2609 eorum,
440 2529 492 2596 uel
517 2529 690 2595 amicabilis
713 2531 900 2611 compositio
923 2531 963 2596 de
985 2529 1043 2610 bis,
1078 2546 1141 2610 qne
1166 2529 1293 2594 suntin
1317 2545 1399 2594 com·

159 2633 316 2714 promisso
339 2632 478 2712 redacta,
502 2633 611 2698 ualeat
633 2639 666 2699 et
688 2639 798 2700 teneat
821 2641 855 2700 et
877 2633 1055 2700 executioni
1077 2633 1256 2698 mandetur.

203 2735 247 2802 Et
270 2737 298 2801 si
321 2735 384 2801 duo
407 2743 515 2802 essent
538 2737 666 2816 arbitri,
697 2737 749 2803 uel
781 2737 990 2804 arbitratores
1020 2743 1054 2802 et
1083 2755 1146 2804 non
1170 2735 1401 2803 concordarent

158 2841 191 2905 in
213 2839 453 2907 determinando
477 2841 687 2922 questionem,
711 2847 787 2908 tunc
809 2847 917 2923 partes
935 2842 1164 2924 compellantur
1179 2841 1221 2907 ad
1238 2859 1401 2907 assumen-

159 2943 234 3008 dum
258 2945 407 3022 tercium;
444 2951 477 3009 et
499 2944 526 3012 si
549 2945 696 3025 eligendo
719 2945 853 3011 tercium
876 2963 939 3012 non
962 2945 1234 3028 concordarem'nt,
1257 2951 1400 3028 potestas

159 3054 192 3114 ct
214 3055 320 3112 rector
343 3047 483 3114 ciuitatis
506 3055 605 3129 ponat
627 3050 769 3116 tercium.

202 3152 248 3217 Et
271 3151 421 3233 quicquid
444 3169 502 3233 per
524 3151 604 3218 duos
628 3172 665 3218 ox
688 3153 780 3219 dictis
800 3151 902 3219 tribus
917 3153 1054 3232 arbitris,
1078 3154 1130 3220 uel
1146 3155 1419 3234 arbitrantibus,-

159 3255 211 3321 nel
234 3275 293 3338 per
314 3255 466 3321 maiorem
484 3260 606 3337 partem
623 3257 824 3339 arbitrorum,
849 3258 900 3323 uel
916 3258 1142 3325 arbitratorum
1157 3257 1276 3324 lactum
1295 3259 1400 3342 luerit,

158 3359 285 3440 plenum
309 3360 453 3425 obtineat
474 3359 675 3438 firmitatem
698 3367 734 3428 ut
756 3362 783 3427 si
803 3380 886 3426 unus
910 3363 1153 3428 sententiauerit
1175 3363 1216 3430 de
1235 3363 1343 3430 decem
1367 3369 1402 3430 et

158 3463 221 3527 dno
245 3463 285 3529 de
307 3462 390 3541 xxi,
415 3469 490 3529 tunc
512 3461 576 3528 xxi*
609 3469 749 3544 teneant,
771 3471 867 3548 prout
882 3482 939 3546 per
954 3465 1034 3531 duos
1057 3467 1198 3532 extiterit
1216 3465 1396 3549 diffinitum,

156 3565 226 3632 iure
248 3567 355 3649 aliquo
379 3585 441 3633 non
468 3569 625 3635 obstante.
648 3569 693 3634 Et
715 3569 741 3634 si
764 3573 830 3635 tres
854 3573 962 3634 essent
984 3576 1018 3635 et
1032 3587 1114 3635 unns
1133 3570 1343 3636 sententiaret
1358 3571 1400 3639 de

159 3670 279 3749 decem,
304 3671 387 3737 alter
409 3672 450 3752 dp
466 3672 578 3754 uiginti
594 3679 628 3738 et
643 3673 760 3738 tercius
777 3672 818 3738 de
839 3673 949 3753 iurand·¹
974 3674 1132 3739 sententia
1146 3671 1253 3754 mediJ,
1278 3673 1401 3740 scilicet

157 3775 211 3855 qui
235 3775 481 3842 sententiauerit
504 3777 545 3843 de
566 3775 652 3854 xxi,
683 3777 790 3844 ualeat
820 3796 858 3842 ex
880 3777 1070 3844 anctoritate
1094 3775 1253 3858 presentis
1276 3775 1399 3857 statuti,

157 3877 233 3943 licet
254 3877 337 3944 forte
368 3879 408 3944 de
439 3879 508 3945 iure
531 3873 643 3947 s'tricto
673 3881 767 3946 aliter
799 3881 859 3948 diei
889 3887 1015 3964 posset;
1046 3881 1102 3948 sed
1133 3881 1183 3946 hic
1212 3880 1266 3946 uia
1295 3879 1401 3948 media

156 3981 305 4064 eligatur,
326 3982 496 4050 dummodo
512 3985 616 4066 ipsum
631 3985 771 4064 laudum,
795 3985 848 4050 nel
863 3986 1029 4052 arbitrium
1045 3984 1167 4050 feratur
1196 3984 1399 4066 presentibus

157 4085 314 4166 omuibus,
339 4087 369 4150 in
394 4105 474 4169 quos
497 4089 601 4154 extitit
624 4090 893 4170 compromissum.

198 4189 243 4255 Et
265 4190 372 4272 ipsum
394 4191 522 4257 laudum
557 4193 608 4258 uel
623 4192 789 4258 arbitrium
805 4191 873 4257 fieri
892 4193 992 4274 possit
1007 4191 1120 4257 diebus
1135 4190 1285 4276 feriatis',
1302 4191 1400 4257 etiam

155 4293 181 4358 si
196 4292 285 4380 ‚ferie
308 4293 490 4377 introducte
515 4302 622 4362 essent
644 4297 685 4362 ad
707 4295 861 4362 bonorem
884 4296 945 4376 dei,
977 4301 1011 4362 et
1033 4295 1203 4362 dummodo
1230 4293 1398 4361 arbitrium

156 4485 213 4636 Ln'
235 4488 325 4636 {lod
349 4489 456 4550 acad.
479 4490 522 4551 A:
550 4489 800 4568 „compleantur‘¹.
873 4486 883 4522 ¹
916 4493 965 4570 „ct
994 4505 1051 4548 non
1075 4487 1205 4548 feriatis“
1243 4485 1327 4547 deest
1349 4505 1400 4565 ap.

185 4594 265 4656 Ju-
327 4623 332 4628 ·
