3434 5368
42 5063 75 5154 b..
86 5093 91 5154 Ι
107 5089 115 5096 ,ι

161 5133 163 5144 Ι

199 5231 232 5265 sesa

343 662 417 720 Itone
432 679 483 722 noa
507 661 652 723 llaraillus
675 663 834 724 condictus
856 663 1009 722 ordinando
1034 663 1172 743 iubemus,
1196 663 1271 735 qnod
1293 663 1318 722 sl
1333 663 1437 736 aliquis
1459 662 1547 722 comi-

300 767 371 846 tum,
396 766 446 839 qui
462 781 512 840 por
526 770 655 840 tempora
677 767 783 826 luerint
798 767 832 826 de
847 767 952 826 nostris
977 767 1139 846 heredibus,
1164 767 1210 825 uel
1232 767 1451 845 suocmsoribus,
1473 767 1545 825 alie·

299 870 420 950 nauerit,
443 871 615 941 condiderit,
639 872 796 949 donauorit‚
821 871 1059 946 inpignorauerlt‚
1095 869 1294 942 iulendanerit,
1319 870 1454 929 minuerit
1475 870 1541 928 iura

299 957 460 1044 comitatus,
477 974 522 1032 nel
539 974 702 1032 comitatum
721 975 752 1032 in
767 975 864 1047 plures
881 975 977 1048 panes
999 971 1219 1054 claruerit)
1241 974 1284 1032 ita
1297 973 1373 1046 qnod
1388 973 1442 1031 duo
1457 972 1544 1030 corni·

298 1079 343 1135 tes
359 1077 405 1136 uel
421 1076 516 1151 plures
531 1077 616 1138 simul
632 1079 661 1136 et
675 1079 761 1137 semel
776 1093 829 1136 vno
844 1079 970 1152 tempme
982 1078 1149 1137 comitatum
1172 1079 1283 1156 regant,
1307 1077 1391 1136 cadat
1406 1075 1440 1134 ele
1456 1075 1545 1135 comi·

299 1182 363 1242 tatu
379 1182 409 1239 et
422 1181 516 1239 soluat
531 1197 668 1256 yperpera
682 1179 770 1260 mille,
795 1197 913 1254 quornm
930 1181 1068 1240 medietas
1085 1179 1218 1240 deueniat
1233 1179 1270 1239 ad
1285 1195 1361 1240 moos
1376 1177 1545 1238 commissa·

299 1284 357 1344 rios
380 1298 430 1342 serr
452 1285 619 1344 constitutos
641 1301 692 1344 sen
714 1284 927 1344 constituendos
949 1282 1134 1344 uniuersitati
1156 1283 1280 1342 eiusdem
1304 1282 1396 1342 insule
1419 1282 1544 1362 cornulo,

299 1405 345 1448 rea
361 1389 515 1448 comitatus
537 1389 596 1447 tam
619 1388 737 1448 mobiles
760 1405 847 1464 quam
871 1387 1001 1468 stabiles,
1026 1389 1055 1447 et
1068 1387 1159 1446 maior
1174 1387 1249 1445 etate
1271 1385 1490 1461 propinquorum
1506 1387 1545 1444 (le

300 1507 363 1551 mea
378 1491 513 1567 progenie
535 1493 679 1566 gradatim
702 1493 837 1552 succedat
852 1492 882 1551 in
898 1492 1074 1570 comitatum,
1099 1491 1220 1550 redimat
1237 1491 1266 1548 et
1280 1491 1400 1549 reducat
1421 1489 1542 1549 comita-

300 1597 362 1655 tum
378 1595 407 1654 et
422 1611 474 1654 ene
488 1595 552 1654 iura
566 1597 626 1654 um
642 1595 739 1667 realia,
763 1613 848 1669 quam
864 1595 1025 1670 personalia
1048 1593 1167 1654 mobilia
1181 1596 1210 1653 et
1225 1593 1374 1654 inmobilia
1388 1593 1418 1652 in
1433 1596 1544 1653 statum

297 1699 450 1773 prlatianm
465 1698 576 1772 integre
599 1699 705 1772 absquo
721 1699 819 1772 aliqua
842 1699 1041 1758 diminucione.
1065 1697 1143 1758 Etsi
1159 1696 1223 1771 qula
1246 1697 1352 1756 oinium
1374 1697 1500 1758 uniuersi
1515 1699 1548 1755 et

299 1803 406 1878 singuli
421 1803 542 1862 ncerlnt
564 1799 687 1884 ahquid
708 1807 817 1865 contra
839 1797 893 1864 lece
914 1806 1042 1882 statuta,
1066 1803 1095 1862 et
1117 1802 1268 1877 probatum
1290 1801 1378 1860 luerit
1400 1817 1451 1876 per
1472 1802 1545 1876 ydo-

298 1921 365 1964 neos
380 1906 468 1964 astes
483 1907 513 1964 et
527 1905 683 1966 iudicatum
699 1921 749 1980 per
765 1905 872 1965 iudices
889 1905 1046 1965 communis
1062 1901 1199 1984 iuratoe‚²
1221 1905 1325 1964 cadant
1341 1903 1377 1963 ab
1391 1903 1467 1964 omni
1483 1905 1547 1963 inre

300 2025 350 2068 ano
365 2009 402 2067 acl
417 2009 491 2070 nella
506 2009 631 2069 comitis.

345 2111 426 2192 „ligo
441 2112 585 2171 Mamilius
601 2129 692 2172 eomes
709 2112 825 2171 Cumulo
840 2113 870 2170 et
885 2113 998 2172 lllellete
1013 2113 1074 2173 iuro
1089 2115 1165 2173 bona
1180 2113 1235 2172 lide
1250 2113 1310 2172 sine
1327 2113 1425 2172 fraude
1444 2127 1545 2186 regere

300 2216 475 2292 comitatum,
491 2215 643 2294 custodire,
659 2217 851 2294 manutenere,
868 2215 1017 2275 defendere
1032 2217 1159 2276 homines
1176 2217 1260 2275 istius
1272 2215 1399 2275 ciuitatis
1410 2217 1440 2274 et
1450 2215 1546 2274 insule

300 2319 362 2378 eins
377 2318 415 2378 ad
429 2319 564 2378 honorem
581 2318 626 2378 dei
642 2319 671 2378 et
686 2319 790 2378 bonum
805 2319 913 2378 statum
929 2320 1058 2380 ciuitatis
1074 2321 1191 2380 Ournole
1206 2321 1235 2380 et
1250 2337 1305 2378 non
1321 2320 1477 2379 diminuere
1494 2335 1543 2379 co-

298 2423 433 2481 mitatum
447 2439 499 2482 noc
514 2439 560 2482 res
575 2423 736 2500 comitatus,
762 2425 793 2482 vt
808 2425 1003 2498 supradictum
1018 2426 1071 2502 ost,
1094 2427 1123 2484 ot
1137 2424 1231 2484 lacere
1247 2424 1388 2484 racionem
1410 2425 1544 2483 omnibus

298 2533 328 2586 et
339 2526 461 2602 singulis
476 2526 589 2586 ciuibus
601 2540 682 2600 eque,
697 2527 758 2586 aine
766 2543 951 2601 personarum
960 2529 1122 2603 acoepolone
1134 2531 1288 2589 secundum
1296 2528 1423 2589 ciuitatis
1435 2528 1546 2602 scripta

299 2631 410 2690 statuta
424 2632 454 2690 at
468 2628 618 2690 scribenda
640 2647 704 2690 cnm
722 2631 805 2694 laude
828 2632 946 2692 maioris
968 2633 1060 2706 partis
1083 2633 1222 2704 ciuitatis,
1246 2636 1275 2692 et
1290 2649 1346 2707 qua
1361 2633 1468 2706 scripta
1488 2618 1547 2691 aun

300 2736 379 2808 sunt,
401 2734 555 2795 monadum
577 2750 679 2808 puram
702 2735 916 2818 conscienciam,
941 2736 1083 2796 iusticiam
1107 2737 1174 2796 dare
1197 2737 1340 2810 equaliter
1361 2737 1469 2795 conclis
1482 2751 1544 2816 per

272 2837 274 2840 ’
300 2835 355 2900 lae
374 2843 483 2900 mua
505 2835 556 2900 dei
577 2833 769 2919 mancello!
879 2883 882 2892 .

346 2943 426 3020 „Ego
438 2959 471 3024 p.
488 2941 551 3002 inre
566 2939 603 3001 orl
618 2946 719 3002 sancta
734 2943 780 3002 dei
802 2943 950 3018 euangelia
965 2945 1039 3004 bona
1053 2944 1109 3004 fide
1123 2945 1184 3004 sine
1200 2944 1299 3004 stando
1318 2961 1433 3003 seruarc
1449 2943 1545 3002 fideli·

299 3049 389 3106 tatem
406 3046 518 3107 domino
535 3046 663 3106 Mamilio
682 3047 777 3106 nostro
800 3047 896 3108 comiti
911 3049 940 3106 et
955 3049 1098 3134 custodire
1119 3047 1202 3107 illum
1218 3048 1248 3106 in
1263 3063 1384 3120 persona
1406 3050 1435 3106 et
1457 3049 1545 3106 rebus

300 3151 453 3212 mobilibus
468 3153 497 3211 et
512 3152 696 3212 inmobilibus
711 3155 740 3212 et
755 3152 785 3212 in
800 3153 930 3212 omnibns
944 3153 1105 3234 nacionibus
1120 3154 1165 3212 sul
1181 3152 1342 3233 comitatus,
1359 3154 1388 3211 et
1404 3152 1544 3212 adiuuare

300 3256 382 3318 illum
398 3255 495 3318 contra
507 3272 603 3316 omnes
614 3256 753 3336 hominos,
770 3257 821 3330 qni
833 3257 978 3317 maliciose
989 3257 1036 3316 uel
1048 3257 1144 3331 aliquo
1157 3258 1238 3317 modo
1249 3257 1296 3316 nel
1308 3256 1430 3337 ingenio,
1447 3256 1545 3329 palam

301 3361 347 3420 uel
363 3360 438 3420 olum
452 3360 596 3420 noluerint
617 3359 699 3419 illum
722 3361 860 3420 offendere
875 3361 1060 3436 pomonaliter
1082 3362 1129 3420 uel
1152 3361 1274 3437 realiter,
1298 3361 1327 3419 et
1342 3359 1498 3419 obseruabo
1514 3359 1543 3417 ci

301 3461 468 3523 inditatem
483 3464 513 3523 in
527 3467 697 3539 perpetuum
712 3465 742 3523 et
756 3465 898 3525 adiuuabo
910 3466 1003 3540 ipsum
1015 3465 1051 3524 acl
1064 3465 1302 3523 manutenendum
1318 3463 1419 3522 bonnm
1432 3464 1541 3520 statum

300 3567 428 3627 uiolatis
451 3567 568 3628 Gurnole
583 3571 612 3628 ot
627 3569 776 3628 comitatus
793 3571 872 3628 illius
889 3571 917 3629 et
932 3565 1147 3628 ueritatem⁸
1161 3567 1234 3626 dabo
1250 3567 1286 3625 ad
1301 3582 1397 3626 omnes
1413 3567 1543 3625 raciones

305 3687 372 3731 suae
388 3673 417 3731 et
431 3671 562 3732 iusticias
585 3673 764 3747 complendas
779 3675 808 3731 ct
830 3689 885 3732 non
907 3690 953 3732 ero
975 3673 1006 3732 in
1028 3672 1127 3746 aliqua
1148 3671 1282 3730 societate
1304 3669 1349 3727 uel
1373 3669 1546 3743 compagnias

231 3791 232 3794 ’
305 3791 356 3849 per
367 3775 573 3836 semnmentnm
589 3776 636 3834 uel
651 3775 802 3834 lidaneiam
818 3778 929 3850 autper
941 3777 1165 3856 promissionem,
1177 3775 1227 3834 ant
1238 3773 1388 3848 perillum
1400 3771 1544 3846 ingenium

304 3879 402 3938 contm
416 3879 548 3940 honorem
564 3879 670 3940 domiui
684 3879 776 3939 nostri
791 3879 902 3940 comitis
917 3883 946 3940 et
961 3883 1059 3940 contra
1075 3881 1197 3939 salntem
1212 3877 1342 3938 ciuitatis
1358 3869 1472 3935 Guraolo
1488 3875 1544 3934 ali·

303 3999 358 4057 qno
373 3984 510 4064 tompore,
527 3985 556 4043 et
571 3984 597 4043 sl
614 4001 676 4044 sum
692 3985 721 4043 in
737 3985 834 4057 aliqua
849 3984 1015 4061 compagnias
1030 3983 1208 4046 districcione
1223 3979 1394 4041 sacramenti
1410 3995 1542 4053 rumpam

301 4103 363 4146 eam
386 4103 438 4161 pro
453 4104 534 4162 posse
549 4090 578 4146 et
600 4104 655 4147 non
672 4089 773 4148 tenebo
789 4089 859 4148 illud
875 4089 1063 4148 iuramentum
1080 4088 1125 4146 nel
1139 4087 1289 4146 llllanolam
1313 4101 1363 4144 sen
1379 4084 1543 4158 promissio·

301 4207 375 4268 nem,
398 4207 450 4249 nec
471 4189 550 4250 aliurl
565 4193 599 4250 de
615 4191 706 4256 cetero
729 4190 832 4250 faciam
855 4192 885 4250 in
899 4192 1000 4267 aliqua
1022 4191 1201 4270 compagum,
1225 4191 1310 4249 immo
1334 4189 1406 4248 dabo
1429 4203 1543 4260 operans

350 4361 429 4438 ¹As.
447 4363 589 4438 Lanit
603 4365 633 4424 st
647 4363 843 4436 Hormayr:
863 4359 1054 4440 „dimiserat

346 4445 429 4532 ‘An
445 4449 582 4524 ujusce
600 4449 821 4524 etHornrayr
844 4450 1033 4524 legitur:...
1061 4449 1187 4526 „singull
1208 4447 1375 4508 fecerint
1397 4445 1544 4520 alarona-

301 4536 361 4594 tnm
377 4537 436 4594 etc.
456 4535 563 4594 iuratos
585 4537 682 4595 eontra
697 4534 749 4593 heo
765 4537 876 4594 statuta
900 4537 1026 4605 fecerint,
1051 4536 1172 4594 oudent“
1195 4537 1248 4594 stc.
1274 4535 1435 4592 Lectionem
1458 4533 1545 4610 lianc2

303 4638 375 4694 uanae
398 4636 491 4680 errore
513 4622 659 4695 scriptule
683 4619 810 4680 diflicilia
825 4623 870 4680 est
885 4622 1030 4680 intellectu
1047 4623 1240 4697 corrigendam
1256 4621 1356 4692 utique
1372 4619 1543 4677 censuimus.

355 4703 438 4783 lap.
455 4705 594 4784 Ljubit
609 4710 638 4766 et
653 4707 851 4783 Hormayr:
870 4701 1052 4782 „virutemff‘
