3416 5350
1356 349 1411 435 lm

158 575 222 640 uel
249 592 307 656 sue
336 576 423 655 curie
455 574 531 640 dicti
555 577 729 640 communis
752 574 792 638 od
816 575 892 654 hoc,
924 580 960 640 nt
990 575 1061 657 ipsa
1093 575 1206 640 mulier
1229 593 1292 641 non
1314 576 1415 657 possit

159 677 275 760 decipi
299 684 410 744 contra
431 678 609 757 ueritatem,
634 696 693 742 nec
715 679 817 760 possit
839 676 908 744 fieri
930 678 1082 760 obligatio
1105 679 1156 742 uel
1180 679 1330 745 alienatio
1354 679 1413 745 bo·

157 801 285 848 norum
308 801 447 867 suorum,
471 782 533 848 nisi
556 801 691 849 reuera
714 800 771 846 seu
794 801 831 848 ex
860 800 938 848 uera
967 799 1064 848 causa
1092 779 1192 848 fuerit
1221 788 1411 864 oportunum

157 887 199 951 in
226 887 353 953 casibus
377 887 576 968 supradictis.

212 993 308 1071 Quod
331 992 458 1072 quidem
482 997 636 1057 statutum
660 992 763 1057 locum
786 991 904 1058 habeat
926 1009 984 1074 pro
1006 997 1149 1072 tempure
1172 989 1281 1058 futuro
1304 998 1339 1058 et
1353 1009 1411 1072 pro

157 1097 340 1162 contractis
363 1095 395 1160 in
417 1096 636 1162 instrumentis
659 1095 777 1160 futuris
800 1095 955 1161 iaciendis
977 1103 1050 1178 post
1085 1096 1165 1161 duos
1189 1113 1315 1162 menses
1338 1102 1412 1178 post

156 1202 414 1284 publicationem
438 1205 472 1266 et
494 1198 763 1267 confinnationem
786 1201 981 1282 presentium
1005 1205 1206 1280 statutorum,
1231 1207 1267 1267 ut
1285 1201 1411 1282 possint

160 1305 340 1388 peruenire
363 1306 404 1368 ad
426 1304 573 1369 notitiam
597 1305 735 1370 omnium
759 1305 874 1370 ciuium
897 1304 1034 1370 ciuitatis
1057 1304 1188 1386 Spalati.

213 1409 279 1476 Sed
302 1428 399 1492 super
420 1408 638 1474 instrumentis
661 1419 694 1474 et
709 1411 923 1474 contractibus
946 1409 1019 1475 olim
1035 1408 1135 1486 factis,
1160 1410 1192 1473 in
1209 1409 1323 1491 quibus
1339 1429 1407 1474 mu·

158 1514 262 1580 lieres
286 1533 321 1579 se
344 1514 585 1594 obligauerunt,
617 1532 750 1594 presens
781 1519 933 1580 statutum
968 1515 1001 1577 in
1025 1513 1111 1578 nullo
1135 1514 1314 1594 preludicet
1337 1514 1411 1598 illis,

38 1703 42 1712 Α
160 1617 285 1699 quibus
309 1618 458 1682 mulieres
481 1623 556 1682 sunt
579 1617 738 1700 obligate;
763 1619 819 1684 sed
842 1617 1052 1682 instrumenta
1074 1624 1108 1682 et
1131 1623 1312 1683 contractus
1337 1618 1412 1684 olim

160 1720 244 1788 facti
267 1741 357 1790 suam
381 1721 549 1814 obtineant
572 1719 765 1802 firmitatem,
797 1723 843 1786 ita
866 1721 950 1804 quod
968 1740 1025 1802 per
1040 1723 1203 1803 presentia
1218 1727 1340 1787 statuta
1363 1723 1410 1788 eis

163 1825 352 1893 nullatenus
375 1825 558 1909 derogetur.

523 2057 590 2101 OAP·
614 2057 726 2098 nxxm.
750 2057 792 2098 DE
816 2056 1054 2100 GOLBRGANTIJS.

108 2183 114 2192 ·
209 2174 291 2238 Item
316 2177 472 2238 statutum
496 2179 529 2237 et
551 2172 732 2238 ordinatum
756 2177 814 2250 est,
838 2172 923 2252 quod
939 2171 966 2236 si
982 2173 1053 2252 quis
1070 2172 1227 2252 receperit
1242 2170 1408 2254 pecuniam

163 2279 199 2342 in
223 2277 456 2362 collegantiam,
481 2277 533 2343 uel
555 2278 588 2342 in
612 2277 797 2343 societatem
822 2276 940 2354 stille,
975 2278 1029 2356 qui
1052 2277 1208 2358 receperit
1230 2276 1409 2358 pecuniam,

44 2449 59 2472 ‚
163 2379 366 2464 naufragium
389 2399 504 2464 passus
528 2379 625 2444 fuerit
648 2387 681 2446 et
704 2379 868 2462 pecuniam
892 2379 944 2444 uel
967 2399 1018 2444 res
1035 2379 1224 2460 collegantie
1242 2379 1407 2463 naufragio

163 2484 350 2566 perdiderit,
382 2490 436 2548 nut
467 2482 563 2550 fuerit
592 2503 613 2548 a
635 2484 814 2548 latronibus
837 2483 1020 2566 derobatns,
1053 2489 1108 2548 aut
1130 2502 1253 2550 merces
1276 2503 1314 2550 ex
1337 2486 1408 2566 ipsa

164 2587 301 2670 pecunia
332 2595 438 2670 empse
469 2588 660 2670 impulsione
694 2588 776 2671 ignis
807 2592 994 2669 consumpte
1025 2586 1144 2652 fuerint
1174 2594 1208 2653 et
1238 2589 1405 2669 combusta

166 2699 199 2758 et
221 2693 285 2758 hoc
306 2694 459 2775 probetur
480 2712 558 2760 uere
573 2697 608 2758 et
626 2693 766 2774 legitime
781 2711 839 2774 per
862 2693 961 2758 testes
984 2692 1134 2774 ydoneos,
1160 2693 1212 2757 uel
1235 2693 1313 2759 alias
1329 2693 1407 2774 legi-

165 2797 241 2864 time
265 2797 506 2878 comprobetnr;
524 2797 564 2862 de
580 2798 715 2879 pecunia
732 2802 765 2862 et
783 2795 878 2862 rebus
894 2795 1002 2861 taliter
1024 2797 1180 2862 ommissis
1199 2797 1268 2878 ipse
1284 2797 1409 2864 debitor

164 2901 348 2968 nullatenus
364 2907 519 2980 teneatur,
544 2902 589 2966 ita
604 2901 689 2982 quod
706 2899 871 2965 dnmnum¹
895 2911 927 2966 et
949 2898 1071 2966 lucrum
1086 2901 1119 2966 in
1135 2902 1297 2982 societate,
1323 2904 1408 2982 quod

165 3004 351 3089 sunderat
375 3023 433 3088 pro
456 3009 526 3070 reta
549 3009 641 3087 parte
663 3002 728 3069 fiat.

489 3234 557 3280 ost.
579 3235 688 3277 txxw.
711 3235 753 3276 DE
776 3233 1080 3278 nausoemmmus.

147 3303 168 3340 0

208 3352 289 3418 ltcm
313 3357 467 3417 statutum
490 3357 523 3417 et
547 3351 727 3415 ordinatum
751 3355 810 3433 est,
834 3349 919 3430 quod
943 3351 968 3414 si
992 3350 1105 3431 aliquis
1129 3351 1206 3415 ciuis
1223 3347 1406 3432 Spoletinus

164 3454 356 3537 possiderit³
378 3455 515 3536 aliquam
539 3473 606 3520 rem
629 3453 777 3518 stabilem
800 3453 853 3516 uel
876 3452 1068 3518 immobilem
1092 3451 1223 3535 pacifice
1246 3459 1279 3518 et
1299 3454 1407 3535 quiete

162 3577 235 3624 cum
258 3559 365 3641 aliquo
394 3559 479 3624 iusto
501 3559 604 3636 titulo,
629 3563 665 3622 ut
688 3563 765 3640 puta
800 3557 984 3638 emptionis,
1016 3557 1212 3636 donationis,
1244 3564 1405 3639 permuta·

164 3663 272 3740 tionis,
297 3662 350 3727 uel
373 3663 478 3742 aliquo
503 3661 564 3727 alio
586 3661 670 3727 iusto
693 3660 796 3744 titulo,
821 3679 878 3742 pro
902 3679 937 3726 se
960 3666 993 3725 et
1015 3678 1074 3725 sua
1097 3661 1181 3726 inter
1203 3661 1255 3726 se⁴
1278 3665 1311 3727 et
1330 3679 1404 3727 suos

166 3773 315 3832 auctores
346 3772 379 3830 et
408 3771 625 3832 antecessores
651 3784 709 3846 per
732 3763 797 3829 xrrti
829 3783 928 3830 annos
951 3765 1127 3842 continuos
1152 3765 1193 3829 sit
1215 3769 1303 3830 tutus
1326 3765 1404 3848 legi·

165 3872 245 3936 tima
267 3869 515 3951 prescriptione,
545 3870 592 3934 ita
614 3870 699 3950 quod
722 3889 742 3933 a
764 3869 850 3932 nullo
881 3869 984 3950 possit
1016 3875 1128 3949 postea
1159 3868 1322 3934 molestari
1351 3869 1404 3935 uel

160 3974 343 4058 inquietari,
376 3991 434 4038 nec
465 3973 557 4036 alicui
593 3974 789 4054 respondere
813 3977 944 4054 cogatur
967 3990 1063 4053 super
1086 3972 1171 4037 dicta
1192 3973 1402 4054 possessione.

163 4077 197 4142 Si
220 4095 298 4142 uero
323 4075 437 4156 aliquis
472 4077 659 4157 possiderit⁶
691 4076 826 4157 aliquam
860 4095 926 4140 rem
958 4075 1104 4140 stabilem
1136 4076 1188 4140 uel
1211 4075 1403 4142 immobilem

163 4201 221 4263 pro
246 4199 282 4247 se
304 4187 338 4245 et
360 4199 418 4244 sua
440 4178 569 4261 pacifice
592 4187 625 4245 et
648 4181 753 4260 quieto
776 4181 916 4245 interae
940 4185 973 4244 et
994 4199 1069 4245 suos
1092 4184 1239 4244 auctores
1263 4184 1297 4244 et
1314 4185 1403 4245 ante-

162 4303 310 4351 cessores
334 4283 483 4349 continue
506 4303 563 4366 per
585 4285 684 4348 xxxi·
707 4303 815 4362 annos,
841 4285 882 4348 sit
900 4290 989 4349 tutus
1004 4284 1146 4366 legitima
1161 4283 1403 4366 prescriptione,

209 4477 330 4539 ¹coo.
354 4479 459 4540 acad.
492 4479 532 4539 B:
567 4477 775 4554 „dampnum“.
858 4474 1101 4554 'AprLjubs
1141 4476 1256 4551 „damn
1280 4479 1310 4534 et
1332 4477 1404 4535 lucr.

163 4567 242 4642 quod
272 4565 301 4624 in
332 4567 501 4625 societatem
531 4559 709 4624 accideret“.
789 4561 800 4598 ³
827 4563 938 4625 ibin:
966 4563 1180 4640 „possederit“.
1259 4559 1402 4625 ‘ibidt

165 4671 237 4731 „suo
260 4651 435 4712 interesse“.
505 4647 617 4712 ⁵coo
639 4651 735 4713 acad
758 4651 784 4712 Δ
808 4653 837 4710 et
859 4669 907 4729 ap.
930 4650 1057 4727 ujus:
1085 4645 1298 4727 ,marcuerat
