3388 5356
1267 431 1328 498 2³¹7

127 627 253 718 Primo,
277 637 335 704 che
356 636 404 703 sia
425 635 506 703 totto
529 635 726 704 Turremano
750 654 812 703 uuo
834 635 968 720 popular
999 635 1039 703 de
1069 655 1150 706 anno
1182 637 1215 704 in
1245 657 1328 708 anno

82 761 159 809 cum
184 746 377 826 pergamento
400 742 493 810 solito
516 747 549 810 et
572 741 629 809 che
659 761 722 809 uno
752 743 799 808 sia
828 759 891 810 uno
914 757 1004 822 anno,
1037 761 1100 809 non
1122 761 1218 825 possa
1240 763 1327 812 esser

81 847 227 927 l’altro;

128 953 283 1030 secundo,
308 952 364 1018 che
388 951 442 1018 dui
465 950 516 1018 del
539 949 656 1033 populo
680 952 769 1017 siano
791 969 888 1034 sopra
911 949 1159 1018 laeaniticum
1182 953 1255 1019 altri
1273 953 1327 1021 dui

82 1056 185 1124 nobili
212 1056 265 1122 del
286 1056 457 1139 conseglio,
480 1056 491 1120 i
515 1055 589 1138 quod
611 1054 759 1139 populari
781 1072 816 1122 se
837 1053 933 1124 abbis
955 1054 1060 1122 elozer
1082 1074 1140 1138 per
1162 1057 1327 1140 ormegni-

83 1159 145 1228 fico
171 1167 286 1240 conte;

129 1265 242 1345 tertio,
266 1265 324 1331 che
346 1269 431 1331 tutte
454 1261 560 1346 quelle
581 1281 728 1349 persone,
753 1263 811 1330 cho
827 1281 939 1329 auesse
955 1263 1030 1331 beni
1047 1265 1080 1330 in
1095 1265 1203 1346 quella
1218 1272 1327 1334 nostra

84 1369 168 1435 isola
191 1375 227 1436 et
250 1370 308 1436 che
331 1373 475 1434 stesseno
497 1369 530 1432 in
553 1367 634 1436 altre
656 1375 750 1454 terre,
775 1374 802 1434 si
824 1367 921 1434 nobili
944 1368 984 1434 de
1006 1367 1142 1448 Licetne,
1166 1389 1255 1436 come
1271 1391 1326 1438 no-

83 1473 143 1541 bili
166 1474 210 1541 de
233 1474 314 1540 altro
338 1474 442 1558 luogo,
466 1472 523 1538 che
547 1491 610 1538 non
624 1471 752 1540 iossono
768 1472 820 1539 dcl
837 1473 996 1556 conseglio
1013 1473 1053 1539 de
1070 1469 1216 1556 Ourzula,
1234 1477 1328 1544 abbia

86 1582 106 1644 a
128 1577 308 1644 contribnir
330 1577 392 1644 alie
415 1577 544 1661 angaris
566 1577 632 1644 roal
655 1577 706 1644 del
730 1577 857 1659 populo.
1333 1603 1339 1614 ·

131 1681 183 1748 Ad
207 1701 292 1766 quae
314 1682 453 1765 capitula
475 1681 639 1764 rospondit
669 1686 702 1748 et
731 1681 928 1764 prouidendo
959 1683 1071 1749 statuit
1099 1689 1132 1749 et
1156 1685 1324 1772 ordinauit,

88 1787 175 1869 quod
197 1786 463 1869 deturpentur,
488 1787 562 1868 quic
584 1785 688 1853 omnia
710 1787 743 1852 iu
764 1787 840 1868 ipsis
863 1787 1010 1868 capitulis
1034 1788 1116 1853 iuste
1138 1794 1172 1854 ot
1193 1789 1327 1856 honeste

90 1897 182 1972 sunt3
207 1891 395 1958 mandantes
417 1891 508 1956 uobis
531 1889 697 1973 magnifico
729 1890 855 1957 domino
884 1891 1055 1958 Laurentio
1085 1889 1245 1960 Beduario
1275 1911 1327 1959 co·

89 1995 158 2060 miti
181 1995 340 2062 Currulae
362 1995 545 2084 honorando
569 2001 602 2061 et
624 1995 859 2062 successoribus
881 1995 1005 2074 cestrie,
1030 2001 1066 2062 ut
1080 1998 1254 2078 praemissa
1276 2017 1328 2064 ca·

91 2099 193 2182 pitula
217 2100 259 2166 de
281 2107 388 2167 cetero
410 2100 635 2166 inuiolabiliter
658 2100 845 2180 obscructis
876 2099 1102 2182 obseruariquc
1125 2101 1248 2170 iacietis
1270 2104 1329 2170 sub

91 2221 194 2286 poena
217 2204 405 2270 ducatorum
427 2210 552 2271 centum
574 2205 607 2270 in
629 2205 766 2288 proprijs
789 2205 879 2272 bonis
902 2205 1018 2270 uestris
1035 2205 1223 2287 auferenda3
1248 2226 1328 2290 quac

92 2309 219 2390 quidem
244 2309 382 2392 capitula
405 2310 566 2392 registrari
589 2309 629 2374 in.
644 2309 725 2376 libro
747 2309 831 2375 illius
853 2309 1061 2376 cancellariae
1083 2308 1206 2378 facietis
1230 2319 1263 2378 et
1278 2331 1327 2380 re-

93 2414 245 2497 gistratas
267 2415 467 2496 proscntauti
490 2413 624 2480 restitui.

134 2517 253 2586 Datum
277 2517 423 2586 Liesinae
443 2519 487 2602 iij.
512 2518 668 2586 Octobris.
697 2518 813 2602 MDxij.

260 2769 394 2812 mml-
417 2769 539 2813 nmmo
562 2770 743 2814 PBOUISOBIB
766 2767 940 2814 omnum
962 2770 1157 2832 Dudum,

96 2847 242 2919 prohibens
260 2850 456 2906 extructionem
474 2849 571 2906 rhedae
590 2857 617 2906 ct
640 2850 755 2906 aliorum
778 2849 955 2920 lignaminum
979 2866 1029 2921 per
1046 2851 1176 2918 forenses,
1196 2851 1264 2908 benc
1283 2861 1327 2910 ta-

405 2952 467 2992 men
484 2953 534 3008 per
552 2937 730 2995 Curcnlenees
748 2953 809 2994 com
827 2938 884 2994 suis
901 2937 1020 2994 barchin.

138 3077 339 3146 Sebastiam
361 3077 573 3161 destineantur,
597 3101 685 3168 equos
703 3083 854 3166 prouiaor
873 3081 1028 3166 qencrclie
1050 3079 1239 3148 Dalmatico.

143 3219 374 3289 Commettemo
404 3225 424 3288 a
453 3221 507 3286 nui
536 3220 702 3303 magnifico
732 3239 789 3288 ms.
821 3221 963 3288 Loronzo
992 3219 1135 3301 Rodum,
1167 3229 1259 3289 conto
1289 3223 1329 3290 de

101 3323 234 3392 Ourzula
257 3335 291 3394 ct
312 3327 497 3406 successori,
521 3325 578 3394 che
601 3327 641 3392 de
668 3331 775 3393 cetero
798 3344 859 3392 non
882 3325 1022 3409 uogiiate
1045 3325 1102 3391 der
1128 3326 1265 3407 licentia,
1290 3331 1330 3394 nc

103 3441 272 3512 permotter
294 3433 341 3498 sia
363 3433 439 3498 data
461 3451 517 3514 per
539 3433 570 3498 el
592 3431 695 3497 daticr
716 3431 756 3496 ad
780 3429 873 3496 alcun
895 3429 1035 3498 furistier
1057 3435 1197 3496 estrezor
1220 3429 1332 3496 alcuna

102 3537 242 3616 quantitt
265 3537 305 3604 de
335 3537 433 3602 thoda
456 3535 527 3602 faor
550 3536 633 3602 della
662 3537 743 3601 isola
765 3534 805 3600 de
833 3533 971 3600 Ourzula
994 3541 1078 3602 sotto
1106 3553 1191 3617 pens
1213 3535 1252 3601 de
1276 3536 1332 3600 du·

103 3642 161 3706 ceti
189 3641 325 3709 ducente
348 3642 389 3708 ad
417 3641 472 3706 nui
503 3638 659 3724 magnifici
691 3639 777 3706 conti
807 3639 882 3706 nelli
910 3639 1030 3722 proprij
1054 3640 1125 3705 beni
1149 3657 1184 3706 so
1207 3643 1332 3706 coutra-

23 3735 24 3738 ’
103 3742 201 3814 ierete
223 3747 265 3812 da
296 3748 418 3813 esserui
442 3747 528 3826 tolti;
559 3749 611 3810 md
633 3745 734 3811 solnm
758 3743 797 3810 dc
820 3743 952 3828 qualche
980 3744 1108 3810 minima
1132 3744 1276 3826 quantita
1297 3763 1333 3811 se

105 3849 134 3914 ui
163 3856 277 3933 parere
306 3871 364 3936 per
393 3851 527 3934 qualche
555 3849 722 3916 rasoncuol
754 3855 896 3930 cospetto
926 3853 1052 3931 potrete
1075 3848 1133 3914 dar
1162 3848 1332 3915 licentiat

106 3957 197 4036 quelli
218 3958 324 4024 nobeli
347 3965 381 4022 ct
403 3956 549 4040 populari
573 3961 606 4022 et
628 3955 694 4022 cusi
717 3955 905 4040 esequireto.

145 4059 234 4143 Item,
256 4063 315 4130 cho
337 4061 409 4129 altri
440 4061 569 4144 lignami
590 4077 653 4126 non
681 4061 767 4142 possi
788 4077 877 4126 esser
899 4057 1025 4124 estratti
1047 4057 1119 4124 iuor
1147 4055 1232 4124 della
1253 4057 1335 4124 isole

108 4183 160 4246 per
187 4168 276 4246 altri,
306 4169 364 4234 che
393 4187 451 4249 per
479 4165 578 4249 quelli
608 4165 648 4231 de
679 4163 815 4230 Curzula
844 4182 914 4230 cum
942 4163 974 4227 le
1002 4181 1059 4230 sue
1090 4161 1223 4241 barcho,
1247 4167 1332 4228 sotto

108 4269 189 4335 detta
210 4292 292 4354 pena
313 4273 418 4356 giusta
439 4272 462 4338 il
484 4291 541 4338 suo
563 4271 728 4354 priuilegio
750 4271 833 4337 circe
854 4269 902 4336 cio
925 4268 1121 4350 disponente.

148 4375 184 4440 ln
205 4394 337 4458 quorum
361 4375 455 4444 fidem
477 4383 536 4443 etc.

148 4478 262 4548 Datum
284 4481 432 4548 liesinae
454 4483 494 4546 iv.
518 4479 676 4547 Octobris.
702 4477 817 4562 MDxij.
