3396 5402
299 593 366 640 (tn’.
390 595 499 638 xxm.
528 594 685 640 HUBOBUH
708 593 861 640 omr'rdrls
884 593 946 636 NON
969 591 1249 642 TRANSEUNDOBUM.

205 713 287 780 Item
308 713 342 778 in
376 713 488 779 eodem
517 712 693 794 Millesimo,
729 711 839 778 Indict.
863 717 896 778 et
918 711 977 779 die.
1011 711 1131 779 Retulit
1162 713 1237 778 mihi
1270 713 1392 780 notario

153 815 295 884 Scrcbot
318 817 492 900 planariurr,
527 837 561 884 se
584 819 733 884 mandato
757 817 916 900 regiminis
939 817 1062 898 publice
1098 817 1310 900 proclamasse
1333 837 1391 902 per

151 921 229 988 loca
252 929 401 988 consueta
424 923 571 1002 ciuitatis,
594 923 680 1006 quod
703 923 890 1004 quicumque
912 923 1062 990 transiret
1085 923 1166 988 vltra
1193 942 1300 991 muros
1316 923 1390 988 ciui·

151 1026 244 1108 tatis,
268 1027 318 1094 rel
341 1027 489 1093 auxilium
512 1027 602 1094 daret
625 1026 726 1107 alicui,
762 1027 865 1093 soluat
887 1045 1059 1110 yperperos
1079 1045 1148 1091 xxv.
1173 1046 1305 1118 quorum
1327 1047 1390 1095 rne-

152 1130 262 1198 dietas
284 1132 327 1197 sit
348 1131 548 1198 accusatoris.

152 1329 225 1372 GAP.
249 1329 347 1370 XXXV.
381 1329 586 1372 Pnoomuon
617 1329 742 1380 nmquis
771 1328 965 1373 mormossn·
994 1330 1067 1374 ESSE
1100 1331 1237 1374 memnoni
1271 1329 1391 1374 norim

644 1415 902 1459 commmodum.

201 1533 283 1598 Item
306 1533 358 1599 die
381 1533 472 1616 xxviij
497 1533 649 1615 lanuarij.
674 1533 710 1598 In
726 1533 856 1600 consilio
882 1533 1030 1614 generali,
1054 1538 1088 1598 vt
1103 1551 1198 1615 supra
1213 1533 1390 1600 coadunato

152 1637 189 1700 iu
212 1637 364 1718 Ecclesia,
388 1645 422 1703 vt
444 1658 541 1719 supra
563 1643 688 1721 captum
707 1644 740 1703 et
755 1639 918 1704 obtentum
942 1635 1010 1722 fuit,
1035 1637 1119 1718 quod
1134 1637 1240 1719 aliqua
1255 1655 1397 1720 persona,

154 1742 382 1824 cuiuscumque
405 1743 592 1808 conditionis
616 1743 731 1809 existat
753 1741 968 1820 (lurzulenus,
1005 1743 1056 1807 vel
1078 1742 1237 1808 habitator
1257 1743 1289 1808 iu
1313 1742 1390 1810 Our-

151 1847 238 1927 zula,
262 1865 325 1912 non
347 1848 449 1930 possit
470 1865 542 1913 esse
565 1855 751 1929 procurator
773 1847 901 1912 Domini
924 1845 1075 1930 Episcopi
1094 1847 1198 1928 aliquo
1213 1846 1317 1932 modo,
1341 1849 1390 1914 vel

151 1951 283 2033 ingenio
307 1951 365 2018 sub
388 1970 492 2034 poena
514 1951 699 2018 ducatorum
724 1955 849 2018 centurn
868 1952 936 2017 anri
953 1951 1207 2033 applicandorum
1225 1949 1390 2020 Communi

153 2053 331 2135 Gurnnlae3
365 2062 398 2122 et
418 2057 559 2140 regimen
583 2075 639 2138 per
661 2061 890 2122 sacromentum
913 2061 1059 2122 teneatur
1075 2076 1132 2138 per
1158 2056 1390 2138 inquisitionem

151 2160 328 2242 procedere
362 2167 472 2226 contra
493 2166 653 2226 sumentes
684 2179 859 2242 procurem.
895 2160 1119 2244 intelligendo,
1156 2161 1240 2242 quod
1263 2161 1390 2228 cederet

153 2269 269 2330 contra
289 2263 553 2331 communitatem
577 2271 693 2331 elnon
716 2267 748 2330 in
773 2267 852 2348 aliJ's.

413 2461 479 2506 cnr.
503 2463 613 2504 xxxvi.
637 2464 803 2505 sirenosum
826 2464 890 2504 non
912 2441 1135 2506 nmnrruonum.¹

197 2579 280 2644 Item
304 2578 420 2644 eodem·
437 2577 614 2662 Millesimo,
638 2578 813 2644 Indictione
835 2585 868 2646 et
891 2579 942 2644 die
962 2581 1001 2662 xj.
1019 2577 1220 2645 Nouembris.
1243 2579 1280 2644 In
1296 2579 1389 2662 pleno

150 2687 186 2750 et
209 2683 349 2766 generali
383 2683 512 2748 consilio
545 2683 681 2747 ciuitatis
705 2688 738 2748 et
760 2683 881 2748 insulae
905 2681 1075 2762 Curzulae,
1111 2685 1228 2765 inquo
1261 2683 1391 2750 luerunt

150 2787 329 2868 consiliarii
352 2787 446 2869 xlviij.
472 2805 580 2852 eorum
604 2788 727 2852 nemine
750 2787 957 2869 discordante,
982 2794 1108 2870 captum
1131 2788 1200 2868 fuit,
1234 2787 1318 2870 quod
1334 2788 1389 2852 ali-

152 2892 226 2974 quis
249 2891 446 2957 Curzulanus
481 2891 586 2972 aliquo
621 2891 715 2954 modo
739 2910 799 2955 non
823 2893 923 2972 possit
957 2911 1061 2958 emere
1083 2892 1220 2973 aliquam
1255 2911 1389 2970 seruam,

150 2996 207 3064 vel
228 3015 373 3076 seruum,
409 3013 513 3077 poena
548 2995 733 3062 ducatorum
768 2995 1013 3077 quinquaginlo3
1048 2995 1136 3062 saluo
1159 3015 1216 3078 pro
1240 3016 1298 3061 vsu
1321 3016 1388 3078 suo,

100 3163 101 3166 ,
151 3119 216 3168 nec
236 3101 338 3182 possit
359 3119 430 3166 esse
453 3101 619 3182 interpres,
654 3119 711 3165 nec
734 3101 869 3180 aliquam
893 3101 987 3165 ducat
1010 3101 1041 3164 in
1064 3101 1224 3166 ciuitatem
1247 3101 1390 3183 perillus
1461 3133 1466 3144 ·

153 3207 197 3272 de
220 3205 369 3272 Narento.
394 3207 438 3272 Et
461 3206 488 3270 si
510 3205 624 3287 aliquis
647 3207 777 3272 duceret
799 3206 936 3288 aliquam
960 3205 1182 3288 Christianam,
1211 3225 1294 3288 quoe
1316 3226 1388 3290 pro-

149 3312 287 3378 baretur
320 3311 387 3376 iore
412 3311 607 3394 Christiana,
641 3311 793 3378 liberetur
816 3329 873 3392 per
895 3310 1068 3376 Commune
1090 3309 1244 3376 Corsulae
1268 3317 1301 3376 et
1324 3311 1386 3391 ille,

151 3417 209 3499 qui
232 3415 362 3481 duceret
384 3433 463 3495 eam,
487 3416 609 3498 perdat.

422 3596 489 3640 cur.
513 3595 635 3636 xxxvrr.
660 3595 851 3638 pudorosum
873 3597 969 3638 murm
991 3573 1120 3638 rrnros.²

197 3713 279 3778 Item
301 3713 333 3777 in
355 3712 466 3778 eodem
489 3711 621 3776 consilio
653 3717 778 3793 captum
801 3711 877 3790 luit,
910 3712 1001 3793 quod*
1019 3731 1080 3778 uon
1103 3713 1253 3778 obstante
1283 3711 1388 3793 aliquo

151 3823 287 3895 statuto,
310 3817 363 3881 vni
385 3815 536 3881 volumini
559 3819 750 3881 statutorum
773 3823 918 3897 ponatur,
954 3817 1037 3898 quod
1062 3816 1273 3897 unusquisque
1295 3815 1388 3881 homo

151 3921 259 4004 possit
281 3927 316 3986 et
337 3921 442 3988 valeat
471 3921 580 3988 testari
603 3926 636 3986 et
658 3921 689 3986 in
713 3939 770 3986 suo
800 3927 990 3986 testamento
1024 3921 1203 4002 relinquere
1233 3919 1273 3985 ad
1297 3937 1388 3985 suurn

151 4025 288 4102 libitum,
312 4025 385 4106 plus
408 4025 473 4090 filio
496 4024 545 4091 vel
568 4023 649 4106 filijs,
671 4043 764 4106 quarn
780 4023 873 4105 filiae,
898 4025 947 4090 vel
963 4025 1087 4090 filiabus
1103 4026 1177 4090 suis.
1201 4023 1270 4089 Non
1288 4023 1387 4106 possit

150 4137 262 4197 tamen
282 4129 356 4211 plus
376 4131 487 4196 testari
509 4131 561 4194 vui
584 4129 657 4206 lilio,
681 4149 775 4211 quam
798 4129 850 4212 aliJ¹
874 4129 923 4194 vel
948 4129 1027 4212 alijs,
1052 4149 1109 4195 neo
1131 4128 1201 4211 plus
1226 4129 1276 4193 vni
1293 4127 1387 4204 filiae,

150 4253 249 4317 quern
272 4235 353 4316 alijs.

202 4397 213 4430 ¹
230 4397 273 4458 cf.
290 4397 376 4455 eliam
392 4395 511 4453 inferius
527 4411 600 4467 cup.
618 4389 713 4452 CXLI.
731 4393 887 4454 Reform.

201 4481 272 4545 'ct
289 4499 390 4556 capp.
408 4481 536 4541 XXXIX.
553 4483 587 4538 et
603 4480 708 4542 CXLV.
725 4480 869 4540 statuti
884 4483 913 4540 et
928 4499 1004 4554 cap.
1022 4481 1146 4541 CXXXI.
1164 4481 1321 4542 Reform.

196 4575 238 4632 De
253 4571 419 4631 mulieribus
434 4570 486 4627 hoc
501 4569 594 4641 ipsum
617 4571 797 4642 praeceptum
820 4570 921 4640 valere,
944 4586 978 4626 ex
1003 4585 1104 4642 capp.
1129 4569 1187 4629 XL.
1211 4567 1326 4628 LXXV.
1349 4570 1387 4627 et

152 4659 263 4721 CXXX.
280 4656 428 4716 statuti
444 4658 563 4715 constat.

1214 4758 1235 4820 6
1334 4811 1339 4820 ,
