3396 5402
1294 499 1354 566 105

118 715 240 801 incipit,
264 716 348 799 quod
371 735 487 798 comes,
510 717 565 799 qui
586 733 645 798 pro
668 721 810 798 tempore
831 714 935 794 luerit,
959 713 1057 798 eligat
1071 717 1137 780 tres
1151 711 1279 780 ludices
1295 717 1354 778 ete.

118 821 164 887 m
189 821 274 904 qnod
295 822 419 902 nullus,
453 821 508 903 qui
530 820 613 887 foret
633 821 665 886 in
687 821 783 886 tertio
812 819 912 904 gradu
935 824 969 886 et
990 835 1048 884 nec
1071 824 1222 901 cognatus
1255 819 1357 901 possit

119 944 243 1009 ponere
265 926 425 994 bullatas.1
449 924 586 1009 Captum
609 945 666 1008 per
688 925 890 1007 ballotaslvj.
914 925 1091 990 contrarios
1106 942 1182 990 uero
1198 928 1355 1006 quattuor.

341 1141 407 1184 OAP.
431 1141 500 1183 exn.
524 1141 625 1183 §mh
647 1140 793 1198 EIAEO'I'US,
817 1140 872 1192 0111
893 1139 957 1182 NON
978 1138 1144 1182 Rfflllflss'.

165 1259 249 1326 Item
270 1260 357 1325 rudit
378 1277 461 1343 pars,
485 1260 512 1323 si
536 1258 661 1324 videtur
682 1257 823 1342 consilio,
846 1257 930 1338 quud
949 1257 1018 1338 ille*
1041 1259 1094 1339 qui
1116 1257 1214 1324 luerit
1236 1257 1357 1324 electus

123 1383 181 1446 per
204 1363 359 1430 electores
380 1364 412 1428 in
434 1380 632 1446 quocumque
654 1361 757 1430 officio
780 1369 813 1430 et
835 1363 1003 1446 praecipue
1019 1364 1051 1428 in
1067 1360 1169 1430 officio
1191 1363 1356 1443 iudicatus,

125 1468 202 1550 quid
225 1469 322 1536 semel
344 1486 403 1550 pro
425 1485 472 1548 eo,
497 1470 550 1550 qui
573 1469 634 1534 erit
655 1468 785 1547 electus,
810 1474 945 1550 ponatur
962 1486 1035 1550 pars
1050 1469 1083 1532 in
1098 1468 1227 1534 consilio
1243 1473 1278 1535 et
1292 1487 1354 1535 non

127 1572 200 1655 plns
223 1572 317 1640 modo
340 1572 454 1656 aliquo.
479 1571 615 1654 Captum
636 1590 695 1655 per
717 1573 851 1638 bellotae
873 1572 978 1655 nlriij.²
1002 1574 1177 1639 contrariae
1199 1573 1261 1655 xiij.

375 1804 441 1848 ono.
466 1803 546 1846 exnr.
571 1803 738 1848 sennonem
761 1805 823 1847 uon
846 1781 1111 1848 unsunnnonnnr.²

167 1921 251 1987 ltem
272 1921 305 1986 in
328 1922 440 1987 eodem
462 1921 628 1987 Millesimo
652 1928 685 1987 et
707 1922 890 2001 Indictione,
915 1923 966 1988 die
989 1941 1063 1989 vero
1082 1923 1121 1988 ix.
1138 1924 1255 1988 mensis
1270 1922 1356 2005 Maij.

126 2025 273 2110 Captum,
298 2026 462 2092 obtentum
484 2033 518 2092 et
539 2025 696 2093 firmatum
720 2026 789 2107 fuit,
813 2028 898 2109 quod
920 2028 1032 2093 amodo
1048 2028 1080 2092 in
1096 2033 1190 2092 antea
1204 2029 1231 2092 si
1246 2027 1359 2109 aliquis

125 2131 218 2198 homo
241 2133 466 2212 cuiuscumque
488 2131 623 2215 generis,
647 2133 775 2214 gradm,
799 2151 890 2198 sexus
913 2137 948 2197 et
969 2132 1167 2217 conditionis
1191 2139 1256 2198 tam
1280 2131 1358 2196 Gur-

126 2237 267 2309 zulanus,
304 2255 397 2319 quam
420 2235 556 2302 forensis
577 2236 740 2303 habitator
762 2235 917 2302 Curzulae
939 2237 1059 2304 laceret
1081 2237 1270 2304 mercantias
1293 2256 1358 2304 ser-

127 2360 248 2425 uorum,
273 2357 469 2422 quocumque
490 2342 591 2420 modo,
616 2341 665 2406 vei
688 2341 823 2425 ingenio,
853 2341 902 2406 vel
926 2348 1010 2408 esset
1031 2343 1162 2422 miscite,
1185 2348 1242 2408 nut
1263 2342 1360 2408 inter·

126 2463 208 2528 pres,
233 2446 286 2512 uel
309 2445 444 2528 scriptor
466 2445 642 2510 litterarum
666 2446 821 2511 dictorum
845 2464 1017 2524 seruorum,
1041 2465 1097 2512 seu
1113 2465 1287 2526 seruatum,
1311 2447 1359 2512 vel

129 2550 220 2617 dator
250 2551 346 2635 sigilli
368 2549 549 2617 Communis
573 2549 728 2616 Curznloe
751 2551 833 2616 etsi
856 2550 969 2636 uliquis
1000 2551 1148 2618 inuentus
1170 2550 1266 2618 inerit
1288 2568 1360 2617 con-

127 2655 280 2722 trafactor
301 2655 395 2720 huius
417 2655 463 2722 rei
486 2660 519 2719 et
541 2655 690 2720 inuentus
713 2662 746 2721 et
767 2661 934 2722 accusatus
957 2655 1053 2722 fuerit
1075 2663 1108 2724 et
1129 2657 1296 2740 probatum
1319 2657 1361 2721 ad

133 2760 234 2825 minus
254 2777 312 2842 per
334 2760 413 2826 duos
437 2760 568 2826 idoneos
591 2765 700 2845 testes,
723 2761 772 2828 vel
796 2781 852 2842 per
870 2761 1026 2843 publicem
1042 2760 1157 2827 lamam
1179 2761 1240 2828 erit
1261 2761 1360 2826 mani-

132 2863 262 2948 festum,
298 2865 431 2946 quilibet
469 2870 616 2931 teneatur
654 2867 777 2932 soluere
816 2865 1135 2932 irremissionabiliter
1173 2865 1356 2931 ducatorum

133 2976 257 3034 centum
280 2970 365 3047 auri,
400 2987 533 3050 quornm
556 2970 637 3036 duee
659 2977 766 3052 partes
788 2972 850 3036 sint
872 2976 905 3034 et
927 2989 996 3036 esse
1020 2971 1158 3036 debeant
1180 2969 1361 3037 Communis
1397 3019 1415 3036 ,

134 3071 288 3139 Gurzulee
311 3073 497 3154 etreliqua,
528 3075 675 3142 videlicet
696 3076 791 3142 tertia
813 3093 901 3157 pam,-
920 3076 962 3140 sit
984 3081 1016 3141 et
1038 3094 1109 3142 esse
1133 3075 1248 3141 debeat
1270 3093 1360 3141 accu-

21 3265 22 3270 Ὶ
132 3179 244 3242 satoris
268 3177 360 3244 huius
383 3179 538 3259 criminis3
562 3185 595 3245 et
616 3180 708 3246 istem
723 3186 854 3263 partem,
874 3198 929 3246 seu
944 3179 1199 3246 reformationem
1217 3179 1361 3246 volumus
1413 3263 1414 3267 Ἰ

134 3283 244 3349 amodo
268 3283 300 3346 in
322 3289 417 3350 antee
438 3302 496 3366 pro
518 3287 660 3366 praeciso
684 3291 803 3352 statuto
826 3304 951 3368 semper
972 3285 1108 3364 habere3
1142 3291 1175 3352 et
1197 3284 1223 3350 si
1245 3284 1360 3366 aliquis

21 3429 23 3450 2
133 3404 193 3452 non
220 3385 356 3455 haberet
384 3387 466 3454 vnde
496 3390 637 3470 soluere,
666 3409 777 3456 monus
816 3387 992 3456 'dextera
1027 3390 1064 3454 ei
1098 3389 1364 3472 amputatum.

135 3491 175 3558 Et
193 3492 254 3560 hoc
275 3497 430 3559 statutum
453 3494 615 3562 obtentum
638 3501 671 3562 ct
692 3494 849 3561 firmatum
872 3493 933 3560 luit
954 3511 1012 3577 per
1033 3493 1167 3562 ballotas
1189 3492 1265 3574 lviij.
1287 3511 1361 3558 con·

21 3687 22 3692 ἵ
133 3596 247 3666 trasiae
270 3615 345 3664 vero
369 3598 412 3681 iij.

276 3829 344 3873 OAP·
369 3831 462 3874 011111.
486 3829 642 3875 ommim
663 3832 727 3874 NON
749 3831 873 3876 Possm
896 3831 995 3874 ΕΤΔΒΕ
1016 3833 1050 3874 nt
1073 3830 1223 3875 cunzmtd.

172 3945 252 4012 Item
276 3947 364 4014 vadit
385 3965 459 4030 pars
482 3949 509 4014 si
531 3949 658 4015 videtur
683 3948 821 4028 consilio,
845 3947 931 4030 quod
955 3964 1062 4015 omnes
1085 3955 1118 4013 et
1140 3945 1254 4031 singuli
1270 3945 1362 4013 Cata·

21 4117 22 4144 3
135 4049 249 4118 laniet
271 4052 368 4117 etiam
391 4051 539 4139 siciliani,
577 4055 629 4136 qui
652 4053 797 4120 venirent
818 4053 859 4120 ad
880 4052 962 4119 hono
984 4053 1153 4135 ciuitatem,
1187 4049 1365 4134 specialiter

21 4193 23 4204 „
137 4171 192 4236 pro
214 4155 298 4222 facto
319 4159 443 4224 emendi
466 4176 639 4238 seruorum,
663 4159 843 4225 nullatenus
865 4159 987 4241 possint
1008 4157 1058 4223 hic
1079 4159 1111 4224 in
1134 4156 1262 4222 ciuitate
1286 4153 1364 4222 Cur·

21 4253 24 4268 ²
135 4259 220 4326 rulec
243 4267 277 4326 et
299 4279 356 4328 nec
377 4265 409 4330 in
430 4263 535 4328 insula
556 4263 682 4344 morari,
706 4263 766 4328 nisi
789 4263 874 4346 quod
897 4265 924 4330 si
947 4261 1103 4329 voluerint
1124 4278 1230 4328 smero
1250 4278 1365 4344 panem

178 4453 189 4489 ¹
205 4457 245 4518 cf.
263 4475 351 4532 snpra
366 4475 440 4532 cap.
458 4457 607 4518 cmlv.
625 4457 785 4520 Reform.

180 4541 248 4605 Ἥ.
265 4562 353 4620 snpra
366 4563 440 4620 cop.
458 4543 589 4606 XXXVI.
605 4544 765 4604 Reform.

185 4627 294 4692 ³Doost
307 4633 339 4692 in
355 4635 409 4693 ed.
426 4632 511 4693 Ven.
528 4632 720 4708 Apposnimus
735 4633 837 4693 verbs:
860 4633 1017 4692 dextera
1040 4631 1092 4690 etc.
1109 4629 1176 4704 quis
1190 4629 1321 4706 pluribus
1336 4629 1365 4689 in

140 4716 203 4778 locis
218 4719 322 4781 Stetnti
338 4738 371 4780 nc
386 4720 509 4780 Reform.
527 4736 616 4794 poena
630 4721 720 4780 maior
735 4719 897 4795 pecuniario
912 4717 1063 4794 perditioni
1075 4735 1175 4777 manns
1186 4719 1300 4778 dextrae
1312 4733 1363 4792 par

21 4895 22 4904 ἵ
140 4805 252 4879 ponitur.
