<?xml version="1.0" encoding="UTF-8"?>
<!DOCTYPE html PUBLIC "-//W3C//DTD XHTML 1.0 Transitional//EN"
    "http://www.w3.org/TR/xhtml1/DTD/xhtml1-transitional.dtd">
<html xmlns="http://www.w3.org/1999/xhtml" xml:lang="en" lang="en">
 <head>
  <title>
</title>
<meta http-equiv="Content-Type" content="text/html;charset=utf-8" />
  <meta name='ocr-system' content='tesseract 3.04.00' />
  <meta name='ocr-capabilities' content='ocr_page ocr_carea ocr_par ocr_line ocrx_word'/>
</head>
<body>
  <div class='ocr_page' id='page_1' title='image "./statutaetlegesc00yuggoog_0430.png"; bbox 0 0 3436 5362; ppageno 0'>
   <div class='ocr_carea' id='block_1_1' title="bbox 274 471 315 533">
    <p class='ocr_par' dir='ltr' id='par_1_1' title="bbox 274 471 315 533">
     <span class='ocr_line' id='line_1_1' title="bbox 274 471 315 533; baseline 0.098 -4"><span class='ocrx_word' id='word_1_1' title='bbox 274 471 315 533; x_wconf 80' lang='lat'>70</span> 
     </span>
    </p>
   </div>
   <div class='ocr_carea' id='block_1_2' title="bbox 270 668 1521 4170">
    <p class='ocr_par' dir='ltr' id='par_1_2' title="bbox 270 668 1515 1064">
     <span class='ocr_line' id='line_1_2' title="bbox 271 668 1512 750; baseline -0.002 -14"><span class='ocrx_word' id='word_1_2' title='bbox 271 671 324 738; x_wconf 87' lang='lat' dir='ltr'>uel</span> <span class='ocrx_word' id='word_1_3' title='bbox 346 689 473 737; x_wconf 90' lang='lat' dir='ltr'>sorores</span> <span class='ocrx_word' id='word_1_4' title='bbox 496 668 649 746; x_wconf 88' lang='lat' dir='ltr'>carnales,</span> <span class='ocrx_word' id='word_1_5' title='bbox 674 669 726 734; x_wconf 90' lang='lat' dir='ltr'>uel</span> <span class='ocrx_word' id='word_1_6' title='bbox 742 668 853 737; x_wconf 84' lang='lat' dir='ltr'>etiam¹</span> <span class='ocrx_word' id='word_1_7' title='bbox 870 668 1084 748; x_wconf 88' lang='lat' dir='ltr'>consobrinos,</span> <span class='ocrx_word' id='word_1_8' title='bbox 1110 669 1162 734; x_wconf 90' lang='lat' dir='ltr'>uel</span> <span class='ocrx_word' id='word_1_9' title='bbox 1178 673 1331 750; x_wconf 85' lang='lat' dir='ltr'>cognatos</span> <span class='ocrx_word' id='word_1_10' title='bbox 1355 669 1512 748; x_wconf 88' lang='lat' dir='ltr'>carnales,</span> 
     </span>
     <span class='ocr_line' id='line_1_3' title="bbox 270 772 1515 856; baseline -0.002 -16"><span class='ocrx_word' id='word_1_11' title='bbox 270 776 322 840; x_wconf 89' lang='lat' dir='ltr'>nel</span> <span class='ocrx_word' id='word_1_12' title='bbox 346 793 503 856; x_wconf 85' lang='lat' dir='ltr'>generos,</span> <span class='ocrx_word' id='word_1_13' title='bbox 537 775 621 839; x_wconf 92' lang='lat' dir='ltr'>iuter</span> <span class='ocrx_word' id='word_1_14' title='bbox 655 792 734 855; x_wconf 88' lang='lat' dir='ltr'>quos</span> <span class='ocrx_word' id='word_1_15' title='bbox 764 778 878 856; x_wconf 89' lang='lat' dir='ltr'>postea</span> <span class='ocrx_word' id='word_1_16' title='bbox 909 773 1124 838; x_wconf 82' lang='lat' dir='ltr'>reconciliatio</span> <span class='ocrx_word' id='word_1_17' title='bbox 1155 772 1291 852; x_wconf 77' lang='lat' dir='ltr'>amicitie</span> <span class='ocrx_word' id='word_1_18' title='bbox 1322 789 1385 838; x_wconf 93' lang='lat' dir='ltr'>non</span> <span class='ocrx_word' id='word_1_19' title='bbox 1417 772 1515 838; x_wconf 87' lang='lat' dir='ltr'>intar-</span> 
     </span>
     <span class='ocr_line' id='line_1_4' title="bbox 270 874 1513 959; baseline -0.002 -16"><span class='ocrx_word' id='word_1_20' title='bbox 270 878 408 959; x_wconf 87' lang='lat' dir='ltr'>uenerit,</span> <span class='ocrx_word' id='word_1_21' title='bbox 431 883 487 943; x_wconf 91' lang='lat' dir='ltr'>aut</span> <span class='ocrx_word' id='word_1_22' title='bbox 509 879 536 943; x_wconf 93' lang='lat' dir='ltr'>si</span> <span class='ocrx_word' id='word_1_23' title='bbox 559 878 622 957; x_wconf 81' lang='lat' dir='ltr'>aliq</span> <span class='ocrx_word' id='word_1_24' title='bbox 645 876 808 956; x_wconf 77' lang='lat' dir='ltr'>inimicitie</span> <span class='ocrx_word' id='word_1_25' title='bbox 833 876 987 958; x_wconf 77' lang='lat' dir='ltr'>capitales</span> <span class='ocrx_word' id='word_1_26' title='bbox 1011 874 1197 941; x_wconf 73' lang='lat' dir='ltr'>uideantnr²</span> <span class='ocrx_word' id='word_1_27' title='bbox 1219 876 1376 957; x_wconf 77' lang='lat' dir='ltr'>potestati</span> <span class='ocrx_word' id='word_1_28' title='bbox 1398 881 1431 942; x_wconf 90' lang='lat' dir='ltr'>et</span> <span class='ocrx_word' id='word_1_29' title='bbox 1452 893 1513 956; x_wconf 78' lang='lat' dir='ltr'>sue</span> 
     </span>
     <span class='ocr_line' id='line_1_5' title="bbox 272 979 1149 1064; baseline -0.002 -17"><span class='ocrx_word' id='word_1_30' title='bbox 272 983 360 1060; x_wconf 83' lang='lat' dir='ltr'>curie</span> <span class='ocrx_word' id='word_1_31' title='bbox 383 1000 455 1047; x_wconf 90' lang='lat' dir='ltr'>esse</span> <span class='ocrx_word' id='word_1_32' title='bbox 477 981 617 1064; x_wconf 85' lang='lat' dir='ltr'>legitime</span> <span class='ocrx_word' id='word_1_33' title='bbox 640 980 682 1045; x_wconf 90' lang='lat' dir='ltr'>ad</span> <span class='ocrx_word' id='word_1_34' title='bbox 704 981 791 1061; x_wconf 90' lang='lat' dir='ltr'>ipsos</span> <span class='ocrx_word' id='word_1_35' title='bbox 813 985 916 1046; x_wconf 86' lang='lat' dir='ltr'>testes</span> <span class='ocrx_word' id='word_1_36' title='bbox 937 979 1149 1060; x_wconf 88' lang='lat' dir='ltr'>repellendos.</span> 
     </span>
    </p>

    <p class='ocr_par' dir='ltr' id='par_1_3' title="bbox 271 1081 1515 1357">
     <span class='ocr_line' id='line_1_6' title="bbox 315 1081 1515 1166; baseline -0.001 -18"><span class='ocrx_word' id='word_1_37' title='bbox 315 1083 360 1148; x_wconf 86' lang='lat' dir='ltr'>Et</span> <span class='ocrx_word' id='word_1_38' title='bbox 389 1085 523 1166; x_wconf 86' lang='lat' dir='ltr'>quilibet</span> <span class='ocrx_word' id='word_1_39' title='bbox 552 1085 713 1150; x_wconf 79' lang='lat' dir='ltr'>noninare</span> <span class='ocrx_word' id='word_1_40' title='bbox 743 1089 844 1149; x_wconf 86' lang='lat' dir='ltr'>testes</span> <span class='ocrx_word' id='word_1_41' title='bbox 875 1089 1023 1150; x_wconf 86' lang='lat' dir='ltr'>teneatur</span> <span class='ocrx_word' id='word_1_42' title='bbox 1054 1082 1103 1148; x_wconf 82' lang='lat' dir='ltr'>et⁸</span> <span class='ocrx_word' id='word_1_43' title='bbox 1131 1081 1236 1164; x_wconf 82' lang='lat' dir='ltr'>facere</span> <span class='ocrx_word' id='word_1_44' title='bbox 1266 1083 1361 1148; x_wconf 82' lang='lat' dir='ltr'>scribi</span> <span class='ocrx_word' id='word_1_45' title='bbox 1383 1083 1515 1148; x_wconf 89' lang='lat' dir='ltr'>nomina</span> 
     </span>
     <span class='ocr_line' id='line_1_7' title="bbox 272 1185 1514 1272; baseline 0 -20"><span class='ocrx_word' id='word_1_46' title='bbox 272 1188 414 1269; x_wconf 91' lang='lat' dir='ltr'>ipsorum</span> <span class='ocrx_word' id='word_1_47' title='bbox 445 1189 575 1254; x_wconf 89' lang='lat' dir='ltr'>testium</span> <span class='ocrx_word' id='word_1_48' title='bbox 605 1189 637 1252; x_wconf 92' lang='lat' dir='ltr'>in</span> <span class='ocrx_word' id='word_1_49' title='bbox 669 1187 765 1272; x_wconf 89' lang='lat' dir='ltr'>actis,</span> <span class='ocrx_word' id='word_1_50' title='bbox 790 1194 957 1269; x_wconf 88' lang='lat' dir='ltr'>autequam</span> <span class='ocrx_word' id='word_1_51' title='bbox 988 1186 1049 1268; x_wconf 89' lang='lat' dir='ltr'>ipsi</span> <span class='ocrx_word' id='word_1_52' title='bbox 1077 1191 1178 1253; x_wconf 89' lang='lat' dir='ltr'>testes</span> <span class='ocrx_word' id='word_1_53' title='bbox 1200 1185 1338 1252; x_wconf 85' lang='lat' dir='ltr'>nitentur</span> <span class='ocrx_word' id='word_1_54' title='bbox 1360 1186 1401 1251; x_wconf 88' lang='lat' dir='ltr'>ad</span> <span class='ocrx_word' id='word_1_55' title='bbox 1424 1186 1514 1252; x_wconf 88' lang='lat' dir='ltr'>testi-</span> 
     </span>
     <span class='ocr_line' id='line_1_8' title="bbox 271 1293 420 1357; baseline 0 -1"><span class='ocrx_word' id='word_1_56' title='bbox 271 1293 420 1357; x_wconf 89' lang='lat' dir='ltr'>monium.</span> 
     </span>
    </p>

    <p class='ocr_par' dir='ltr' id='par_1_4' title="bbox 272 1392 1518 2097">
     <span class='ocr_line' id='line_1_9' title="bbox 315 1392 1513 1476; baseline -0.002 -16"><span class='ocrx_word' id='word_1_57' title='bbox 315 1396 360 1461; x_wconf 90' lang='lat' dir='ltr'>Et</span> <span class='ocrx_word' id='word_1_58' title='bbox 382 1397 414 1459; x_wconf 93' lang='lat' dir='ltr'>in</span> <span class='ocrx_word' id='word_1_59' title='bbox 437 1414 536 1460; x_wconf 90' lang='lat' dir='ltr'>causa</span> <span class='ocrx_word' id='word_1_60' title='bbox 559 1395 644 1460; x_wconf 91' lang='lat' dir='ltr'>ciuili</span> <span class='ocrx_word' id='word_1_61' title='bbox 667 1411 768 1476; x_wconf 91' lang='lat' dir='ltr'>usque</span> <span class='ocrx_word' id='word_1_62' title='bbox 791 1393 832 1459; x_wconf 89' lang='lat' dir='ltr'>ad</span> <span class='ocrx_word' id='word_1_63' title='bbox 855 1392 1066 1473; x_wconf 87' lang='lat' dir='ltr'>quantitatem</span> <span class='ocrx_word' id='word_1_64' title='bbox 1096 1413 1116 1457; x_wconf 84' lang='lat' dir='ltr'><strong>x</strong></span> <span class='ocrx_word' id='word_1_65' title='bbox 1139 1394 1291 1459; x_wconf 88' lang='lat' dir='ltr'>librarum</span> <span class='ocrx_word' id='word_1_66' title='bbox 1311 1393 1513 1460; x_wconf 87' lang='lat' dir='ltr'>Venetorum</span> 
     </span>
     <span class='ocr_line' id='line_1_10' title="bbox 273 1495 1516 1582; baseline -0.002 -18"><span class='ocrx_word' id='word_1_67' title='bbox 273 1517 443 1582; x_wconf 84' lang='lat' dir='ltr'>paruarum</span> <span class='ocrx_word' id='word_1_68' title='bbox 475 1497 612 1564; x_wconf 90' lang='lat' dir='ltr'>sufficiat</span> <span class='ocrx_word' id='word_1_69' title='bbox 643 1497 762 1562; x_wconf 89' lang='lat' dir='ltr'>dictum</span> <span class='ocrx_word' id='word_1_70' title='bbox 793 1503 826 1561; x_wconf 91' lang='lat' dir='ltr'>et</span> <span class='ocrx_word' id='word_1_71' title='bbox 847 1497 1063 1564; x_wconf 87' lang='lat' dir='ltr'>testimonium</span> <span class='ocrx_word' id='word_1_72' title='bbox 1086 1497 1179 1562; x_wconf 90' lang='lat' dir='ltr'>unius</span> <span class='ocrx_word' id='word_1_73' title='bbox 1201 1497 1294 1563; x_wconf 88' lang='lat' dir='ltr'>testis</span> <span class='ocrx_word' id='word_1_74' title='bbox 1317 1498 1400 1577; x_wconf 82' lang='lat' dir='ltr'>bouq</span> <span class='ocrx_word' id='word_1_75' title='bbox 1424 1495 1516 1576; x_wconf 76' lang='lat' dir='ltr'>fame</span> 
     </span>
     <span class='ocr_line' id='line_1_11' title="bbox 275 1599 1516 1686; baseline -0.003 -18"><span class='ocrx_word' id='word_1_76' title='bbox 275 1608 308 1668; x_wconf 91' lang='lat' dir='ltr'>et</span> <span class='ocrx_word' id='word_1_77' title='bbox 330 1603 413 1683; x_wconf 80' lang='lat' dir='ltr'>bouq</span> <span class='ocrx_word' id='word_1_78' title='bbox 438 1601 604 1686; x_wconf 87' lang='lat' dir='ltr'>opinionis,</span> <span class='ocrx_word' id='word_1_79' title='bbox 629 1601 683 1683; x_wconf 93' lang='lat' dir='ltr'>qui</span> <span class='ocrx_word' id='word_1_80' title='bbox 705 1600 802 1666; x_wconf 84' lang='lat' dir='ltr'>fuerit</span> <span class='ocrx_word' id='word_1_81' title='bbox 824 1618 957 1681; x_wconf 79' lang='lat' dir='ltr'>presens</span> <span class='ocrx_word' id='word_1_82' title='bbox 981 1605 1014 1665; x_wconf 89' lang='lat' dir='ltr'>et</span> <span class='ocrx_word' id='word_1_83' title='bbox 1036 1600 1089 1682; x_wconf 92' lang='lat' dir='ltr'>qui</span> <span class='ocrx_word' id='word_1_84' title='bbox 1112 1619 1175 1665; x_wconf 90' lang='lat' dir='ltr'>non</span> <span class='ocrx_word' id='word_1_85' title='bbox 1197 1599 1374 1682; x_wconf 88' lang='lat' dir='ltr'>repellatur</span> <span class='ocrx_word' id='word_1_86' title='bbox 1389 1619 1409 1665; x_wconf 88' lang='lat' dir='ltr'>a</span> <span class='ocrx_word' id='word_1_87' title='bbox 1423 1602 1516 1666; x_wconf 84' lang='lat' dir='ltr'>testi-</span> 
     </span>
     <span class='ocr_line' id='line_1_12' title="bbox 273 1704 1518 1785; baseline 0 -17"><span class='ocrx_word' id='word_1_88' title='bbox 273 1706 379 1770; x_wconf 91' lang='lat' dir='ltr'>monio</span> <span class='ocrx_word' id='word_1_89' title='bbox 403 1705 510 1785; x_wconf 91' lang='lat' dir='ltr'>aliqua</span> <span class='ocrx_word' id='word_1_90' title='bbox 539 1724 577 1769; x_wconf 85' lang='lat' dir='ltr'>ex</span> <span class='ocrx_word' id='word_1_91' title='bbox 607 1705 759 1785; x_wconf 79' lang='lat' dir='ltr'>predictis</span> <span class='ocrx_word' id='word_1_92' title='bbox 782 1704 906 1783; x_wconf 87' lang='lat' dir='ltr'>causis,</span> <span class='ocrx_word' id='word_1_93' title='bbox 938 1705 990 1770; x_wconf 90' lang='lat' dir='ltr'>uel</span> <span class='ocrx_word' id='word_1_94' title='bbox 1021 1704 1152 1770; x_wconf 79' lang='lat' dir='ltr'>inferius</span> <span class='ocrx_word' id='word_1_95' title='bbox 1176 1705 1391 1783; x_wconf 84' lang='lat' dir='ltr'>declarandis3</span> <span class='ocrx_word' id='word_1_96' title='bbox 1427 1704 1518 1769; x_wconf 87' lang='lat' dir='ltr'>cuius</span> 
     </span>
     <span class='ocr_line' id='line_1_13' title="bbox 272 1806 1517 1891; baseline -0.002 -17"><span class='ocrx_word' id='word_1_97' title='bbox 272 1809 489 1874; x_wconf 88' lang='lat' dir='ltr'>testimonium</span> <span class='ocrx_word' id='word_1_98' title='bbox 513 1806 649 1873; x_wconf 80' lang='lat' dir='ltr'>sufficiat</span> <span class='ocrx_word' id='word_1_99' title='bbox 671 1809 703 1872; x_wconf 91' lang='lat' dir='ltr'>in</span> <span class='ocrx_word' id='word_1_100' title='bbox 727 1825 824 1873; x_wconf 88' lang='lat' dir='ltr'>causa</span> <span class='ocrx_word' id='word_1_101' title='bbox 847 1807 941 1886; x_wconf 89' lang='lat' dir='ltr'>ciuili,</span> <span class='ocrx_word' id='word_1_102' title='bbox 964 1809 1033 1874; x_wconf 88' lang='lat' dir='ltr'>siue</span> <span class='ocrx_word' id='word_1_103' title='bbox 1056 1809 1088 1872; x_wconf 93' lang='lat' dir='ltr'>in</span> <span class='ocrx_word' id='word_1_104' title='bbox 1112 1809 1226 1891; x_wconf 90' lang='lat' dir='ltr'>dando,</span> <span class='ocrx_word' id='word_1_105' title='bbox 1257 1808 1327 1874; x_wconf 91' lang='lat' dir='ltr'>siue</span> <span class='ocrx_word' id='word_1_106' title='bbox 1355 1809 1388 1872; x_wconf 93' lang='lat' dir='ltr'>in</span> <span class='ocrx_word' id='word_1_107' title='bbox 1423 1807 1517 1874; x_wconf 90' lang='lat' dir='ltr'>resti-</span> 
     </span>
     <span class='ocr_line' id='line_1_14' title="bbox 274 1912 1518 1994; baseline -0.001 -16"><span class='ocrx_word' id='word_1_108' title='bbox 274 1913 393 1979; x_wconf 90' lang='lat' dir='ltr'>tuendo</span> <span class='ocrx_word' id='word_1_109' title='bbox 416 1930 487 1976; x_wconf 90' lang='lat' dir='ltr'>cum</span> <span class='ocrx_word' id='word_1_110' title='bbox 509 1913 705 1976; x_wconf 78' lang='lat' dir='ltr'>iuramento⁴</span> <span class='ocrx_word' id='word_1_111' title='bbox 729 1912 843 1993; x_wconf 86' lang='lat' dir='ltr'>partis,</span> <span class='ocrx_word' id='word_1_112' title='bbox 865 1930 927 1993; x_wconf 84' lang='lat' dir='ltr'>quq</span> <span class='ocrx_word' id='word_1_113' title='bbox 944 1913 1153 1978; x_wconf 83' lang='lat' dir='ltr'>introduxerit</span> <span class='ocrx_word' id='word_1_114' title='bbox 1167 1914 1270 1994; x_wconf 92' lang='lat' dir='ltr'>ipsum</span> <span class='ocrx_word' id='word_1_115' title='bbox 1286 1917 1399 1978; x_wconf 86' lang='lat' dir='ltr'>testem</span> <span class='ocrx_word' id='word_1_116' title='bbox 1414 1929 1518 1992; x_wconf 90' lang='lat' dir='ltr'>usque</span> 
     </span>
     <span class='ocr_line' id='line_1_15' title="bbox 274 2016 759 2097; baseline -0.002 -15"><span class='ocrx_word' id='word_1_117' title='bbox 274 2016 316 2082; x_wconf 88' lang='lat' dir='ltr'>ad</span> <span class='ocrx_word' id='word_1_118' title='bbox 338 2017 548 2097; x_wconf 80' lang='lat' dir='ltr'>quantitatem</span> <span class='ocrx_word' id='word_1_119' title='bbox 573 2016 759 2097; x_wconf 78' lang='lat' dir='ltr'>predictam.</span> 
     </span>
    </p>

    <p class='ocr_par' dir='ltr' id='par_1_5' title="bbox 274 2117 1520 2391">
     <span class='ocr_line' id='line_1_16' title="bbox 319 2117 1520 2199; baseline -0.002 -15"><span class='ocrx_word' id='word_1_120' title='bbox 319 2117 382 2184; x_wconf 84' lang='lat' dir='ltr'>Sed</span> <span class='ocrx_word' id='word_1_121' title='bbox 405 2138 425 2184; x_wconf 90' lang='lat' dir='ltr'>a</span> <span class='ocrx_word' id='word_1_122' title='bbox 448 2119 558 2185; x_wconf 88' lang='lat' dir='ltr'>decem</span> <span class='ocrx_word' id='word_1_123' title='bbox 581 2118 671 2184; x_wconf 91' lang='lat' dir='ltr'>libris</span> <span class='ocrx_word' id='word_1_124' title='bbox 694 2136 791 2199; x_wconf 92' lang='lat' dir='ltr'>supra</span> <span class='ocrx_word' id='word_1_125' title='bbox 813 2135 916 2199; x_wconf 89' lang='lat' dir='ltr'>nsque</span> <span class='ocrx_word' id='word_1_126' title='bbox 940 2117 981 2183; x_wconf 91' lang='lat' dir='ltr'>ad</span> <span class='ocrx_word' id='word_1_127' title='bbox 1003 2118 1070 2182; x_wconf 61' lang='lat' dir='ltr'>xxi*</span> <span class='ocrx_word' id='word_1_128' title='bbox 1094 2119 1136 2184; x_wconf 91' lang='lat' dir='ltr'>ad</span> <span class='ocrx_word' id='word_1_129' title='bbox 1158 2119 1261 2184; x_wconf 90' lang='lat' dir='ltr'>minus</span> <span class='ocrx_word' id='word_1_130' title='bbox 1284 2135 1355 2186; x_wconf 89' lang='lat' dir='ltr'>esse</span> <span class='ocrx_word' id='word_1_131' title='bbox 1377 2117 1520 2184; x_wconf 89' lang='lat' dir='ltr'>debeant</span> 
     </span>
     <span class='ocr_line' id='line_1_17' title="bbox 275 2219 1519 2305; baseline -0.002 -18"><span class='ocrx_word' id='word_1_132' title='bbox 275 2222 338 2288; x_wconf 93' lang='lat' dir='ltr'>duo</span> <span class='ocrx_word' id='word_1_133' title='bbox 373 2229 475 2288; x_wconf 85' lang='lat' dir='ltr'>testes</span> <span class='ocrx_word' id='word_1_134' title='bbox 508 2222 624 2304; x_wconf 87' lang='lat' dir='ltr'>ydonei</span> <span class='ocrx_word' id='word_1_135' title='bbox 654 2227 688 2288; x_wconf 88' lang='lat' dir='ltr'>et</span> <span class='ocrx_word' id='word_1_136' title='bbox 717 2219 781 2289; x_wconf 92' lang='lat' dir='ltr'>fide</span> <span class='ocrx_word' id='word_1_137' title='bbox 811 2222 915 2304; x_wconf 84' lang='lat' dir='ltr'>digni,</span> <span class='ocrx_word' id='word_1_138' title='bbox 950 2222 1005 2305; x_wconf 89' lang='lat' dir='ltr'>qui</span> <span class='ocrx_word' id='word_1_139' title='bbox 1034 2222 1099 2287; x_wconf 89' lang='lat' dir='ltr'>sint</span> <span class='ocrx_word' id='word_1_140' title='bbox 1128 2227 1310 2304; x_wconf 80' lang='lat' dir='ltr'>presentes,</span> <span class='ocrx_word' id='word_1_141' title='bbox 1343 2222 1422 2288; x_wconf 88' lang='lat' dir='ltr'>alias</span> <span class='ocrx_word' id='word_1_142' title='bbox 1452 2239 1519 2286; x_wconf 90' lang='lat' dir='ltr'>non</span> 
     </span>
     <span class='ocr_line' id='line_1_18' title="bbox 274 2325 413 2391; baseline -0.014 -1"><span class='ocrx_word' id='word_1_143' title='bbox 274 2325 413 2391; x_wconf 88' lang='lat' dir='ltr'>ualeant.</span> 
     </span>
    </p>

    <p class='ocr_par' dir='ltr' id='par_1_6' title="bbox 274 2427 1520 3237">
     <span class='ocr_line' id='line_1_19' title="bbox 320 2427 1519 2511; baseline 0.001 -17"><span class='ocrx_word' id='word_1_144' title='bbox 320 2427 401 2494; x_wconf 80' lang='lat' dir='ltr'>Sed⁵</span> <span class='ocrx_word' id='word_1_145' title='bbox 423 2448 442 2494; x_wconf 90' lang='lat' dir='ltr'>a</span> <span class='ocrx_word' id='word_1_146' title='bbox 464 2428 529 2493; x_wconf 70' lang='lat' dir='ltr'>uul</span> <span class='ocrx_word' id='word_1_147' title='bbox 556 2429 646 2494; x_wconf 91' lang='lat' dir='ltr'>libris</span> <span class='ocrx_word' id='word_1_148' title='bbox 669 2445 767 2510; x_wconf 89' lang='lat' dir='ltr'>snpra</span> <span class='ocrx_word' id='word_1_149' title='bbox 786 2428 934 2511; x_wconf 89' lang='lat' dir='ltr'>probatio</span> <span class='ocrx_word' id='word_1_150' title='bbox 956 2445 1015 2510; x_wconf 86' lang='lat' dir='ltr'>por</span> <span class='ocrx_word' id='word_1_151' title='bbox 1036 2432 1136 2495; x_wconf 87' lang='lat' dir='ltr'>testes</span> <span class='ocrx_word' id='word_1_152' title='bbox 1161 2447 1225 2494; x_wconf 91' lang='lat' dir='ltr'>non</span> <span class='ocrx_word' id='word_1_153' title='bbox 1240 2429 1431 2511; x_wconf 80' lang='lat' dir='ltr'>accipiatnr⁶</span> <span class='ocrx_word' id='word_1_154' title='bbox 1446 2430 1519 2495; x_wconf 85' lang='lat' dir='ltr'>siue</span> 
     </span>
     <span class='ocr_line' id='line_1_20' title="bbox 274 2531 1519 2615; baseline -0.001 -17"><span class='ocrx_word' id='word_1_155' title='bbox 274 2534 307 2598; x_wconf 93' lang='lat' dir='ltr'>in</span> <span class='ocrx_word' id='word_1_156' title='bbox 330 2532 443 2607; x_wconf 92' lang='lat' dir='ltr'>dando,</span> <span class='ocrx_word' id='word_1_157' title='bbox 468 2533 535 2599; x_wconf 91' lang='lat' dir='ltr'>sine</span> <span class='ocrx_word' id='word_1_158' title='bbox 557 2533 590 2598; x_wconf 93' lang='lat' dir='ltr'>in</span> <span class='ocrx_word' id='word_1_159' title='bbox 613 2531 820 2606; x_wconf 87' lang='lat' dir='ltr'>restituendo,</span> <span class='ocrx_word' id='word_1_160' title='bbox 843 2532 904 2598; x_wconf 91' lang='lat' dir='ltr'>nisi</span> <span class='ocrx_word' id='word_1_161' title='bbox 920 2531 960 2598; x_wconf 90' lang='lat' dir='ltr'>de</span> <span class='ocrx_word' id='word_1_162' title='bbox 974 2531 1034 2598; x_wconf 89' lang='lat' dir='ltr'>hoc</span> <span class='ocrx_word' id='word_1_163' title='bbox 1049 2537 1204 2614; x_wconf 83' lang='lat' dir='ltr'>appareat</span> <span class='ocrx_word' id='word_1_164' title='bbox 1219 2533 1380 2615; x_wconf 91' lang='lat' dir='ltr'>publicum</span> <span class='ocrx_word' id='word_1_165' title='bbox 1398 2533 1519 2599; x_wconf 89' lang='lat' dir='ltr'>instru-</span> 
     </span>
     <span class='ocr_line' id='line_1_21' title="bbox 275 2635 1520 2719; baseline 0.002 -19"><span class='ocrx_word' id='word_1_166' title='bbox 275 2641 426 2717; x_wconf 87' lang='lat' dir='ltr'>mentum,</span> <span class='ocrx_word' id='word_1_167' title='bbox 450 2638 524 2719; x_wconf 91' lang='lat' dir='ltr'>qnia</span> <span class='ocrx_word' id='word_1_168' title='bbox 547 2637 630 2702; x_wconf 89' lang='lat' dir='ltr'>sicut</span> <span class='ocrx_word' id='word_1_169' title='bbox 652 2637 791 2704; x_wconf 89' lang='lat' dir='ltr'>creditor</span> <span class='ocrx_word' id='word_1_170' title='bbox 812 2637 846 2702; x_wconf 94' lang='lat' dir='ltr'>in</span> <span class='ocrx_word' id='word_1_171' title='bbox 868 2637 972 2703; x_wconf 90' lang='lat' dir='ltr'>dando</span> <span class='ocrx_word' id='word_1_172' title='bbox 996 2655 1016 2702; x_wconf 92' lang='lat' dir='ltr'>a</span> <span class='ocrx_word' id='word_1_173' title='bbox 1036 2635 1102 2700; x_wconf 69' lang='lat' dir='ltr'>riuti</span> <span class='ocrx_word' id='word_1_174' title='bbox 1125 2636 1215 2702; x_wconf 89' lang='lat' dir='ltr'>libris</span> <span class='ocrx_word' id='word_1_175' title='bbox 1244 2655 1342 2718; x_wconf 91' lang='lat' dir='ltr'>supra</span> <span class='ocrx_word' id='word_1_176' title='bbox 1364 2636 1434 2702; x_wconf 92' lang='lat' dir='ltr'>nult</span> <span class='ocrx_word' id='word_1_177' title='bbox 1457 2637 1520 2702; x_wconf 91' lang='lat' dir='ltr'>sibi</span> 
     </span>
     <span class='ocr_line' id='line_1_22' title="bbox 276 2740 1520 2822; baseline 0.002 -18"><span class='ocrx_word' id='word_1_178' title='bbox 276 2740 445 2822; x_wconf 90' lang='lat' dir='ltr'>prouidere</span> <span class='ocrx_word' id='word_1_179' title='bbox 468 2741 509 2806; x_wconf 89' lang='lat' dir='ltr'>de</span> <span class='ocrx_word' id='word_1_180' title='bbox 532 2759 589 2806; x_wconf 88' lang='lat' dir='ltr'>suo</span> <span class='ocrx_word' id='word_1_181' title='bbox 612 2740 719 2806; x_wconf 91' lang='lat' dir='ltr'>debito</span> <span class='ocrx_word' id='word_1_182' title='bbox 742 2758 801 2822; x_wconf 90' lang='lat' dir='ltr'>per</span> <span class='ocrx_word' id='word_1_183' title='bbox 822 2740 984 2822; x_wconf 89' lang='lat' dir='ltr'>publicum</span> <span class='ocrx_word' id='word_1_184' title='bbox 999 2741 1255 2821; x_wconf 90' lang='lat' dir='ltr'>instrumentum,</span> <span class='ocrx_word' id='word_1_185' title='bbox 1279 2741 1326 2807; x_wconf 91' lang='lat' dir='ltr'>sic</span> <span class='ocrx_word' id='word_1_186' title='bbox 1340 2745 1375 2806; x_wconf 88' lang='lat' dir='ltr'>ct</span> <span class='ocrx_word' id='word_1_187' title='bbox 1389 2740 1520 2807; x_wconf 89' lang='lat' dir='ltr'>debitor</span> 
     </span>
     <span class='ocr_line' id='line_1_23' title="bbox 276 2843 1520 2926; baseline 0.002 -18"><span class='ocrx_word' id='word_1_188' title='bbox 276 2843 382 2910; x_wconf 87' lang='lat' dir='ltr'>iacere</span> <span class='ocrx_word' id='word_1_189' title='bbox 405 2843 502 2909; x_wconf 88' lang='lat' dir='ltr'>debet</span> <span class='ocrx_word' id='word_1_190' title='bbox 524 2843 652 2924; x_wconf 92' lang='lat' dir='ltr'>quando</span> <span class='ocrx_word' id='word_1_191' title='bbox 674 2843 853 2926; x_wconf 87' lang='lat' dir='ltr'>pecuniam,</span> <span class='ocrx_word' id='word_1_192' title='bbox 877 2844 929 2910; x_wconf 90' lang='lat' dir='ltr'>uel</span> <span class='ocrx_word' id='word_1_193' title='bbox 951 2843 1070 2926; x_wconf 91' lang='lat' dir='ltr'>aliquid</span> <span class='ocrx_word' id='word_1_194' title='bbox 1093 2845 1179 2910; x_wconf 91' lang='lat' dir='ltr'>alind</span> <span class='ocrx_word' id='word_1_195' title='bbox 1209 2843 1317 2911; x_wconf 89' lang='lat' dir='ltr'>reddit</span> <span class='ocrx_word' id='word_1_196' title='bbox 1349 2844 1402 2910; x_wconf 88' lang='lat' dir='ltr'>nel</span> <span class='ocrx_word' id='word_1_197' title='bbox 1425 2845 1520 2910; x_wconf 89' lang='lat' dir='ltr'>resti-</span> 
     </span>
     <span class='ocr_line' id='line_1_24' title="bbox 276 2944 1519 3029; baseline 0.002 -17"><span class='ocrx_word' id='word_1_198' title='bbox 276 2947 339 3013; x_wconf 89' lang='lat' dir='ltr'>tuit</span> <span class='ocrx_word' id='word_1_199' title='bbox 360 2947 446 3012; x_wconf 91' lang='lat' dir='ltr'>ultra</span> <span class='ocrx_word' id='word_1_200' title='bbox 469 2947 586 3013; x_wconf 87' lang='lat' dir='ltr'>dictam</span> <span class='ocrx_word' id='word_1_201' title='bbox 608 2947 818 3028; x_wconf 87' lang='lat' dir='ltr'>quantitatem</span> <span class='ocrx_word' id='word_1_202' title='bbox 840 2944 907 3011; x_wconf 62' lang='lat' dir='ltr'>xxa</span> <span class='ocrx_word' id='word_1_203' title='bbox 932 2947 1092 3029; x_wconf 87' lang='lat' dir='ltr'>librarum,</span> <span class='ocrx_word' id='word_1_204' title='bbox 1117 2947 1213 3014; x_wconf 85' lang='lat' dir='ltr'>iaciat</span> <span class='ocrx_word' id='word_1_205' title='bbox 1235 2948 1295 3014; x_wconf 91' lang='lat' dir='ltr'>sibi</span> <span class='ocrx_word' id='word_1_206' title='bbox 1314 2945 1384 3014; x_wconf 88' lang='lat' dir='ltr'>fieri</span> <span class='ocrx_word' id='word_1_207' title='bbox 1399 2947 1439 3014; x_wconf 92' lang='lat' dir='ltr'>de</span> <span class='ocrx_word' id='word_1_208' title='bbox 1454 2949 1519 3015; x_wconf 90' lang='lat' dir='ltr'>boc</span> 
     </span>
     <span class='ocr_line' id='line_1_25' title="bbox 276 3049 1520 3132; baseline 0.002 -17"><span class='ocrx_word' id='word_1_209' title='bbox 276 3051 437 3132; x_wconf 90' lang='lat' dir='ltr'>publicum</span> <span class='ocrx_word' id='word_1_210' title='bbox 452 3049 707 3130; x_wconf 87' lang='lat' dir='ltr'>instrumentum,</span> <span class='ocrx_word' id='word_1_211' title='bbox 731 3050 805 3131; x_wconf 90' lang='lat' dir='ltr'>quia</span> <span class='ocrx_word' id='word_1_212' title='bbox 819 3068 877 3132; x_wconf 87' lang='lat' dir='ltr'>per</span> <span class='ocrx_word' id='word_1_213' title='bbox 892 3056 993 3117; x_wconf 85' lang='lat' dir='ltr'>testes</span> <span class='ocrx_word' id='word_1_214' title='bbox 1008 3051 1196 3118; x_wconf 87' lang='lat' dir='ltr'>solutionem</span> <span class='ocrx_word' id='word_1_215' title='bbox 1219 3058 1253 3117; x_wconf 88' lang='lat' dir='ltr'>et</span> <span class='ocrx_word' id='word_1_216' title='bbox 1269 3051 1520 3121; x_wconf 78' lang='lat' dir='ltr'>satisfactionem</span> 
     </span>
     <span class='ocr_line' id='line_1_26' title="bbox 276 3153 1520 3237; baseline 0 -17"><span class='ocrx_word' id='word_1_217' title='bbox 276 3154 361 3220; x_wconf 88' lang='lat' dir='ltr'>ultra</span> <span class='ocrx_word' id='word_1_218' title='bbox 377 3154 492 3220; x_wconf 90' lang='lat' dir='ltr'>dictam</span> <span class='ocrx_word' id='word_1_219' title='bbox 505 3153 792 3237; x_wconf 67' lang='lat' dir='ltr'>quantitatem‘uul</span> <span class='ocrx_word' id='word_1_220' title='bbox 811 3154 965 3222; x_wconf 89' lang='lat' dir='ltr'>librarum</span> <span class='ocrx_word' id='word_1_221' title='bbox 983 3156 1120 3237; x_wconf 86' lang='lat' dir='ltr'>probare</span> <span class='ocrx_word' id='word_1_222' title='bbox 1138 3173 1202 3222; x_wconf 91' lang='lat' dir='ltr'>non</span> <span class='ocrx_word' id='word_1_223' title='bbox 1213 3155 1321 3221; x_wconf 87' lang='lat' dir='ltr'>ualeat</span> <span class='ocrx_word' id='word_1_224' title='bbox 1332 3155 1398 3222; x_wconf 94' lang='lat' dir='ltr'>ullo</span> <span class='ocrx_word' id='word_1_225' title='bbox 1409 3157 1520 3224; x_wconf 91' lang='lat' dir='ltr'>modo.</span> 
     </span>
    </p>

    <p class='ocr_par' dir='ltr' id='par_1_7' title="bbox 276 3257 1521 3637">
     <span class='ocr_line' id='line_1_27' title="bbox 319 3257 1520 3340; baseline 0.004 -17"><span class='ocrx_word' id='word_1_226' title='bbox 319 3257 399 3323; x_wconf 85' lang='lat' dir='ltr'>Item</span> <span class='ocrx_word' id='word_1_227' title='bbox 424 3259 596 3340; x_wconf 82' lang='lat' dir='ltr'>repellatur</span> <span class='ocrx_word' id='word_1_228' title='bbox 618 3277 639 3324; x_wconf 89' lang='lat' dir='ltr'>a</span> <span class='ocrx_word' id='word_1_229' title='bbox 660 3259 841 3327; x_wconf 88' lang='lat' dir='ltr'>testimonio</span> <span class='ocrx_word' id='word_1_230' title='bbox 865 3259 974 3338; x_wconf 88' lang='lat' dir='ltr'>testis,</span> <span class='ocrx_word' id='word_1_231' title='bbox 1009 3259 1064 3340; x_wconf 94' lang='lat' dir='ltr'>qui</span> <span class='ocrx_word' id='word_1_232' title='bbox 1086 3257 1183 3324; x_wconf 84' lang='lat' dir='ltr'>tuerit</span> <span class='ocrx_word' id='word_1_233' title='bbox 1205 3259 1451 3326; x_wconf 87' lang='lat' dir='ltr'>condemnatus⁷</span> <span class='ocrx_word' id='word_1_234' title='bbox 1475 3260 1520 3328; x_wconf 88' lang='lat' dir='ltr'>de</span> 
     </span>
     <span class='ocr_line' id='line_1_28' title="bbox 276 3361 1521 3444; baseline 0.002 -16"><span class='ocrx_word' id='word_1_235' title='bbox 276 3361 459 3429; x_wconf 89' lang='lat' dir='ltr'>testimonio</span> <span class='ocrx_word' id='word_1_236' title='bbox 483 3361 573 3442; x_wconf 86' lang='lat' dir='ltr'>falso,</span> <span class='ocrx_word' id='word_1_237' title='bbox 597 3362 649 3429; x_wconf 92' lang='lat' dir='ltr'>uel</span> <span class='ocrx_word' id='word_1_238' title='bbox 672 3362 712 3429; x_wconf 89' lang='lat' dir='ltr'>de</span> <span class='ocrx_word' id='word_1_239' title='bbox 734 3361 817 3429; x_wconf 86' lang='lat' dir='ltr'>lalsa</span> <span class='ocrx_word' id='word_1_240' title='bbox 839 3362 1005 3444; x_wconf 89' lang='lat' dir='ltr'>scriptura,</span> <span class='ocrx_word' id='word_1_241' title='bbox 1030 3362 1082 3428; x_wconf 88' lang='lat' dir='ltr'>uel</span> <span class='ocrx_word' id='word_1_242' title='bbox 1104 3363 1147 3428; x_wconf 92' lang='lat' dir='ltr'>sit</span> <span class='ocrx_word' id='word_1_243' title='bbox 1176 3362 1322 3444; x_wconf 88' lang='lat' dir='ltr'>publicus</span> <span class='ocrx_word' id='word_1_244' title='bbox 1354 3367 1389 3430; x_wconf 86' lang='lat' dir='ltr'>et</span> <span class='ocrx_word' id='word_1_245' title='bbox 1417 3363 1521 3430; x_wconf 89' lang='lat' dir='ltr'>mani·</span> 
     </span>
     <span class='ocr_line' id='line_1_29' title="bbox 277 3463 1521 3553; baseline 0.002 -23"><span class='ocrx_word' id='word_1_246' title='bbox 277 3464 380 3531; x_wconf 85' lang='lat' dir='ltr'>festus</span> <span class='ocrx_word' id='word_1_247' title='bbox 402 3467 578 3553; x_wconf 88' lang='lat' dir='ltr'>usurarius,</span> <span class='ocrx_word' id='word_1_248' title='bbox 602 3465 655 3532; x_wconf 90' lang='lat' dir='ltr'>uel</span> <span class='ocrx_word' id='word_1_249' title='bbox 678 3467 721 3533; x_wconf 92' lang='lat' dir='ltr'>sit</span> <span class='ocrx_word' id='word_1_250' title='bbox 735 3465 981 3534; x_wconf 81' lang='lat' dir='ltr'>condemnatus⁸</span> <span class='ocrx_word' id='word_1_251' title='bbox 1003 3465 1043 3533; x_wconf 90' lang='lat' dir='ltr'>de</span> <span class='ocrx_word' id='word_1_252' title='bbox 1058 3463 1153 3546; x_wconf 84' lang='lat' dir='ltr'>furto,</span> <span class='ocrx_word' id='word_1_253' title='bbox 1176 3466 1229 3533; x_wconf 90' lang='lat' dir='ltr'>uel</span> <span class='ocrx_word' id='word_1_254' title='bbox 1244 3467 1381 3548; x_wconf 86' lang='lat' dir='ltr'>robaria,</span> <span class='ocrx_word' id='word_1_255' title='bbox 1407 3467 1461 3534; x_wconf 88' lang='lat' dir='ltr'>uel</span> <span class='ocrx_word' id='word_1_256' title='bbox 1477 3467 1521 3533; x_wconf 85' lang='lat' dir='ltr'>da</span> 
     </span>
     <span class='ocr_line' id='line_1_30' title="bbox 276 3569 477 3637; baseline -0.01 -2"><span class='ocrx_word' id='word_1_257' title='bbox 276 3569 477 3637; x_wconf 87' lang='lat' dir='ltr'>trodimento.</span> 
     </span>
    </p>

    <p class='ocr_par' dir='ltr' id='par_1_8' title="bbox 276 3671 1517 3946">
     <span class='ocr_line' id='line_1_31' title="bbox 319 3671 1517 3742; baseline 0.002 -5"><span class='ocrx_word' id='word_1_258' title='bbox 319 3673 401 3739; x_wconf 86' lang='lat' dir='ltr'>Item</span> <span class='ocrx_word' id='word_1_259' title='bbox 431 3673 463 3737; x_wconf 93' lang='lat' dir='ltr'>in</span> <span class='ocrx_word' id='word_1_260' title='bbox 493 3689 591 3740; x_wconf 87' lang='lat' dir='ltr'>causa</span> <span class='ocrx_word' id='word_1_261' title='bbox 624 3675 708 3740; x_wconf 92' lang='lat' dir='ltr'>ciuili</span> <span class='ocrx_word' id='word_1_262' title='bbox 741 3673 876 3742; x_wconf 83' lang='lat' dir='ltr'>Salanus</span> <span class='ocrx_word' id='word_1_263' title='bbox 905 3693 969 3740; x_wconf 91' lang='lat' dir='ltr'>non</span> <span class='ocrx_word' id='word_1_264' title='bbox 1003 3671 1190 3740; x_wconf 87' lang='lat' dir='ltr'>admittatur</span> <span class='ocrx_word' id='word_1_265' title='bbox 1223 3673 1265 3740; x_wconf 92' lang='lat' dir='ltr'>ad</span> <span class='ocrx_word' id='word_1_266' title='bbox 1298 3673 1517 3740; x_wconf 85' lang='lat' dir='ltr'>testimonium</span> 
     </span>
     <span class='ocr_line' id='line_1_32' title="bbox 276 3775 1517 3862; baseline 0.001 -19"><span class='ocrx_word' id='word_1_267' title='bbox 276 3781 387 3844; x_wconf 88' lang='lat' dir='ltr'>contra</span> <span class='ocrx_word' id='word_1_268' title='bbox 409 3776 512 3844; x_wconf 83' lang='lat' dir='ltr'>ciues⁹</span> <span class='ocrx_word' id='word_1_269' title='bbox 533 3775 730 3862; x_wconf 89' lang='lat' dir='ltr'>Spalatinos,</span> <span class='ocrx_word' id='word_1_270' title='bbox 759 3797 819 3846; x_wconf 89' lang='lat' dir='ltr'>nec</span> <span class='ocrx_word' id='word_1_271' title='bbox 848 3779 955 3862; x_wconf 89' lang='lat' dir='ltr'>aliqua</span> <span class='ocrx_word' id='word_1_272' title='bbox 984 3777 1103 3858; x_wconf 76' lang='lat' dir='ltr'>femina</span> <span class='ocrx_word' id='word_1_273' title='bbox 1124 3778 1297 3860; x_wconf 88' lang='lat' dir='ltr'>recipiatur</span> <span class='ocrx_word' id='word_1_274' title='bbox 1318 3779 1350 3844; x_wconf 92' lang='lat' dir='ltr'>in</span> <span class='ocrx_word' id='word_1_275' title='bbox 1372 3779 1517 3845; x_wconf 78' lang='lat' dir='ltr'>testimo-</span> 
     </span>
     <span class='ocr_line' id='line_1_33' title="bbox 277 3880 674 3946; baseline 0.005 -2"><span class='ocrx_word' id='word_1_276' title='bbox 277 3881 363 3944; x_wconf 90' lang='lat' dir='ltr'>nium</span> <span class='ocrx_word' id='word_1_277' title='bbox 385 3880 418 3944; x_wconf 94' lang='lat' dir='ltr'>in</span> <span class='ocrx_word' id='word_1_278' title='bbox 440 3897 537 3946; x_wconf 89' lang='lat' dir='ltr'>causa</span> <span class='ocrx_word' id='word_1_279' title='bbox 559 3881 674 3946; x_wconf 78' lang='lat' dir='ltr'>ciuili*</span> 
     </span>
    </p>

    <p class='ocr_par' dir='ltr' id='par_1_9' title="bbox 276 3983 1521 4170">
     <span class='ocr_line' id='line_1_34' title="bbox 320 3983 1521 4067; baseline 0.003 -19"><span class='ocrx_word' id='word_1_280' title='bbox 320 3983 400 4050; x_wconf 90' lang='lat' dir='ltr'>Item</span> <span class='ocrx_word' id='word_1_281' title='bbox 424 3983 455 4048; x_wconf 92' lang='lat' dir='ltr'>in</span> <span class='ocrx_word' id='word_1_282' title='bbox 479 4001 575 4050; x_wconf 88' lang='lat' dir='ltr'>causa</span> <span class='ocrx_word' id='word_1_283' title='bbox 597 3985 682 4051; x_wconf 93' lang='lat' dir='ltr'>ciuili</span> <span class='ocrx_word' id='word_1_284' title='bbox 712 3985 814 4052; x_wconf 91' lang='lat' dir='ltr'>minor</span> <span class='ocrx_word' id='word_1_285' title='bbox 835 3983 900 4050; x_wconf 67' lang='lat' dir='ltr'>rrrrl</span> <span class='ocrx_word' id='word_1_286' title='bbox 924 3983 1052 4067; x_wconf 81' lang='lat' dir='ltr'>iiij⁰¹¹⁰</span> <span class='ocrx_word' id='word_1_287' title='bbox 1074 3987 1164 4052; x_wconf 88' lang='lat' dir='ltr'>annis</span> <span class='ocrx_word' id='word_1_288' title='bbox 1193 3985 1352 4052; x_wconf 87' lang='lat' dir='ltr'>masculus</span> <span class='ocrx_word' id='word_1_289' title='bbox 1380 4003 1445 4052; x_wconf 90' lang='lat' dir='ltr'>non</span> <span class='ocrx_word' id='word_1_290' title='bbox 1468 4003 1521 4052; x_wconf 87' lang='lat' dir='ltr'>ra·</span> 
     </span>
     <span class='ocr_line' id='line_1_35' title="bbox 276 4085 647 4170; baseline 0.003 -19"><span class='ocrx_word' id='word_1_291' title='bbox 276 4085 412 4170; x_wconf 89' lang='lat' dir='ltr'>cipiatur</span> <span class='ocrx_word' id='word_1_292' title='bbox 433 4088 465 4152; x_wconf 91' lang='lat' dir='ltr'>in</span> <span class='ocrx_word' id='word_1_293' title='bbox 489 4088 647 4154; x_wconf 67' lang='lat' dir='ltr'>testemu.</span> 
     </span>
    </p>
   </div>
   <div class='ocr_carea' id='block_1_3' title="bbox 272 4297 1519 4640">
    <p class='ocr_par' dir='ltr' id='par_1_10' title="bbox 272 4297 1519 4640">
     <span class='ocr_line' id='line_1_36' title="bbox 323 4297 1517 4384; baseline 0.005 -24"><span class='ocrx_word' id='word_1_294' title='bbox 323 4297 334 4332; x_wconf 87' lang='lat'>¹</span> <span class='ocrx_word' id='word_1_295' title='bbox 349 4300 441 4360; x_wconf 89' lang='lat' dir='ltr'>Deest</span> <span class='ocrx_word' id='word_1_296' title='bbox 455 4317 503 4375; x_wconf 89' lang='lat' dir='ltr'>ap.</span> <span class='ocrx_word' id='word_1_297' title='bbox 520 4299 628 4376; x_wconf 85' lang='lat' dir='ltr'>Ljnb.</span> <span class='ocrx_word' id='word_1_298' title='bbox 688 4297 701 4334; x_wconf 75' lang='lat'>²</span> <span class='ocrx_word' id='word_1_299' title='bbox 722 4301 830 4363; x_wconf 93' lang='lat' dir='ltr'>ibid..</span> <span class='ocrx_word' id='word_1_300' title='bbox 850 4299 1017 4384; x_wconf 78' lang='lat' dir='ltr'>¹,domino“.</span> <span class='ocrx_word' id='word_1_301' title='bbox 1079 4297 1089 4335; x_wconf 81' lang='lat'>³</span> <span class='ocrx_word' id='word_1_302' title='bbox 1104 4301 1195 4362; x_wconf 87' lang='lat' dir='ltr'>Deest</span> <span class='ocrx_word' id='word_1_303' title='bbox 1210 4301 1239 4360; x_wconf 92' lang='lat' dir='ltr'>in</span> <span class='ocrx_word' id='word_1_304' title='bbox 1255 4303 1334 4361; x_wconf 91' lang='lat' dir='ltr'>cod.</span> <span class='ocrx_word' id='word_1_305' title='bbox 1351 4301 1458 4362; x_wconf 88' lang='lat' dir='ltr'>acad.</span> <span class='ocrx_word' id='word_1_306' title='bbox 1474 4301 1517 4366; x_wconf 77' lang='lat' dir='ltr'>A.</span> 
     </span>
     <span class='ocr_line' id='line_1_37' title="bbox 279 4381 1519 4470; baseline 0.002 -25"><span class='ocrx_word' id='word_1_307' title='bbox 279 4383 764 4462; x_wconf 82' lang='lat' dir='ltr'>⁴Ap.Lj11b.:sacramento“.</span> <span class='ocrx_word' id='word_1_308' title='bbox 846 4385 997 4449; x_wconf 66' lang='lat' dir='ltr'>libid:</span> <span class='ocrx_word' id='word_1_309' title='bbox 1033 4381 1120 4470; x_wconf 79' lang='lat' dir='ltr'>„Et“.</span> <span class='ocrx_word' id='word_1_310' title='bbox 1202 4384 1519 4466; x_wconf 67' lang='lat' dir='ltr'>‘ibid.:‚,reeipia·</span> 
     </span>
     <span class='ocr_line' id='line_1_38' title="bbox 272 4465 1513 4550; baseline 0.004 -19"><span class='ocrx_word' id='word_1_311' title='bbox 272 4465 350 4531; x_wconf 81' lang='lat' dir='ltr'>tur“.</span> <span class='ocrx_word' id='word_1_312' title='bbox 421 4469 541 4532; x_wconf 83' lang='lat' dir='ltr'>⁷cod.</span> <span class='ocrx_word' id='word_1_313' title='bbox 566 4472 669 4533; x_wconf 87' lang='lat' dir='ltr'>acad.</span> <span class='ocrx_word' id='word_1_314' title='bbox 694 4474 734 4533; x_wconf 91' lang='lat' dir='ltr'>B:</span> <span class='ocrx_word' id='word_1_315' title='bbox 762 4473 1041 4550; x_wconf 85' lang='lat' dir='ltr'>„condempnatns“.</span> <span class='ocrx_word' id='word_1_316' title='bbox 1112 4471 1238 4537; x_wconf 81' lang='lat' dir='ltr'>⁸ibid.</span> <span class='ocrx_word' id='word_1_317' title='bbox 1264 4489 1351 4536; x_wconf 80' lang='lat' dir='ltr'>am.</span> <span class='ocrx_word' id='word_1_318' title='bbox 1417 4471 1513 4550; x_wconf 75' lang='grc' dir='ltr'>Ἀρ.</span> 
     </span>
     <span class='ocr_line' id='line_1_39' title="bbox 274 4554 1515 4640; baseline 0.002 -24"><span class='ocrx_word' id='word_1_319' title='bbox 274 4558 403 4634; x_wconf 84' lang='lat' dir='ltr'>Ljub:</span> <span class='ocrx_word' id='word_1_320' title='bbox 429 4554 558 4640; x_wconf 73' lang='lat' dir='ltr'>„uiros“.</span> <span class='ocrx_word' id='word_1_321' title='bbox 626 4554 644 4587; x_wconf 68' lang='lat'>⁴*</span> <span class='ocrx_word' id='word_1_322' title='bbox 666 4561 699 4618; x_wconf 92' lang='lat' dir='ltr'>In</span> <span class='ocrx_word' id='word_1_323' title='bbox 722 4555 804 4621; x_wconf 92' lang='lat' dir='ltr'>cod.</span> <span class='ocrx_word' id='word_1_324' title='bbox 839 4559 946 4620; x_wconf 87' lang='lat' dir='ltr'>acad.</span> <span class='ocrx_word' id='word_1_325' title='bbox 971 4558 998 4619; x_wconf 87' lang='grc' dir='ltr'><strong>Α</strong></span> <span class='ocrx_word' id='word_1_326' title='bbox 1020 4562 1137 4636; x_wconf 83' lang='lat' dir='ltr'>glossa:</span> <span class='ocrx_word' id='word_1_327' title='bbox 1171 4561 1278 4638; x_wconf 88' lang='lat' dir='ltr'>,Nota,</span> <span class='ocrx_word' id='word_1_328' title='bbox 1303 4561 1383 4635; x_wconf 89' lang='lat' dir='ltr'>qnod</span> <span class='ocrx_word' id='word_1_329' title='bbox 1405 4561 1434 4620; x_wconf 91' lang='lat' dir='ltr'>in</span> <span class='ocrx_word' id='word_1_330' title='bbox 1459 4562 1515 4621; x_wconf 89' lang='lat' dir='ltr'>eri-</span> 
     </span>
    </p>
   </div>
   <div class='ocr_carea' id='block_1_4' title="bbox 275 4641 1521 4809">
    <p class='ocr_par' dir='ltr' id='par_1_11' title="bbox 275 4641 1521 4809">
     <span class='ocr_line' id='line_1_40' title="bbox 275 4641 1521 4729; baseline 0.003 -26"><span class='ocrx_word' id='word_1_331' title='bbox 275 4644 374 4704; x_wconf 88' lang='lat' dir='ltr'>minali</span> <span class='ocrx_word' id='word_1_332' title='bbox 409 4661 466 4703; x_wconf 91' lang='lat' dir='ltr'>non</span> <span class='ocrx_word' id='word_1_333' title='bbox 500 4645 652 4720; x_wconf 82' lang='lat' dir='ltr'>repellitru</span> <span class='ocrx_word' id='word_1_334' title='bbox 685 4643 818 4704; x_wconf 85' lang='lat' dir='ltr'>mulicr.“</span> <span class='ocrx_word' id='word_1_335' title='bbox 903 4643 932 4679; x_wconf 84' lang='lat'>¹⁰</span> <span class='ocrx_word' id='word_1_336' title='bbox 964 4646 1050 4706; x_wconf 73' lang='lat' dir='ltr'>(lod.</span> <span class='ocrx_word' id='word_1_337' title='bbox 1080 4647 1185 4709; x_wconf 87' lang='lat' dir='ltr'>acad.</span> <span class='ocrx_word' id='word_1_338' title='bbox 1209 4647 1250 4706; x_wconf 94' lang='lat' dir='ltr'>B:</span> <span class='ocrx_word' id='word_1_339' title='bbox 1284 4646 1398 4729; x_wconf 74' lang='lat' dir='ltr'>„minor</span> <span class='ocrx_word' id='word_1_340' title='bbox 1420 4641 1521 4724; x_wconf 61' lang='grc' dir='ltr'><strong>χωρ’.</strong></span> 
     </span>
     <span class='ocr_line' id='line_1_41' title="bbox 281 4725 981 4809; baseline 0.003 -19"><span class='ocrx_word' id='word_1_341' title='bbox 281 4725 309 4763; x_wconf 87' lang='lat'>¹¹</span> <span class='ocrx_word' id='word_1_342' title='bbox 331 4731 409 4792; x_wconf 83' lang='lat' dir='ltr'>Tota</span> <span class='ocrx_word' id='word_1_343' title='bbox 432 4729 506 4791; x_wconf 84' lang='lat' dir='ltr'>haec</span> <span class='ocrx_word' id='word_1_344' title='bbox 528 4731 672 4791; x_wconf 87' lang='lat' dir='ltr'>sententia</span> <span class='ocrx_word' id='word_1_345' title='bbox 695 4731 778 4792; x_wconf 84' lang='lat' dir='ltr'>deest</span> <span class='ocrx_word' id='word_1_346' title='bbox 799 4749 848 4808; x_wconf 89' lang='lat' dir='ltr'>ap.</span> <span class='ocrx_word' id='word_1_347' title='bbox 872 4731 981 4809; x_wconf 85' lang='lat' dir='ltr'>Ljub.</span> 
     </span>
    </p>
   </div>
   <div class='ocr_carea' id='block_1_5' title="bbox 0 0 1731 5362">
    <p class='ocr_par' dir='ltr' id='par_1_12' title="bbox 0 0 1731 5362">
     <span class='ocr_line' id='line_1_42' title="bbox 0 0 1731 5362; baseline 0 0"><span class='ocrx_word' id='word_1_348' title='bbox 0 0 1731 5362; x_wconf 95' lang='lat' dir='ltr'> </span> 
     </span>
    </p>
   </div>
  </div>
 </body>
</html>
