3376 5392
1327 493 1390 556 213
1439 495 1441 500 ’

195 689 312 756 Datum
343 691 506 758 innostro
537 692 641 760 ducali
672 693 792 776 palatio
822 695 874 762 die
903 697 984 780 xxvj.
1016 697 1190 781 Februarij,
1220 697 1390 766 indictione

145 795 205 878 xij.
231 793 417 879 Mccccxciij.

358 920 384 984 A
407 925 544 1002 tergo:

192 1039 296 1106 Fideli
318 1043 534 1110 communitati
557 1049 684 1112 nostrae
708 1043 872 1112 Curzulae.

192 1145 353 1230 Receptoe
375 1147 427 1216 die
448 1167 476 1212 x.
500 1147 617 1234 Aprilis
640 1149 823 1216 Mccccxciv.

602 1417 654 1458 nx.
671 1417 792 1460 nnomro
809 1410 932 1460 commas

559 1496 592 1551 de
619 1495 703 1552 theda
728 1511 782 1550 non
810 1495 985 1552 extrahenda.

197 1617 259 1684 Die
280 1621 368 1685 ecte.
391 1619 525 1706 Aprilis.
549 1617 733 1703 Moccccoiij.

191 1740 379 1826 Magnificus
402 1747 436 1807 et
451 1761 624 1824 generosus
641 1743 784 1808 dominus
801 1741 908 1807 Simon
939 1739 1081 1826 Capello,
1105 1759 1163 1824 pro
1180 1741 1390 1809 illustrissimo
1425 1721 1427 1724 ⁵

143 1854 182 1912 et
204 1847 465 1914 excellentissimo
489 1847 591 1914 ducali
608 1847 747 1912 dominio
762 1845 967 1913 venetiarum
984 1864 1088 1912 comes
1103 1845 1259 1913 Clrrznlae
1275 1847 1391 1930 dignis·

144 1951 257 2035 simus‚
282 1953 396 2018 sedens
419 1955 477 2018 sub
500 1953 584 2034 logia
602 1952 742 2018 marinae
758 1969 828 2016 cum
845 1952 910 2017 suis
925 1950 1089 2031 iudicibus,
1114 1951 1228 2017 audita
1236 1953 1390 2034 petitione

142 2062 181 2122 et
203 2056 398 2137 querimonia
421 2075 482 2122 ser.
511 2055 639 2138 Antonij
674 2055 796 2140 Angeli,
819 2061 979 2136 tamquam
1011 2055 1102 2120 unius
1132 2056 1172 2120 de
1195 2056 1303 2123 electis
1333 2075 1390 2139 per

144 2161 322 2242 spectabile
347 2161 510 2227 consilium
539 2162 676 2226 ciuitatis
699 2161 854 2226 Gurzulae
884 2160 924 2225 ad
956 2159 1188 2226 defendendum
1215 2167 1248 2228 et
1275 2181 1389 2244 procu·

144 2266 291 2345 randum,
315 2283 352 2330 ac
374 2266 630 2348 inuestigandum
654 2267 759 2330 omnia
787 2265 849 2346 illa,
874 2283 955 2346 qnae
985 2264 1070 2330 facta
1101 2269 1210 2330 contra
1239 2265 1325 2349 leges
1356 2273 1389 2334 et

144 2369 275 2436 ordines
298 2369 479 2451 praedictae
507 2369 645 2435 ciuitatis
668 2369 825 2435 Curculae
855 2387 924 2434 cum
959 2369 1067 2434 multis
1098 2369 1192 2434 etiam
1216 2369 1285 2450 alijs
1315 2387 1388 2436 con-

143 2473 351 2555 querentibus
375 2479 408 2540 et
431 2474 619 2554 dicentibus,
644 2475 727 2556 quod
751 2475 856 2553 thoda,
882 2491 964 2556 quae
986 2474 1127 2540 nascitur
1146 2474 1178 2538 in
1194 2473 1254 2540 hac
1274 2473 1386 2560 insula,

144 2578 186 2643 de
209 2596 272 2659 qua
293 2577 329 2644 fit
351 2579 412 2660 pix,
437 2585 568 2661 propter
591 2597 685 2662 quam
709 2579 809 2661 picem
832 2581 946 2644 uiuunt
969 2585 1002 2644 et
1024 2598 1059 2644 se
1080 2583 1261 2644 sustentant
1277 2597 1387 2646 omnes

142 2701 228 2764 pene
249 2683 392 2776 homines
416 2684 508 2752 huius
533 2685 656 2752 insulae
680 2693 713 2750 et
735 2703 881 2767 magnam
914 2682 1008 2751 offert
1039 2684 1207 2750 utilitatem
1231 2685 1385 2766 omninno,

143 2788 333 2869 praesertim
354 2789 426 2870 illis,
451 2791 504 2871 qui
528 2789 649 2856 faciunt
660 2791 796 2874 nauigia,
821 2795 950 2873 propter
968 2807 1062 2870 quam
1075 2791 1172 2856 etiam
1187 2789 1386 2872 nauigiorum

142 2890 298 2958 facturam
321 2894 411 2959 multi
426 2895 538 2960 uiuunt
560 2901 593 2961 et
605 2913 641 2962 se
652 2901 839 2973 sustentant,
863 2894 1039 2960 extrahitur
1053 2891 1148 2972 foras,
1166 2894 1315 2960 uenditur
1330 2895 1386 2960 ad·

144 2996 237 3062 uenis
261 3003 294 3062 et
315 2995 493 3065 forensibus
514 3005 548 3067 et
570 3001 756 3066 conducitur
779 3000 819 3065 ad
841 3005 943 3066 terras
967 2999 1095 3076 alienas,
1120 2997 1217 3063 etiarn
1240 2999 1300 3080 ipsi
1330 2997 1386 3065 ad-

145 3119 249 3167 uenae
271 3109 304 3168 et
325 3100 469 3170 forenses
491 3105 633 3170 incidunt
646 3084 763 3187 ‘ipsam
794 3104 922 3170 thedom
946 3111 979 3168 et
1000 3104 1102 3185 ipsam
1133 3107 1223 3166 extra
1249 3103 1386 3168 insulam

144 3211 324 3291 exportant,
350 3209 434 3287 quod
458 3216 508 3275 est
531 3227 681 3291 expresse
703 3210 895 3292 prohibitum
918 3227 974 3290 per
995 3207 1246 3274 illustrissimum
1276 3205 1387 3274 ducale

144 3310 320 3376 dominium
341 3319 486 3379 nostrum
509 3313 665 3380 Venatum
690 3321 722 3380 et
744 3333 801 3396 per
823 3314 911 3396 leges
935 3317 968 3377 et
990 3313 1181 3390 sententias;
1206 3312 1263 3377 sed
1283 3329 1324 3377 ne
1339 3312 1385 3376 ui·

143 3417 259 3482 deatur
281 3417 450 3499 aliquando
474 3417 542 3485 fieri
565 3419 815 3501 prohibitionem,
841 3417 1009 3484 nostrimet
1031 3419 1116 3482 ciues
1132 3415 1274 3483 incidunt
1291 3435 1384 3500 prae·

143 3520 260 3586 dictam
284 3521 412 3588 thedam
436 3529 470 3588 et
493 3531 627 3589 onerent
649 3541 718 3588 eam
740 3525 772 3588 in
795 3523 922 3590 banchis
946 3528 979 3588 et
1000 3522 1136 3604 nauigijs
1159 3519 1331 3586 forensium
1349 3525 1384 3586 et

141 3623 209 3690 hoc'
227 3625 320 3691 modo
343 3627 428 3691 diota
450 3625 549 3692 thoda
570 3633 661 3692 extra
683 3628 817 3693 insulam
851 3633 1045 3710 exportatur,
1069 3643 1149 3707 quae
1180 3625 1304 3706 quidem
1332 3643 1384 3690 res

142 3731 281 3796 uertitur
301 3731 333 3796 in
359 3731 527 3796 maximum
559 3731 705 3796 darnnnm
738 3739 771 3797 et
802 3731 1025 3797 detrimentum
1055 3729 1193 3794 ciuitatis
1224 3733 1257 3794 et
1287 3727 1384 3794 totius

142 3833 267 3900 insulae
290 3833 462 3908 Curzulae;
493 3839 527 3900 et
549 3853 587 3900 eo
616 3837 725 3920 magn,
750 3842 903 3918 utsupra
934 3835 1051 3901 dictum
1080 3833 1248 3915 estquod
1275 3831 1384 3914 uigore

142 3940 237 4004 unius
259 3939 417 4022 priuilegij
441 3941 531 4006 nohis
554 3960 611 4023 per
633 3941 879 4007 illustrissimum
903 3940 1014 4007 ducale
1045 3937 1215 4005 dominium
1244 3937 1384 4003 concessi

142 4049 177 4108 et
200 4062 257 4125 per
278 4043 380 4126 legem
404 4051 437 4110 et
460 4047 650 4112 sententiam
670 4045 828 4128 magnifici
858 4052 891 4111 et
918 4045 1066 4128 generosi
1090 4043 1207 4109 dondni
1228 4040 1384 4107 Dominici

143 4146 310 4229 Thenpnlo
334 4167 434 4232 nuper
456 4149 571 4215 factam
593 4151 658 4216 tale
681 4149 800 4232 aliquid
824 4148 892 4214 fieri
916 4167 1066 4232 expresse
1085 4147 1288 4231 prohibetur:
1312 4145 1383 4211 ideo

142 4252 370 4334 supplicarunt,
394 4261 430 4319 nt
452 4253 599 4338 praefata
621 4256 690 4321 eius
712 4253 946 4337 magnificentia
969 4261 1102 4336 propter
1122 4253 1239 4318 bonum
1258 4256 1291 4317 et
1305 4249 1383 4315 utile

139 4357 242 4439 ipsius
264 4357 404 4424 ciuitatis
427 4365 461 4425 et
482 4360 578 4425 totius
601 4359 724 4424 insulae
747 4359 820 4424 huic
842 4355 888 4426 rei
912 4359 1041 4424 obstare
1071 4361 1104 4422 et
1130 4355 1299 4438 prouidere
1327 4354 1381 4420 de-

141 4461 228 4543 beat,
252 4481 293 4528 ne
315 4463 463 4544 deinceps
485 4463 549 4528 tale
572 4464 692 4545 aliquid
714 4461 770 4528 fiat
792 4481 851 4528 nec
873 4481 931 4544 per
954 4462 1094 4528 aduenas
1111 4467 1143 4526 et
1157 4459 1308 4540 forenses,
1325 4475 1383 4523 uec

143 4585 202 4648 per
225 4568 311 4634 ciues
334 4573 367 4633 et
387 4567 479 4632 hcdus
502 4567 625 4633 insulae
646 4568 855 4634 habitatores.

185 4669 280 4738 Unde
302 4671 446 4752 praefata
470 4672 537 4736 eius
560 4673 861 4754 magnificentiotali
876 4671 1072 4755 querimonia
1094 4678 1127 4736 et
1150 4669 1381 4753 supplicatione

143 4775 261 4854 ondita,
286 4775 489 4842 considerans
512 4793 551 4840 ex
574 4779 657 4842 omni
681 4784 771 4859 perte
794 4797 865 4846 esse
887 4779 1003 4844 iustam
1026 4783 1058 4844 et
1080 4777 1245 4844 honestam
1261 4781 1294 4842 et
1308 4793 1381 4844 con·
