3398 5354
1280 405 1341 466 203

89 610 126 671 et
149 606 374 673 solemnitsto¹
396 606 474 672 iuris
503 612 535 672 et
563 606 750 672 iudiciorum
774 606 814 670 ad
851 625 962 688 puram
985 611 1018 670 et
1040 605 1173 670 liberam
1195 605 1341 670 uolunta-

89 716 159 776 tem
184 715 223 776 et
245 709 468 775 conscientiam
492 709 592 792 ipsius
615 711 733 777 domini
756 711 941 791 potestatis;
965 709 1039 773 dum
1061 715 1166 774 minen
1182 727 1240 789 par
1257 707 1341 787 capi-

91 813 181 880 tales
207 813 352 878 inimicos
376 819 475 879 testes
498 812 613 894 aliquis
635 832 697 880 non
720 813 835 880 debeat
858 812 1086 878 condemnauit

135 916 183 982 Et
208 917 384 999 procedere
407 918 577 982 summarie
600 917 704 998 possit
727 916 839 984 diebus
862 915 984 981 ferietis
1008 927 1042 980 et
1065 935 1125 981 non
1156 914 1277 980 feriatis
1301 915 1343 980 ad

89 1019 199 1102 ipsius
225 1019 342 1086 domini
364 1020 534 1102 potestatis
556 1019 680 1085 libitum
704 1027 738 1084 et
767 1019 989 1086 conscientiam
1014 1025 1047 1083 et
1077 1019 1171 1084 etiam
1196 1019 1343 1084 uolunta-

92 1129 171 1208 tem,
197 1125 338 1202 statutis,
363 1122 648 1205 reformationibus,
673 1123 899 1188 ordinamentis
922 1122 997 1187 dicti
1021 1123 1194 1186 communis
1216 1127 1251 1188 et
1265 1121 1343 1186 iuri-

92 1227 156 1294 bus
181 1227 343 1309 aliquibus
366 1227 511 1292 ciuilibus
534 1227 586 1292 uel
610 1227 768 1292 canonicis
789 1245 849 1292 non
874 1226 1083 1291 obstantibus,

518 1473 585 1520 0³1³.
610 1473 720 1514 xxxin.
749 1475 790 1514 De:
813 1475 929 1514 uirorum.

139 1588 228 1654 Item
251 1594 407 1654 statutum
431 1595 464 1655 et
488 1587 667 1655 ordinatum
691 1596 749 1668 est,
783 1589 868 1670 (ruod
897 1589 1001 1654 nullus
1025 1589 1128 1670 possit
1151 1607 1208 1653 neo
1231 1589 1347 1653 debeat

98 1710 209 1760 emere
234 1693 362 1775 aliquod
386 1692 516 1758 bladum
538 1692 572 1758 in
595 1692 701 1773 platee
724 1694 897 1758 communis
913 1693 1093 1774 proaliquo
1111 1710 1259 1774 persona,
1284 1691 1344 1756 nisi

96 1803 228 1864 tuntum
251 1814 310 1879 pro
333 1815 368 1863 se
391 1803 425 1864 et
446 1815 504 1878 pro
527 1816 586 1863 sua
608 1795 746 1882 familia3
777 1801 811 1862 et
842 1797 869 1862 si
892 1795 1146 1872 contrafecerit,
1177 1795 1247 1861 uice
1269 1813 1347 1876 qua-

98 1900 181 1966 libet
205 1901 358 1982 puniatur
380 1901 412 1965 in
435 1901 545 1968 decem
568 1900 667 1983 libris,
692 1900 781 1966 cuius
803 1900 958 1966 medietas
982 1899 1025 1966 sit
1046 1898 1219 1966 communis
1235 1904 1269 1965 et
1284 1899 1347 1964 alia

97 2005 300 2072 accusatoris
323 2009 357 2072 at
379 2009 528 2070 teneatur
550 2004 582 2069 in
606 2011 739 2072 secreto.

521 2251 588 2294 ou.
608 2252 732 2294 xxxvn.
756 2252 798 2293 DE
813 2251 931 2295 EODEM.

143 2367 229 2432 Item
254 2371 409 2433 statutum
433 2371 468 2432 et
489 2365 670 2432 ordinatum
694 2372 752 2441 est,
777 2367 862 2447 quod
886 2373 1030 2448 potestas
1049 2372 1198 2434 teneatur
1222 2367 1348 2432 uinculo

102 2470 296 2535 sacramenti
328 2469 456 2535 mittere
485 2468 526 2534 ad
555 2469 674 2534 insulas
705 2475 848 2550 tempore
878 2471 1030 2534 messium
1053 2488 1149 2534 ornum
1173 2471 1290 2536 bonum
1313 2475 1348 2536 et

101 2571 241 2656 legalem
260 2572 420 2638 hominem
443 2573 485 2638 ed
508 2571 709 2639 scribendum
733 2577 832 2638 totam
857 2573 996 2656 blauam,
1021 2573 1100 2654 que³
1123 2574 1299 2654 reperietur
1317 2574 1349 2637 in

104 2675 197 2742 dictis
220 2676 333 2743 insulis
349 2677 390 2742 ad
406 2694 561 2758 expensas
577 2677 760 2742 communis.
785 2677 828 2740 Et
844 2677 897 2740 ille
913 2677 966 2757 qui
983 2677 1110 2758 iuuerit,
1128 2683 1276 2742 teneatur
1291 2696 1348 2758 per

104 2785 340 2846 sacramentum
364 2785 398 2846 et
420 2797 504 2861 pena
527 2783 561 2844 et
582 2781 703 2846 bamm⁴
718 2799 792 2844 xxv
809 2781 960 2844 librarum
978 2779 1137 2846 bonafide
1153 2779 1350 2846 sinelmude

106 2883 251 2950 seribere
274 2885 361 2952 etin
384 2883 511 2966 scriptis
534 2884 688 2950 reducere
711 2887 811 2950 totam
835 2883 951 2948 dictam
983 2885 1127 2949 blauam⁶
1150 2886 1273 2949 comam⁶
1295 2885 1349 2948 do-

104 2987 191 3054 mino
215 2992 378 3070 potestate
402 2986 524 3070 Spoleti
547 2989 580 3054 in
603 2988 734 3054 oonsilio
757 2987 908 3070 generali,
945 3007 984 3052 ne
1008 2987 1096 3053 fraus
1119 2987 1226 3070 aliqua
1248 2989 1350 3069 possit

108 3091 264 3159 committi
286 3093 320 3158 in
342 3092 427 3159 diem
449 3091 554 3159 bluus.

222 3337 291 3381 one.
316 3338 452 3383 xxxm-
477 3339 519 3381 ou
541 3338 800 3384 orsmsorsnrmos
823 3318 1015 3382 ursmuuras'
1038 3339 1102 3382 oum
1126 3341 1240 3382 sanun.

149 3453 233 3520 Item
255 3458 411 3520 statutum
434 3459 467 3519 et
490 3453 670 3520 ordinatum
695 3461 753 3534 est,
779 3455 863 3536 quod
887 3454 992 3519 nullus
1013 3453 1157 3520 offendat
1172 3455 1204 3518 in
1221 3457 1352 3520 conlate

110 3553 232 3638 Spaleti
256 3557 394 3639 aliquem
418 3555 568 3624 Sclauum
598 3559 651 3623 uel
675 3558 788 3624 alium8
810 3577 1038 3639 quemcumque
1068 3558 1248 3624 uenientem
1283 3577 1352 3621 eum

110 3659 224 3726 blaua⁹
245 3661 286 3727 ad
310 3661 471 3727 ciuitatem
490 3659 622 3744 Spalati,
647 3681 706 3728 nec
728 3662 760 3727 in
783 3681 930 3744 persona,
956 3681 1014 3728 nec
1035 3663 1067 3726 in
1090 3663 1195 3727 rebus.
1227 3661 1270 3725 Et
1300 3662 1353 3741 qui

112 3763 346 3849 contrafecerit,
369 3767 402 3830 iu
424 3765 523 3832 tercio
546 3765 631 3848 pluri
654 3766 923 3850 condemnetur¹⁰‚
949 3785 1043 3848 quom
1066 3766 1093 3831 si
1117 3766 1235 3830 dictum
1258 3765 1353 3830 male-

111 3866 216 3934 ficium
239 3873 351 3934 contra
372 3869 469 3935 ulium
492 3873 723 3952 perpetrasset.

156 4098 167 4133 ¹
197 4101 288 4162 God.
320 4098 428 4160 acad.
460 4099 504 4158 B:
539 4093 793 4178 „solempnitate“.
908 4095 920 4132 ²
949 4099 1062 4158 ibid.:
1097 4095 1354 4172 „condempnari“.

16 4201 24 4218 '
117 4183 203 4262 3Αρ.
227 4186 357 4263 Ljub.:
381 4189 496 4258 „totum
520 4184 648 4256 bladum,
673 4185 782 4258 quod&
882 4183 892 4218 ⁴
916 4185 1008 4243 Deest
1029 4185 1122 4243 ibid.
1208 4181 1354 4240 ⁶ibiol.:

117 4277 224 4347 „totum
249 4273 357 4333 dictum
380 4271 531 4332 bladum“.
594 4269 738 4330 ⁶ibid.:
765 4270 892 4352 „dioto“.
958 4268 1078 4329 ⁷Cool.
1103 4269 1353 4328 eoad.Aetll:

116 4357 347 4435 „uenientibus“.
450 4353 575 4416 ⁸Doest
604 4373 653 4432 ap.
685 4356 796 4432 Ljub.
884 4355 1008 4416 ”Deest
1039 4355 1129 4416 ibid.
1217 4351 1352 4414 10θοᾶ.

116 4447 216 4507 acad.
242 4447 284 4506 B:
309 4441 587 4527 „oonolempnetur“.
