3376 5392
357 439 416 507 186

349 646 474 714 restitui
508 651 541 713 et
571 666 610 714 ea
645 648 677 713 in
710 647 854 716 omnibus
887 647 1062 717 obseruetis
1098 653 1132 714 et
1164 647 1329 715 obseruari
1366 645 1490 714 facistis
1521 648 1576 716 snb

351 752 435 818 dicta
456 770 566 835 poena.

391 855 536 926 Andreas
558 857 730 944 Bernardo‚

396 960 553 1045 Georgius
588 963 777 1031 Lauredano
810 970 844 1032 et

394 1064 572 1133 Triadanus
595 1065 692 1134 Gritti

551 1169 737 1254 nitergo:

391 1274 623 1360 Spectabilibus
647 1281 680 1344 et
702 1278 840 1363 egregijs
862 1279 938 1346 viris
964 1279 1096 1347 dominis
1119 1279 1283 1347 Dominico
1312 1277 1502 1345 Maurocano
1527 1276 1579 1344 bo

347 1380 489 1448 norando
513 1381 617 1448 comiti
640 1380 795 1450 Corsulae
817 1389 850 1450 et
873 1384 1107 1452 succesoribus
1130 1383 1238 1452 adicis
1260 1382 1464 1452 charissimis.

395 1485 555 1568 Receptac
576 1486 628 1554 die
649 1487 688 1552 ix.
713 1487 799 1572 Junij
822 1489 990 1574 Mcccclxij.

939 913 1149 981 aduocatores
1171 909 1343 979 communis
1359 908 1579 990 'Venetiamm

938 1019 981 1085 ibi
1004 1017 1055 1086 die
1069 1019 1122 1102 vij.
1138 1016 1255 1085 mensis
1278 1013 1397 1098 Aprilis
1414 1013 1578 1096 Mccoclxij.

712 1703 825 1746 xxvm.
848 1699 962 1746 nmasn
983 1703 1115 1747 nnoms
1138 1689 1218 1761 κη’,

353 1779 382 1836 in
400 1796 454 1850 qna
471 1779 504 1836 de
523 1781 714 1838 obseruatione
722 1782 940 1854 priuilegiomnr;
959 1782 1007 1838 sed
1023 1782 1193 1838 inelectione
1206 1781 1311 1838 comitio
1323 1797 1377 1839 non
1388 1781 1574 1852 scimpodiant

653 1887 714 1926 cum
731 1869 870 1942 eligendus
888 1870 941 1924 erit
958 1886 1006 1939 per
1023 1869 1109 1925 maius
1127 1869 1277 1928 consilium.

391 1992 554 2060 Pascbolr’s
576 1993 753 2080 Malipatrc,
776 1993 838 2060 Dei
856 1997 965 2081 prolia
988 1995 1053 2060 dua
1081 1992 1279 2058 Venellorum
1301 2001 1354 2058 etc.

397 2115 565 2184 Nobilibus
588 2123 622 2182 et
644 2117 838 2199 sapientibus
860 2117 934 2184 viris
956 2117 1120 2182 Dominico
1143 2115 1333 2182 Mauroceno
1357 2115 1398 2182 de
1422 2132 1481 2181 sno
1502 2133 1583 2179 man·

353 2221 427 2288 dato
450 2221 556 2287 comiti
579 2221 735 2289 Corsulae
757 2227 790 2288 ct
811 2222 1048 2289 successoribus
1071 2221 1135 2288 suis
1152 2219 1298 2287 fidelibus
1310 2219 1437 2287 dilectis
1453 2218 1583 2284 mntem

349 2330 384 2392 et
405 2325 581 2392 dilectionis
604 2325 761 2394 affectum.

391 2429 643 2514 comparuerunt
673 2449 779 2497 coram
811 2431 967 2513 capitibus
999 2431 1119 2514 consilij
1152 2431 1254 2497 nostri
1276 2431 1395 2497 Decem
1425 2427 1582 2512 sapientes

347 2535 406 2600 viri
427 2537 524 2602 Forte
547 2554 577 2618 q.
601 2536 727 2618 Antonij
751 2541 784 2601 et
805 2535 945 2602 Boninus
962 2535 1100 2602 Obradis
1123 2535 1368 2602 ambasciatores
1390 2533 1487 2602 istius
1504 2551 1581 2600 oom-

349 2640 511 2706 munitatis
534 2646 661 2707 nostrae
685 2639 841 2707 Curzulae
864 2646 897 2706 et
919 2645 1130 2722 porrexerunt
1152 2641 1215 2707 duo
1237 2639 1387 2722 capitula.

390 2744 453 2809 Per
472 2745 605 2826 primum
627 2743 787 2828 petierunt
809 2763 904 2828 posse
926 2743 1046 2826 eligere
1069 2749 1225 2812 rectorem
1242 2762 1332 2810 suum
1347 2743 1438 2809 iuxta
1454 2742 1580 2809 formans

349 2848 504 2932 priuilegij
530 2849 589 2914 sui.

390 2953 453 3018 Per
474 2954 648 3020 secundum
671 2959 795 3030 autem,
828 2952 912 3034 quod
934 2972 991 3036 per
1013 2971 1234 3036 praecessores
1267 2957 1394 3018 uestros
1418 2955 1453 3018 et
1476 2951 1579 3033 princi·

348 3057 463 3140 paliter
485 3075 543 3139 per
565 3075 622 3124 uos
645 3057 886 3140 interrumpitur
908 3075 1017 3124 eorum
1041 3058 1241 3142 priuilegium
1267 3075 1325 3139 per
1346 3073 1406 3122 nos
1429 3055 1462 3120 in
1482 3055 1579 3137 acqui·

350 3162 464 3228 sitione
487 3161 614 3244 dominij
638 3162 697 3228 sibi
720 3179 918 3241 conoessum3
947 3163 1106 3229 narrando
1128 3157 1229 3228 multa
1252 3161 1312 3228 sibi
1334 3177 1393 3245 per
1415 3178 1475 3228 uos
1503 3159 1580 3226 feda

350 3272 460 3333 contra
481 3265 706 3332 continentiam
727 3266 944 3350 promissionis
967 3273 1096 3334 nostrae
1118 3267 1309 3350 praedictae.

390 3369 511 3448 Quibus
534 3371 679 3453 capitulis
711 3371 939 3454 respondimus,
965 3373 1049 3453 quod
1072 3373 1112 3438 de
1133 3372 1289 3438 electione
1312 3371 1446 3438 rectoris
1468 3387 1529 3436 non
1550 3387 1580 3435 sa

346 3475 528 3558 impediant,
551 3476 609 3542 scd
631 3481 737 3542 rector
759 3477 828 3564 ipse
851 3476 986 3557 eligetur
1009 3495 1066 3560 per
1087 3478 1188 3543 maius
1211 3475 1385 3554 consilium,
1410 3474 1495 3541 sicut
1513 3474 1579 3539 bao

346 3585 439 3648 tenus
461 3580 579 3646 iactum
600 3581 669 3648 fnit.

391 3682 484 3750 Circa
503 3689 609 3752 autem
632 3685 897 3752 inobseruantiam
921 3685 1157 3768 priuilegiorum
1182 3704 1310 3752 suorum
1340 3685 1477 3752 diximus
1499 3681 1581 3750 nobis

350 3788 436 3855 uelle
459 3790 597 3856 scribere
620 3791 845 3872 etprouidere
869 3793 952 3873 quod
975 3791 1174 3874 priuilegium
1198 3809 1308 3857 eornm
1332 3790 1533 3857 obscuretur.

390 3890 494 3970 Quare
517 3893 557 3960 ad
579 3893 813 3976 requisitionem
836 3897 979 3962 virorum
1001 3897 1154 3964 nobilium
1184 3915 1247 3962 ser.
1279 3893 1430 3978 blaphaei
1451 3891 1580 3960 Micbacl

347 4002 381 4064 et
402 4015 463 4062 ser.
486 3996 644 4063 Leonardi
673 3998 813 4065 Marcelli
845 4002 987 4083 capitum
1019 4001 1138 4084 consilij
1172 4001 1292 4067 Decem
1322 4019 1380 4084 pro
1404 3999 1582 4067 executione

347 4107 380 4169 et
407 4101 629 4170 obseruatione
661 4103 778 4169 ordinis
810 4105 932 4188 consilij
966 4107 1065 4172 nostri
1096 4107 1214 4173 Decem
1237 4124 1334 4187 super
1366 4104 1581 4172 obseruatione

346 4206 582 4290 priuilegiorum
605 4225 755 4289 expresse
780 4210 977 4290 mandamus,
1001 4211 1086 4292 quod
1108 4229 1216 4278 eorum
1247 4209 1451 4293 priuilegium
1476 4208 1580 4275 adlit·

347 4317 447 4378 teram
475 4313 507 4378 in
530 4311 684 4394 omnibus,
707 4319 840 4396 excepta
872 4314 1025 4380 electione
1061 4316 1193 4381 rectoris
1226 4315 1400 4382 obseruare
1423 4319 1458 4382 et
1480 4312 1579 4395 mequi

347 4416 500 4495 debeatis,
533 4415 730 4482 restituendo
753 4421 787 4483 et
808 4417 934 4496 restitui
965 4417 1118 4502 iaciendo,
1154 4418 1307 4501 quidquid
1340 4419 1401 4485 sibi
1425 4421 1579 4500 acceptum

348 4527 380 4588 et
403 4524 560 4586 extortum
582 4519 711 4599 fuisset;
734 4522 874 4604 gerendo
896 4541 954 4589 nos
977 4523 1091 4603 taliter,
1116 4524 1201 4606 quod
1225 4523 1373 4591 debona
1402 4522 1574 4591 obedientia

349 4629 457 4689 uestra
479 4625 511 4689 in
534 4623 718 4690 executione
740 4625 959 4692 mandatorum
980 4633 1160 4694 nostrorum
1183 4628 1268 4712 apud
1292 4647 1351 4694 nos
1375 4624 1576 4694 commendari

350 4727 496 4810 possitis3
529 4745 588 4794 nec
617 4727 790 4796 habeamus
821 4748 946 4798 causam
978 4733 1168 4800 rescribendi
1201 4739 1233 4801 et
1265 4732 1358 4800 aliter
1389 4729 1574 4817 promuerit
