3434 5368
355 495 395 559 38

349 701 499 768 habuerit
520 706 650 784 patrem,
674 701 845 767 deueniant
867 702 908 768 ad
931 701 1070 778 tratrem,
1101 702 1153 766 uel
1174 701 1215 766 ad
1238 700 1369 784 iratres,
1400 701 1449 766 uel
1473 718 1584 766 eorum

349 805 501 889 heredes3
524 811 557 871 et
578 807 604 870 si
627 825 689 870 non
704 806 851 873 habuerit
865 805 1005 885 fratrem,
1030 806 1080 871 uel
1096 805 1222 882 iratres,
1247 805 1300 870 uel
1315 823 1424 871 eorum
1439 804 1584 889 heredes,
1684 823 1685 826 ¹

352 912 523 978 deueniant
545 911 585 976 ad
607 911 861 992 propinquiorem
885 912 925 976 da
947 929 1005 975 sua
1026 911 1177 993 progenie
1200 929 1257 991 per
1278 915 1408 991 patrem.

569 1142 635 1184 GAP.
659 1144 744 1184 xlm.
767 1143 809 1184 DE
832 1143 1045 1186 GONI‘EG'HONE
1067 1119 1362 1185 massmannonun.¹

396 1259 475 1324 Item
498 1259 682 1344 statuimus,
717 1259 800 1339 quod
824 1260 851 1324 si
874 1259 986 1341 aliquis
1020 1260 1157 1326 uoluerit
1189 1259 1325 1324 condere
1357 1263 1585 1323 testamentum

349 1369 414 1428 tam
436 1363 469 1426 in
490 1361 671 1428 infirmitate
695 1365 844 1448 eorporis,
869 1382 962 1446 quarn
985 1365 1016 1428 in
1039 1365 1183 1442 sanitate,
1208 1365 1281 1428 dum
1298 1371 1403 1428 tamen
1420 1363 1463 1426 sit
1476 1362 1509 1426 in
1527 1379 1586 1426 sua
1684 1373 1685 1384 ¹

349 1468 433 1533 bona
455 1467 613 1544 memoria,
638 1467 753 1534 debeat
774 1467 879 1534 faeere
902 1487 1006 1534 eoram
1031 1476 1167 1550 quatuor
1190 1469 1334 1546 testibus
1359 1467 1496 1547 alioquin
1513 1465 1585 1530 nui-

349 1573 409 1637 lius
431 1571 473 1637 sit
493 1572 611 1637 uaioris
635 1572 886 1644 testamentum!
908 1573 950 1638 m
972 1575 998 1638 si
1022 1593 1083 1638 non
1106 1574 1168 1638 erit
1190 1574 1232 1638 ibi
1250 1574 1400 1656 notarius
1423 1577 1457 1636 61
1472 1569 1588 1636 feeerit

350 1693 455 1742 euram
480 1682 615 1756 quatuor
634 1677 786 1755 testibus,
821 1678 972 1756 heredes,
1007 1679 1058 1742 uol
1082 1661 1279 1742 sureaessores
1303 1677 1451 1742 inducant
1473 1681 1586 1758 testas,

352 1785 389 1846 ut
408 1781 540 1845 ueniant
563 1797 667 1846 coram
690 1781 792 1845 iurato
827 1782 949 1846 notario
973 1783 1146 1846 communis
1169 1787 1203 1845 61
1225 1781 1346 1846 duobus
1370 1779 1531 1844 iudicibus
1555 1785 1588 1842 et

353 1883 542 1966 perhibeant
564 1885 775 1950 testimouium
798 1886 838 1949 de
861 1891 1058 1964 testamento,
1082 1887 1122 1951 de
1142 1905 1203 1968 quo
1220 1885 1403 1951 confidatur·
1425 1877 1586 1965 publicum

351 1989 609 2066 instrumentum,
643 1987 725 2052 infra
747 1989 858 2070 uiginti
881 1990 949 2055 dies
971 1997 1043 2074 post
1067 1997 1197 2055 mortem
1232 1990 1409 2066 testatoris,
1445 1986 1585 2067 alioquin

350 2098 576 2159 testamentum
599 2093 641 2156 sit
664 2091 811 2158 friuolam
833 2101 867 2158 61
888 2095 990 2160 inane.
1022 2096 1063 2159 Et
1086 2093 1220 2161 herodas
1244 2103 1276 2159 et
1298 2111 1507 2172 successores,
1533 2091 1587 2172 qui

352 2215 415 2263 nou
437 2197 618 2263 induxerint
640 2217 695 2263 eos
718 2198 758 2262 ad
780 2197 1012 2264 testificandum
1035 2198 1116 2264 inira
1143 2200 1221 2264 iliud
1243 2205 1378 2284 tempus,
1413 2197 1588 2262 restituant

353 2302 439 2367 male
462 2301 578 2380 oblata
602 2303 628 2367 si
652 2321 714 2383 qua
735 2303 895 2370 testatoris
918 2302 1044 2382 fuerint,
1065 2310 1098 2370 et
1119 2305 1246 2370 soiuant
1260 2303 1414 2368 communi
1429 2319 1588 2385 yperpera
1684 2369 1685 2376 ἶ

352 2406 472 2474 decem.
507 2407 550 2470 Et
572 2408 598 2470 si
621 2407 713 2488 plura
735 2413 937 2497 ¹testamenta
970 2407 1098 2487 iecerit,
1133 2409 1275 2474 ultimum
1298 2409 1404 2474 ualeat
1426 2413 1459 2473 et
1480 2405 1588 2470 omnia

353 2509 418 2577 alia
439 2511 503 2577 sint
525 2529 625 2576 cassa.

487 2724 553 2767 cn.
578 2725 675 2766 xnvn.
699 2725 767 2766 DUM
790 2725 889 2768 Panas
913 2727 1020 2772 ulum*
1043 2729 1153 2772 armum
1175 2729 1218 2771 AD
1241 2727 1444 2770 anonumum.

396 2841 476 2907 Item
498 2841 677 2920 statuimus,
713 2843 797 2923 quod
821 2845 847 2907 si
870 2844 985 2925 aliquis
1007 2853 1098 2926 pater
1120 2847 1241 2912 miserit
1263 2845 1401 2926 aliquem
1423 2842 1523 2907 filium
1547 2841 1588 2906 ad

354 2945 574 3026 mercandum,
608 2947 783 3012 lucrumst
807 2947 992 3034 dampnum,
1025 2951 1108 3030 quod
1132 2951 1219 3016 Deus
1250 2953 1391 3028 auertat,
1427 2948 1469 3013 sit
1491 2963 1588 3028 super
1682 3019 1684 3028 Α

354 3050 445 3116 bonis
468 3052 576 3132 patris.
601 3051 644 3115 Et
666 3052 692 3115 si
716 3070 778 3116 non
801 3051 913 3118 iuerit³
935 3055 975 3119 de
999 3055 1162 3120 uoluntate
1186 3056 1286 3136 patris
1310 3054 1350 3118 ad
1373 3051 1586 3126 mercandum,
1681 3077 1682 3086 ¹

356 3153 543 3236 dampnum,
578 3157 663 3236 quod
686 3156 744 3222 sibi
767 3158 917 3222 acciderit
940 3161 1007 3226 siue
1030 3161 1136 3240 aliqua
1158 3160 1353 3240 obligatione
1375 3159 1489 3236 debiti,
1525 3173 1587 3220 nou

355 3258 397 3324 sit
419 3278 514 3339 super
537 3271 667 3341 patrem,
704 3279 807 3342 neque
830 3281 925 3343 super
948 3283 998 3329 res
1022 3265 1098 3330 eius.
1134 3265 1176 3328 Et
1198 3265 1257 3329 boe
1279 3271 1328 3330 est
1350 3261 1587 3346 intelligendum

356 3363 396 3428 de
419 3361 483 3429 filio
505 3383 568 3430 non
592 3365 693 3432 diuiso
717 3385 737 3429 a
759 3372 859 3447 patre,
883 3386 944 3449 que
968 3369 1079 3434 diuisio
1104 3371 1219 3434 ‹lebeat
1241 3369 1366 3451 probari
1382 3387 1439 3450 per
1453 3369 1587 3433 idoneos
1681 3365 1682 3428 ἶ

356 3472 464 3547 testes,
488 3469 556 3534 siue
579 3487 636 3551 per
658 3471 883 3551 im·ameutum;
907 3475 980 3554 quia
1001 3481 1091 3555 pater
1115 3481 1164 3540 est
1187 3481 1220 3540 et
1243 3475 1339 3538 debet
1354 3491 1424 3538 esse
1442 3473 1587 3537 dominus

358 3571 389 3636 in
412 3573 479 3638 uita
501 3592 567 3654 sua,
592 3581 624 3638 et
645 3581 747 3639 mater
770 3587 841 3656 post
864 3583 997 3644 mortem
1019 3578 1078 3642 uiri
1102 3578 1159 3643 sui.
1681 3575 1682 3582 '

639 3806 705 3848 ΟΔΡ.
728 3807 837 3848 ΧΙΝΙΠ.
861 3809 902 3848 DE
926 3809 1112 3852 cosmomnus
1135 3811 1168 3852 IN
1190 3811 1298 3854 NOCTE.

401 3919 480 3984 Item
505 3921 682 4000 statmmus
707 3923 791 4002 quod
814 3925 961 3990 custodes
984 3927 1016 3990 in
1039 3933 1131 3992 noete
1154 3927 1292 3992 debeant
1314 3927 1447 4010 uigilare
1469 3927 1509 3993 de
1533 3928 1587 3993 eb-

357 4022 493 4090 domada
515 4025 546 4088 in
569 4025 775 4092 ebdomadam
798 4046 855 4106 per
877 4029 1086 4095 iuramentum
1108 4036 1140 4096 et
1163 4032 1323 4097 custodire
1338 4030 1488 4108 fideliter3
1513 4039 1548 4097 et
1563 4031 1587 4096 si
1679 4057 1681 4072 ¹

356 4127 467 4208 aliquis
491 4129 689 4205 obdormiret,
715 4131 766 4210 qui
791 4131 924 4198 deberat
947 4141 1031 4200 stare
1054 4136 1085 4199 in
1109 4155 1166 4200 sua
1181 4137 1354 4216 uigilantia,
1378 4135 1482 4202 soluat
1497 4154 1585 4216 gros·
1679 4153 1681 4170 *

356 4261 560 4270 -——--.--..-.

403 4317 863 4395 116161426161116161111,
887 4346 962 4402 cap.
988 4329 1139 4404 OXLVIL)
1156 4333 1293 4389 statutum
1316 4333 1369 4406 ast,
1390 4333 1588 4391 tastamentum
1679 4317 1680 4324 ἵ

356 4411 470 4470 absente
488 4410 658 4470 Caneeiiario
670 4413 827 4472 confestum
843 4417 949 4474 nullius
961 4433 1022 4474 essa
1040 4418 1153 4494 valoris,
1177 4417 1231 4477 nisi
1247 4417 1335 4476 fuant
1349 4420 1486 4492 seriptum
1502 4435 1586 4478 mauu

353 4498 467 4572 propria
482 4499 634 4568 testatoris,
658 4501 711 4570 val,
735 4502 759 4560 si
776 4501 921 4562 oonfioitur
936 4521 953 4562 a
968 4520 1084 4578 persona
1106 4507 1247 4576 extranea,
1270 4507 1398 4566 testatori
1414 4509 1443 4564 61
1459 4508 1586 4578 quatuor

356 4585 477 4644 testibus
493 4585 672 4656 praelectum.

401 4669 557 4730 ςΙ11666111
573 4671 632 4732 Ed.
648 4671 732 4734 Van.

403 4753 494 4819 ’Cod
506 4759 608 4850 sap:
628 4759 762 4837 „fuerit“.
