3416 5350
1269 486 1331 549 lta

125 689 233 758 Etsi
262 691 377 774 aliquis
407 690 542 759 forensis
573 692 698 759 uenerit
727 692 768 760 ad
803 691 964 758 unitatem
996 688 1117 774 Spulati
1148 696 1180 758 et
1210 689 1330 758 habeat

17 811 24 826 ·
75 791 204 862 iustam
226 812 354 862 oausam
377 799 410 863 et
430 797 549 864 iustum
572 796 727 874 timorem,
751 802 884 880 propter
907 813 1013 879 quarn,
1035 795 1088 860 uel
1107 795 1217 878 quem¹
1239 799 1330 878 potat

76 897 247 966 licentiam
269 900 418 982 portandi
441 919 530 967 arma
549 898 720 968 offensoria
742 900 796 966 uel
818 899 998 967 defensoria
1019 917 1078 983 per
1109 898 1270 966 ciuitatem
1294 909 1328 964 et

76 1000 121 1067 de
154 1001 218 1068 hoo
246 1001 343 1069 fumat
371 1001 468 1069 fidem
497 1007 531 1069 et
557 1003 781 1086 probationem
813 1002 1015 1072 uerisimilem
1038 1019 1143 1068 ooram
1166 1005 1327 1084 potestate

77 1104 137 1171 uel
162 1110 289 1174 rectore
311 1105 396 1188 diote
419 1106 559 1174 mulmis
581 1105 722 1189 Spatati:
745 1112 851 1174 rector
873 1125 944 1174 oum
967 1105 1098 1198 oonsilio
1120 1111 1155 1174 et
1173 1105 1329 1174 delibera·

77 1209 176 1278 tione
206 1210 356 1278 iuditium
386 1217 420 1279 et
449 1211 710 1291 consiliariorum,
741 1212 796 1294 qui
825 1211 944 1279 debent
972 1209 1140 1294 sententiis
1162 1211 1329 1288 interraso,

77 1314 107 1380 si
135 1314 185 1382 eis
206 1314 370 1382 audebitur
392 1315 563 1385 oouuenire
585 1334 625 1383 ex
646 1317 753 1400 aliqua
773 1317 859 1384 iusta
889 1333 995 1396 eausa,
1028 1314 1132 1398 possit
1160 1313 1222 1380 sibi
1251 1313 1328 1380 dare
1451 1299 1457 1310 ⁴

76 1416 247 1486 licentium
268 1418 417 1501 portandi
439 1420 510 1502 ipsa
531 1439 621 1486 arma
649 1419 821 1488 offensoriu
849 1439 908 1506 per
938 1415 1127 1496 ciuitatem,
1158 1417 1328 1483 dummodo

77 1519 190 1588 dictus
218 1521 355 1591 forensis
384 1525 551 1605 promittat
579 1529 613 1592 et
642 1541 737 1607 super
758 1525 820 1592 hoo
841 1524 898 1591 det
925 1528 958 1591 et
978 1527 1103 1606 prestet
1124 1519 1329 1588 fideiussores
1413 1609 1416 1618 ,

78 1625 230 1710 ydoneos
252 1627 292 1694 de
313 1627 443 1695 uiuitme
459 1625 590 1710 Spalati,
614 1628 702 1711 quod
717 1647 753 1696 se
770 1627 912 1713 obligent
926 1625 1152 1710 principalitar,
1176 1624 1229 1690 uel
1244 1623 1330 1708 quod

83 1727 303 1796 confiteantur
323 1728 443 1798 habero
465 1729 499 1796 in
528 1731 674 1812 deposito
704 1731 745 1798 ue
774 1731 867 1798 bonis
898 1731 974 1798 dicti
1001 1729 1148 1810 forensis,
1178 1727 1231 1794 uel
1254 1745 1331 1810 quo·

82 1851 226 1915 eumque
247 1834 342 1900 modo
365 1833 418 1900 se⁸
438 1833 552 1900 melius
575 1834 615 1900 de
637 1834 706 1900 iure
728 1834 848 1916 poterit
869 1834 1021 1920 obligare,
1045 1833 1133 1916 quod
1150 1849 1221 1900 oum
1237 1831 1331 1898 diotis

84 1937 187 2003 mmis
209 1935 330 2003 nullum
353 1935 495 2004 offendet
516 1937 549 2002 in
572 1937 702 2004 ciuitate
718 1935 842 2020 Spalati
863 1937 915 2004 uel
931 1955 988 2004 suo
1005 1937 1150 2004 districtu
1164 1935 1223 2002 sub
1238 1934 1331 2018 penis

84 2040 249 2107 contentis
269 2041 319 2106 in⁴
340 2040 486 2124 presenti
500 2041 662 2108 uolumine
677 2045 880 2121 statutorum,
904 2039 999 2106 aliter
1015 2040 1101 2108 diota
1113 2038 1242 2106 lieentia
1256 2055 1329 2120 por-

81 2143 177 2210 tandi
199 2163 289 2211 arma
309 2144 396 2211 nullo
418 2144 513 2212 modo
534 2145 596 2212 sibi
618 2145 720 2214 detur.
1022 2133 1026 2143 ’

81 2390 154 2436 osu.
189 2391 275 2436 nro.
305 2393 348 2436 nn
374 2389 638 2438 mmmmm
667 2391 759 2436 ann
786 2393 822 2436 ns
850 2390 974 2436 uuam
1002 2390 1115 2437 aaron
1142 2390 1329 2450 munuum,

535 2476 733 2524 unaarum
753 2479 882 2522 nouum.

127 2593 213 2660 Item
236 2599 390 2661 statutum
415 2598 448 2661 et
479 2594 658 2662 ordinatum
690 2600 748 2674 est,
780 2595 915 2678 quodsi
945 2595 1016 2678 quis
1045 2596 1179 2664 traxerit
1208 2613 1328 2681 ensem,

83 2697 140 2765 uel
171 2704 362 2782 spontonem
391 2699 424 2766 in
453 2699 563 2781 platea
593 2699 694 2766 sanati
724 2699 898 2783 Laurentii,
929 2699 983 2768 uel
1013 2700 1116 2766 sanai
1136 2701 1262 2782 Domnij
1287 2699 1329 2768 ad

83 2801 311 2870 offendendum
334 2803 483 2888 aliquem,
507 2802 540 2869 in
555 2803 787 2887 qunquaginta
802 2803 901 2870 libras
916 2803 1242 2871 irremissionubiliter
1256 2820 1330 2870 oon·

83 2907 257 2974 damnetur
277 2924 338 2989 pro
354 2907 422 2974 sola
437 2907 634 2975 extractione
649 2908 743 2987 ensis,
767 2907 819 2974 uel
836 2906 1016 2990 spontonis;
1040 2911 1073 2974 et
1087 2909 1115 2976 si
1129 2907 1216 2976 aliud
1230 2905 1329 2974 malo·

83 3007 193 3076 ficium
215 3010 260 3077 ibi
281 3011 503 3091 committeret,
527 3011 729 3078 nihilominus
751 3011 793 3077 tle
816 3011 879 3076 alio
901 3008 1057 3078 maleficio
1080 3011 1133 3078 uel
1155 3008 1328 3093 malefioijs‚

83 3132 149 3196 que
173 3113 397 3196 commutaret,
427 3115 578 3197 puniatur
609 3114 781 3182 mundum
812 3132 914 3197 penas
944 3119 1112 3182 contentas
1133 3115 1166 3181 in
1188 3113 1330 3198 presenti

86 3216 253 3287 uolumine
275 3223 479 3286 statutorum.

126 3446 198 3492 osu.
221 3447 295 3492 ην.
318 3449 361 3491 nn
382 3447 432 3504 so,
456 3449 512 3500 our
534 3447 692 3492 01!qu
713 3427 874 3503 mensal
895 3449 939 3493 sn
953 3448 1039 3494 susm
1053 3448 1286 3494 ammom.

128 3563 213 3630 ltem
235 3567 390 3630 statutum
413 3569 447 3630 et
469 3563 650 3630 ordinatum
672 3569 734 3648 est,
763 3565 847 3648 quod
869 3565 903 3630 in
924 3565 1070 3632 omnibus
1092 3562 1265 3648 maleficijs‚
1289 3563 1330 3632 da

82 3667 204 3751 quibus
226 3663 263 3734 fit
283 3667 403 3734 mentio
424 3667 458 3734 in
481 3668 623 3752 presenti
646 3668 805 3736 uolumine
828 3673 1030 3753 statutorum,
1053 3667 1139 3750 quod
1162 3669 1189 3734 si
1212 3667 1328 3749 aliquis

82 3769 225 3853 aliquem
255 3768 449 3838 offenderet⁶
476 3771 518 3838 ad
548 3771 597 3836 sui
626 3777 661 3836 et
690 3789 819 3837 suorum
848 3771 1074 3853 defensionen,
1104 3770 1275 3837 dummodo
1297 3769 1330 3836 iu

83 3873 271 3954 continenti,
295 3861 578 3959 flagrante'adhuo
599 3871 754 3942 maleficio
779 3881 812 3942 et
834 3893 905 3942 oum
926 3875 1142 3942 moderamine
1170 3873 1331 3956 inculpate

84 3976 200 4057 tutele,
223 3977 257 4044 id
279 3983 331 4043 est
352 3995 423 4044 oum
445 3978 622 4060 equalitate
645 3997 805 4045 armorum
826 3983 860 4045 et
875 3979 1049 4062 equalitate
1064 3979 1196 4057 uirium3
1219 3983 1253 4044 et
1266 3977 1330 4044 hoo

85 4081 230 4165 legitime
252 4081 446 4162 probauerit,
470 4083 511 4148 ud
534 4100 650 4164 penam
672 4083 854 4150 nullatenus
871 4087 1026 4162 teneatur,
1052 4082 1135 4163 quia,
1159 4080 1245 4163 quod
1260 4081 1331 4164 qui·

83 4202 221 4267 cumque
243 4183 285 4250 ad
307 4185 465 4251 cautelam
488 4185 544 4251 sui·
560 4187 702 4268 torporis
724 4185 845 4263 lecerit,
879 4186 950 4252 iuro
971 4183 1086 4252 leoisse
1108 4183 1329 4268 presumatur⁷

82 4295 117 4355 et
138 4287 204 4353 uim
227 4288 261 4353 ui
283 4290 441 4372 repellere
462 4307 572 4356 omnes
594 4289 692 4372 leges,
716 4289 883 4371 omniaque
906 4289 977 4356 iura
998 4288 1195 4371 permittunt.

132 4481 144 4517 ¹
166 4483 225 4560 Ap.
249 4483 381 4560 Ljub.:
407 4485 548 4559 „proptor
570 4475 681 4558 quw.
757 4478 770 4516 ¹
792 4481 878 4544 God.
902 4481 1007 4542 aoad.
1029 4480 1055 4540 Β
1076 4483 1107 4540 et
1128 4497 1177 4557 ap.
1201 4479 1329 4558 Ljub.:

86 4569 252 4648 „Spalati“.
317 4566 328 4603 ³
357 4568 443 4630 God.
466 4569 572 4629 aoad.
595 4567 622 4629 A
644 4573 675 4629 et
693 4567 733 4629 B:
760 4561 835 4628 ‘si¹‘.
902 4565 915 4601 ⁴
937 4567 993 4644 Ap.
1017 4565 1144 4644 ajon:
1170 4566 1219 4647 „in
1241 4565 1327 4628 hoo“.

13 4729 17 4741 ¹
88 4651 215 4716 ⁶Doest
244 4655 274 4715 in
305 4655 386 4715 ood.
417 4654 522 4716 aead.
546 4655 571 4715 B
593 4658 623 4715 et
644 4673 692 4731 ap.
724 4655 833 4731 Ljub.
949 4651 1089 4713 ‘ibiolz
1123 4650 1324 4729 „offendor-it“.

88 4739 179 4821 ’Ap
204 4741 333 4819 idun:
358 4739 592 4819 „emanatura
