3396 5402
387 700 453 743 one.
478 701 548 744 oxx.
570 701 614 742 nn
636 701 841 746 sseosnnnoo
865 703 940 746 vrso
961 681 1060 746 souo¹

148 812 234 879 Item
256 815 289 880 in
315 817 426 883 eodem
442 819 571 884 consilio
588 825 713 902 ceptum
730 825 763 886 et
778 818 935 886 firmatum
953 819 1021 905 luit,
1046 822 1129 902 quod
1145 823 1351 910 quicumque,

107 917 162 998 qui
185 917 282 984 vellet
304 928 482 1004 exportare,
505 923 555 989 vel
578 923 655 988 dare
678 925 718 990 ud
741 926 969 1007 exportandum
993 927 1098 992 vinum
1114 947 1231 993 nouum
1247 929 1340 994 modo

106 1027 140 1088 et
161 1029 291 1106 postes,
327 1027 427 1108 possit
449 1026 622 1094 liberaliter
652 1029 844 1094 vindemiare
879 1030 1065 1113 ubicumque
1086 1033 1119 1097 in
1142 1033 1241 1100 vineis
1263 1033 1340 1118 suis,

104 1146 168 1194 non
191 1128 337 1198 faciendo
361 1136 466 1198 tamen
489 1132 637 1198 damnum
661 1133 754 1200 alicui
776 1153 939 1216 personae.

7 1351 8 1356 ’
106 1342 175 1386 cAP.
200 1345 284 1387 exst.
317 1345 487 1390 BBADOBUH
510 1349 764 1410 sememonten,
794 1351 834 1391 ΕΤ
857 1351 940 1402 QUOD
970 1351 1056 1394 unito
1086 1351 1247 1396 comunem
1277 1353 1341 1398 cult

602 1455 841 1498 vmnmnosmus

148 1566 240 1645 Item,
265 1567 359 1656 quod⁴
374 1568 479 1650 aliqua
501 1587 635 1650 persons
657 1591 719 1636 non
742 1571 875 1652 audeat,
909 1573 960 1638 vel
981 1577 1164 1654 praesumot
1186 1591 1222 1640 se
1243 1574 1340 1658 impe·

107 1669 175 1737 dire
199 1689 270 1736 cnm
294 1673 399 1754 aliquo
422 1674 587 1742 venditore
609 1673 706 1758 bladi,
730 1694 788 1740 nec
810 1675 896 1756 loqui
919 1677 987 1742 sine
1011 1678 1101 1758 scitu,
1126 1683 1159 1745 et
1179 1679 1342 1746 voluntate

104 1774 247 1856 ipsorum
275 1777 465 1843 sindicorum
488 1798 590 1860 poena
612 1799 839 1863 yperperorum
861 1799 942 1861 xxv,
977 1781 1044 1848 siue
1068 1783 1110 1848 sit
1133 1781 1340 1871 Curzulsnus‚

105 1879 173 1946 siue
196 1881 340 1948 forensis
364 1882 407 1948 Et
428 1884 514 1965 quod
549 1886 690 1968 regimen
713 1886 814 1966 possit
836 1891 870 1950 et
892 1886 1008 1952 debeat
1030 1888 1113 1952 omni
1136 1905 1218 1955 anno
1238 1888 1342 1956 lacere

111 1984 259 2068 sindicos,
291 1989 345 2070 qui
368 1989 407 2055 de
431 2008 504 2073 sue,
539 1989 587 2055 vel
611 1989 772 2056 Communi
803 1991 936 2072 pecunia
968 1992 1157 2073 prouidosnt
1179 1993 1219 2060 de
1236 1993 1340 2062 blado.

366 2203 433 2246 GAP.
457 2205 553 2246 oxxn.
576 2205 618 2246 DE
640 2205 754 2247 DOMINI
776 2204 900 2264 (tomum
923 2205 1080 2250 INTROI'I'U.

147 2317 232 2383 Item
266 2307 393 2401 ceptum
415 2318 475 2385 luit
497 2320 529 2385 in
551 2321 663 2386 eodem
699 2321 844 2406 consilio,
880 2323 963 2403 quod
998 2325 1141 2389 erunibus
1172 2326 1339 2392 comitibus

7 2509 8 2512 Ἴ
107 2424 250 2489 uenturis
284 2425 474 2492 obseruetur
506 2425 618 2490 modus
641 2427 701 2492 iste
724 2428 895 2492 secundum
929 2429 1173 2496 consuetudines
1202 2435 1338 2509 nostras,

106 2529 262 2606 uidelicet,
294 2530 379 2610 quod
402 2529 433 2594 in
457 2530 575 2610 campis
598 2535 662 2596 tum
684 2530 866 2610 bladorum,
898 2551 991 2614 quant
1015 2534 1192 2618 uinearum,
1222 2534 1340 2601 hebere

105 2634 222 2700 debeat
244 2641 277 2702 et
292 2635 436 2716 recipere
458 2639 579 2716 purtem
604 2655 692 2700 suani
716 2643 748 2700 et
771 2637 948 2704 conducere
970 2638 1074 2706 lacere
1097 2657 1166 2704 eam
1189 2639 1229 2704 ad
1261 2639 1337 2703 ciui-

106 2745 204 2805 intem
229 2740 271 2806 ad
293 2759 367 2804 sues
390 2759 553 2824 expensae,
579 2747 611 2804 ut
633 2743 729 2807 moris
752 2747 810 2807 est.
835 2742 879 2806 Et
900 2743 946 2807 sic
969 2744 1064 2808 debet
1087 2744 1179 2809 scribi
1203 2761 1337 2824 semper,

106 2844 234 2924 quando
257 2863 314 2926 per
333 2863 403 2911 eam
425 2845 537 2910 mittet.
563 2845 604 2910 Et
621 2851 765 2912 teneatur
792 2865 898 2912 comes
914 2865 1040 2929 semper
1055 2849 1162 2914 venire
1177 2847 1217 2915 de
1232 2868 1339 2916 mense

105 2949 235 3032 Maritij,
259 2955 293 3016 vt
315 2949 491 3016 differentia
513 2969 575 3016 non
598 2952 639 3015 sit
660 2952 742 3017 inter
766 2953 894 3019 comites
918 2971 976 3034 pro
999 2953 1189 3018 introitibus.

328 3165 394 3209 our.
419 3165 529 3208 oxxm.
552 3165 803 3210 nnenmrumorrus
826 3167 974 3218 ooonono
997 3144 1119 3210 nmnr.²

147 3281 232 3347 Item
254 3281 400 3364 Mccccuj.
424 3263 598 3347 Indictione
620 3284 659 3346 iv.
684 3289 718 3349 et
741 3284 791 3350 die
814 3283 921 3349 ultimo
945 3283 1102 3349 Octobris.
1130 3285 1166 3348 In
1189 3286 1283 3366 pleno
1306 3291 1339 3352 et

7 3425 8 3428 =
104 3387 247 3470 generali
269 3387 398 3454 oonsilio
422 3393 548 3468 captum
571 3387 639 3467 luit,
674 3389 839 3455 obtentum
861 3395 894 3456 et
916 3387 1090 3467 firmatum,
1126 3389 1211 3470 quod
1233 3389 1339 3472 eliqua

106 3492 266 3558 sententio
288 3491 455 3556 criminalis
478 3511 540 3556 non
563 3493 719 3558 excedens
755 3494 891 3559 valorem
917 3494 1026 3559 decem
1060 3513 1284 3576 yperperorum
1306 3495 1339 3560 in

105 3595 248 3662 futurum
270 3596 425 3678 appellari
448 3615 510 3661 non
532 3598 642 3678 possit.
669 3596 778 3664 Ciuilis
796 3619 869 3664 vero
886 3599 1044 3664 sententis
1060 3598 1213 3681 appellari
1228 3601 1338 3681 possit,

105 3704 284 3784 quicunque
306 3702 439 3767 sentiret
462 3719 498 3768 se
520 3709 702 3784 grauatum,
738 3709 832 3784 prout
861 3703 930 3767 vult
952 3703 1113 3769 Statutum
1136 3703 1176 3770 de
1198 3703 1338 3786 appella·

7 3845 8 3888 5
54 3857 60 3868 .
106 3807 282 3886 tionibus;³
300 3826 413 3890 ¹verum
434 3807 468 3870 in
490 3807 539 3872 his
555 3808 668 3887 modis
692 3809 777 3889 quod
790 3809 930 3890 quilibet,
954 3809 1007 3889 qui
1024 3808 1204 3890 appellabit,
1228 3813 1261 3874 et
1276 3829 1339 3876 non

7 3991 8 3998 ἵ
106 3917 332 3994 prosequetur,
366 3917 401 3976 vt
433 3912 613 3978 ordinatum
636 3913 697 3977 orit
719 3933 775 3994 per
796 3914 954 3997 regimen,
989 3913 1083 3979 cedat
1105 3914 1144 3979 de
1167 3913 1236 3978 iure
1270 3932 1337 3995 suo,

7 4027 8 4030 ’
106 4017 182 4082 nihil
204 4017 334 4084 soluens
357 4015 540 4096 Communi;
569 4017 693 4083 sivero
716 4023 924 4100 prosequetur
947 4023 979 4083 et
1001 4019 1093 4082 cudat
1115 4017 1155 4082 de
1178 4019 1247 4083 iure
1269 4037 1336 4099 suo,

7 4163 9 4208 ἰ
107 4123 212 4190 soluat
235 4119 399 4186 Communi
422 4121 539 4188 solidos
563 4123 642 4187 duos
665 4141 721 4204 pro
743 4123 885 4204 quolibet
899 4141 1054 4205 yperpero
1070 4123 1215 4190 estimato
1231 4122 1339 4190 valore

7 4289 9 4304 ,
107 4226 300 4309 quaestionis
322 4233 355 4291 et
376 4227 481 4292 soluat
514 4228 614 4309 parti,
648 4235 874 4310 contraquam
905 4234 996 4312 eget,
1030 4245 1139 4293 omnes
1172 4247 1336 4310 expensas,

7 4379 9 4384 .
107 4331 221 4396 damna
244 4337 277 4396 et
299 4333 462 4398 interesse.
487 4331 553 4397 Nee
575 4333 677 4413 possit
699 4334 862 4416 appellans
885 4333 991 4399 iacere
1006 4334 1143 4414 aliquem
1158 4338 1335 4414 protestum

7 4437 9 4510 j
106 4435 137 4500 in
159 4436 311 4517 denarijs
335 4455 393 4502 nec
414 4437 484 4514 sibi,
508 4456 566 4504 nec
588 4440 741 4520 cognitori
762 4441 861 4520 ipsius
881 4457 1004 4505 causae.
1027 4439 1070 4502 Et
1085 4455 1210 4520 semper
1226 4437 1336 4520 appel-

152 4595 162 4630 ¹
179 4599 222 4659 (ll.
239 4599 325 4657 etiarn
341 4615 441 4672 capp.
458 4597 536 4656 XIV.
553 4601 665 4672 atque
683 4599 824 4658 CXXXII.
841 4599 995 4659 Reform.

151 4681 223 4747 Ὀἱ
241 4703 318 4760 cap.
335 4685 421 4746 XXV.
437 4686 583 4745 statuti
600 4689 686 4760 atquo
701 4705 801 4762 oepp.
819 4688 863 4746 CI.
880 4689 909 4746 et
924 4687 1039 4748 cxvu.
1057 4686 1217 4746 Reform.

153 4770 220 4833 ³cf.
237 4791 314 4849 oep.
330 4771 418 4834 XXV.
435 4773 609 4872 statuti„

1163 4873 1183 4908 ‘k
