3376 5392
357 479 416 542 156

396 687 513 754 Datum
547 688 579 753 in
612 691 721 753 nostro
758 685 862 752 ducali
895 685 1013 769 palatio
1047 692 1160 753 octauo
1194 684 1311 767 Martij,
1345 682 1516 762 indictione
1549 684 1591 768 iij.

351 791 496 858 Mceccxl.

559 895 587 962 A
610 902 743 979 tergo:

396 1001 560 1067 Nobilibus
583 1007 617 1067 et
638 1001 834 1084 sapientibus
857 1002 930 1067 viris
953 1001 1089 1084 Mapbeo
1111 1001 1291 1068 Fuscareno
1307 1001 1414 1069 comiti
1430 999 1591 1068 cumulas

352 1111 385 1172 et
408 1107 643 1172 successoribus
667 1108 741 1172 suis.

394 1208 554 1294 Receptae
577 1211 628 1278 die
650 1212 759 1278 ultimo
782 1210 887 1295 Martij
911 1211 1056 1280 Mcccexl.
1147 1223 1150 1228 '

738 1427 782 1468 xr.
806 1427 940 1470 mannas
961 1429 1093 1472 nncunm
1116 1415 1197 1486 vrn‘,

410 1506 438 1561 in
457 1503 561 1574 quade
579 1520 633 1562 non
650 1505 785 1577 pascendo
803 1507 937 1576 animalia,
955 1523 1006 1564 nee
1022 1508 1186 1565 incantando
1204 1507 1315 1580 scopulo
1332 1507 1378 1562 Fr.
1398 1505 1536 1560 minorum

786 1633 788 1641 e
871 1593 896 1649 S.
915 1595 1061 1654 Francisci.

394 1715 583 1785 Franciscaa
607 1719 738 1786 Foacori
759 1718 820 1786 Dei
839 1722 946 1806 prolia
968 1722 1034 1786 duc
1062 1719 1259 1786 Vertetiorum
1280 1728 1333 1783 cta.

392 1841 559 1908 Nobilibus
590 1849 623 1908 et
652 1844 845 1926 sapientibus
869 1843 944 1910 viris
968 1843 1107 1910 Thomae
1129 1842 1265 1909 Michael
1287 1842 1327 1907 de
1350 1859 1409 1906 suo
1434 1839 1587 1906 mandata

351 1947 455 2013 comiti
479 1946 637 2014 Curaulae
666 1956 698 2015 et
729 1950 962 2015 successoribus
993 1950 1059 2014 suis
1082 1947 1228 2016 fidelibus
1252 1945 1375 2012 dilectis
1396 1945 1533 2012 salutem
1556 1951 1588 2011 et

352 2051 527 2118 dilectionis
551 2052 708 2119 affectum,

394 2156 604 2235 Querelcnter
626 2160 802 2241 expositum
825 2157 884 2224 fuit
907 2179 1007 2242 nuper
1030 2159 1167 2226 dominio
1191 2165 1300 2236 nostro
1323 2173 1380 2238 pro
1404 2163 1499 2238 parte
1513 2155 1587 2222 reli·

352 2263 510 2343 giosorum
534 2263 665 2328 fratrum
695 2264 813 2330 ordinis
844 2264 945 2330 sancti
968 2263 1127 2330 Francisci
1150 2265 1190 2329 de
1214 2261 1427 2330 Obseruantia
1450 2279 1586 2328 commo

351 2368 487 2432 rantimn
509 2367 541 2432 in
564 2367 698 2435 ecelesia
719 2370 833 2436 beatae
856 2368 975 2455 Mariae
992 2369 1131 2452 Virginis
1156 2387 1253 2450 super
1275 2366 1404 2448 scopulo
1428 2367 1489 2432 sito
1512 2373 1586 2432 unta

1683 2077 1686 2150 l

1684 2151 1686 2204 ι

352 2470 440 2535 illum
462 2471 565 2536 locum
588 2479 740 2556 nostrum,
764 2477 818 2555 qui
841 2492 910 2540 eum
934 2476 994 2540 iam
1018 2481 1092 2540 sunt
1114 2474 1214 2557 elapsi
1232 2473 1306 2539 anni
1321 2473 1404 2558 sliu,
1429 2471 1514 2553 qnod
1528 2490 1587 2554 per
1686 2479 1687 2518 f

350 2575 513 2642 consilium
542 2577 703 2644 bominum
735 2577 891 2644 Gurzulae
922 2580 1062 2662 legitime
1090 2579 1299 2645 coadunatum
1329 2577 1481 2642 iratribus
1511 2581 1586 2640 tunc

351 2679 558 2748 existentibus
582 2685 690 2764 etqui
712 2701 770 2764 per
793 2689 936 2766 tempora
958 2683 1083 2761 fuerint,
1115 2703 1280 2750 concessus
1302 2681 1414 2748 fuisset
1433 2680 1584 2762 scopulus

350 2785 412 2864 ille,
443 2804 539 2867 snper
568 2803 630 2866 quo
665 2787 786 2868 absque
816 2807 925 2853 eorum
954 2789 1118 2854 uoluntate
1149 2807 1240 2854 nemo
1265 2787 1398 2852 auderet
1418 2785 1584 2868 seminare,

352 2889 491 2956 incidere
514 2891 607 2974 ligna,
631 2911 690 2958 nec
712 2893 774 2958 alia
796 2891 911 2972 facere,
936 2911 1016 2974 quae
1039 2893 1130 2959 dictis
1145 2891 1305 2970 iratribus
1322 2909 1379 2956 seu
1395 2891 1586 2956 utilitatibus

352 2995 417 3061 suis
440 2996 588 3062 damnum
619 2997 746 3079 aliquod
774 2997 891 3066 inferre
914 3005 1054 3080 possent,
1084 3003 1178 3080 prout
1200 3017 1257 3079 per
1278 2997 1477 3080 priuilegium
1500 2995 1586 3079 sigil-

215 3153 223 3172 .
353 3099 450 3164 latum
481 3101 584 3184 sigillo
615 3101 698 3167 illius
728 3101 829 3168 fidelis
859 3107 987 3168 nostrae
1009 3102 1242 3168 communitatis
1265 3101 1430 3167 euidenter
1451 3105 1587 3183 apparet

352 3209 386 3269 et
408 3205 512 3271 omnia
527 3206 572 3271 sic
587 3226 644 3290 per
660 3208 776 3272 dietum
799 3214 924 3289 tempus
947 3207 1070 3291 iratres,
1094 3207 1147 3289 qui
1169 3208 1201 3272 in
1224 3206 1308 3274 dicto
1331 3207 1402 3273 loco
1418 3205 1584 3271 habitaue-

253 3313 255 3318 ’
351 3313 434 3388 runt,
458 3311 564 3392 quiete
593 3318 626 3378 et
648 3311 778 3394 pacifice
802 3313 1026 3396 possederunt;
1056 3331 1139 3377 nunc
1161 3331 1238 3378 uero
1261 3311 1401 3377 nonnulli
1424 3317 1508 3390 sunt,
1531 3310 1585 3391 qni

352 3414 501 3482 honorem
517 3416 739 3498 omnipotentis
755 3418 814 3483 Dei
835 3437 871 3483 ae
886 3399 1133 3500 gloriosissimae
1149 3415 1287 3500 Virginis
1304 3415 1583 3499 parmpendenus,

269 3541 277 3554 ·
351 3517 467 3601 capras
490 3525 523 3585 ct
545 3521 690 3586 animalia
712 3541 769 3588 sua
792 3521 832 3586 ad
848 3522 1039 3603 pascendum
1055 3539 1150 3603 super
1165 3520 1268 3603 ipsum
1283 3521 1444 3602 scopulum
1461 3520 1585 3588 mittere

352 3623 522 3690 intendunt
550 3627 718 3708 presertim
750 3627 858 3709 uigore
888 3628 1048 3692 cuiusdam
1078 3627 1177 3708 partis
1199 3626 1332 3702 nouiter,
1362 3623 1512 3691 uidelicet
1532 3626 1584 3691 die

351 3728 411 3794 xix.
428 3728 562 3812 Augusti
579 3732 718 3812 proximo
734 3733 895 3814 praeteriti
912 3738 1023 3814 captae
1039 3732 1071 3796 in
1086 3731 1215 3797 consilio
1233 3727 1398 3810 Curzulae,
1415 3749 1473 3812 per
1491 3748 1584 3812 quam
1686 3743 1687 3748 ’

352 3833 561 3901 deliberatum
585 3840 643 3916 est,
668 3837 752 3916 quod
775 3837 921 3918 scopulus
944 3835 1147 3901 habitationis
1170 3836 1309 3918 ipsorum
1326 3833 1460 3900 lratrum
1476 3835 1582 3900 incan-

352 3940 413 4005 tari
444 3939 559 4006 debeat
587 3959 645 4022 pro
675 3941 804 4023 pasculo
834 3941 1022 4025 animalium,
1053 3941 1137 4023 qnod
1167 3941 1291 4024 quidem
1320 3940 1405 4022 apud
1426 3939 1529 4006 Deum
1553 3946 1585 4006 et

352 4045 495 4113 homines
526 4045 665 4128 iniquum
697 4051 729 4111 et
759 4045 956 4111 inhonestum
990 4051 1058 4124 est3
1093 4045 1175 4110 vnde
1205 4043 1386 4127 supplicant
1414 4043 1583 4124 humiliter,

352 4145 508 4234 quatenus
539 4150 740 4232 dignaremur
770 4151 876 4216 taliter
904 4150 1081 4233 prouidere,
1114 4151 1198 4233 quod
1221 4149 1370 4216 iratribus
1392 4149 1470 4231 ipsis
1492 4149 1584 4214 modo

352 4257 458 4338 aliquo
481 4256 642 4338 obliquum
664 4275 727 4324 non
750 4256 806 4322 fiat
828 4262 936 4322 contra
958 4256 1090 4322 sormam
1113 4255 1270 4338 priuilegii
1293 4256 1351 4320 sui.

394 4359 573 4426 Humilibus
595 4361 712 4443 itaque,
736 4378 773 4426 ac
794 4359 936 4426 honestis
959 4360 1239 4443 supplicationibus
1263 4358 1414 4442 inclinati,
1437 4356 1583 4424 fidelitati

350 4470 475 4532 vestrae
496 4465 660 4531 scribimus
682 4471 715 4530 et
736 4465 922 4531 mandamus
951 4484 1021 4532 cum
1044 4471 1150 4531 nostro
1182 4463 1310 4531 consilio
1333 4463 1529 4546 Rogatorum
1551 4469 1583 4528 et

350 4569 522 4648 additione,
553 4576 709 4651 quatenus
742 4570 845 4636 omnia
876 4569 967 4636 dictis
997 4567 1149 4635 f1·atribus
1173 4567 1422 4636 seuconnentni
1446 4585 1582 4650 suaper

351 4673 550 4758 priuilegium
566 4675 812 4758 suprascriptum
828 4691 987 4753 concessa,
1005 4675 1176 4740 obseruare
1192 4677 1226 4738 et
1240 4671 1463 4740 inuiolabiliter
1478 4673 1583 4738 obser·

353 4780 422 4846 uari
456 4778 561 4845 iacere
589 4779 732 4847 debeatis
762 4779 794 4846 in
824 4783 1001 4864 posterum,
1031 4780 1113 4846 sicut
1143 4779 1358 4860 superioribus
1388 4777 1583 4861 temporibus
1621 4835 1624 4844 .
