3396 5402
287 685 354 730 OAP·
382 685 487 728 cxxvi.
511 686 552 728 DE
574 684 786 726 momurt'meus
808 685 878 726 SINE
900 660 1127 728 umunmr0.¹

126 803 210 869 Item
233 804 410 883 statuimus,
434 801 518 884 quod
541 801 567 867 si
590 802 660 883 quis
682 800 813 867 moritur
828 801 1003 880 intestatus,
1028 801 1131 866 omnia
1153 801 1236 868 bona
1259 821 1317 868 sua

83 909 257 974 deueuiaut
280 908 321 974 ad
336 907 590 990 propinquiorem
606 907 645 973 de
667 925 725 971 sua
746 905 896 988 progenie
912 925 968 986 per
984 905 1098 970 lineam
1114 907 1316 972 masculinam

82 1019 116 1081 et
151 1013 179 1080 si
215 1031 278 1079 non
312 1017 396 1080 esset
430 1011 551 1094 aliquis,
582 1011 633 1078 uel
653 1011 759 1092 aliqua
782 1010 822 1075 de
856 1010 986 1092 propria
1009 1012 1114 1099 stirpe
1143 1011 1315 1078 masculine

81 1119 175 1198 linee,
200 1117 313 1184 mulier
335 1116 530 1184 descendens
552 1135 610 1200 per
639 1117 753 1182 lineam
780 1115 983 1182 masculinam
1006 1115 1101 1182 debet
1128 1116 1315 1194 hereditare,

84 1229 118 1288 et
153 1224 182 1288 si
218 1241 281 1288 uon
314 1228 398 1288 esset
431 1241 489 1306 per
521 1223 635 1288 lineam
668 1221 870 1286 masculinam
903 1221 1106 1304 propinguior
1117 1270 1126 1306 ‚
1160 1220 1317 1287 hereditet

82 1329 297 1412 propingoior
318 1327 475 1394 masculus
498 1325 693 1410 pertineam
716 1325 912 1407 lemeninam,
937 1331 970 1394 et
992 1327 1018 1392 si
1041 1344 1102 1392 non
1125 1331 1210 1394 esset
1234 1345 1315 1392 mas-

81 1431 182 1513 culus,
206 1431 331 1498 femina.

355 1645 423 1688 one.
448 1646 567 1689 cxxrn.
591 1647 633 1688 nu
654 1645 798 1689 usmarus
821 1623 1046 1690 sassouunrs.²

124 1762 209 1828 Item
244 1761 420 1841 statuimus,
451 1761 536 1842 quod
566 1762 592 1826 si
620 1761 747 1842 aliquod
776 1761 936 1843 nauigium
966 1769 1174 1846 rumperetur,
1210 1763 1315 1830 nullos

83 1864 279 1948 Corqulauus
301 1865 417 1930 audeat
438 1885 542 1932 emere
565 1885 626 1940 res,
647 1885 706 1930 seu
721 1867 912 1933 mercantias
927 1868 959 1933 in
974 1870 1061 1949 mari,
1078 1869 1235 1947 uidelicet,
1253 1887 1315 1952 que

84 1972 146 2036 sint
176 1972 211 2035 in
244 1968 350 2050 runuo,
374 1970 433 2036 sub
457 1988 538 2052 pena
567 1969 720 2052 perdendi
742 1975 842 2035 totum
865 1971 907 2048 id,
941 1973 1026 2054 quod
1059 1975 1258 2056 expenderet,
1282 1983 1315 2042 et

84 2092 239 2140 accusans
262 2073 379 2141 habeat
408 2074 619 2152 medietatem,
650 2074 819 2140 dummodo
849 2077 962 2158 probet
992 2095 1049 2159 per
1077 2079 1156 2146 duos
1185 2079 1315 2154 idoneos

82 2185 193 2246 testes.

168 2393 236 2436 ῦΔΡ.
260 2395 391 2437 cxxvm.
414 2395 535 2438 muudus
557 2395 660 2438 Possm*
683 2389 904 2438 convertantur
927 2397 990 2440 misr
1013 2395 1155 2441 uocum
1177 2397 1220 2440 ΔΙ)

589 2483 812 2526 EXGUSAIIDUH·

14 2667 15 2676 χ
126 2600 209 2665 Item
233 2599 409 2677 statuimus
434 2599 518 2680 quod
540 2617 602 2664 non
625 2599 725 2680 possit
748 2599 869 2680 aliquis,
897 2601 948 2666 uel
978 2601 1084 2682 aliqua
1113 2601 1316 2670 criminaliter

85 2704 319 2786 condempnari,
343 2704 402 2769 nisi
425 2704 525 2785 primo
549 2709 680 2770 uooetur
702 2723 760 2786 per
781 2705 922 2785 regimen
944 2705 984 2770 ad
1008 2707 1258 2786 excusacionem3
1282 2715 1315 2773 at

14 2837 16 2868 z
89 2809 116 2874 si
139 2808 281 2874 uoluerit
301 2826 490 2890 comparere,
514 2809 566 2876 uel
594 2810 795 2890 respondere,
820 2816 967 2892 tanquam
991 2829 1075 2890 reus,
1099 2811 1150 2877 uel
1172 2829 1227 2878 rea
1249 2830 1319 2880 sen-

84 2912 264 2978 tencialiter
285 2912 540 2995 condempnetur,
566 2913 689 2994 dequo
713 2913 902 2979 criminatur.

272 3126 339 3170 OAP.
363 3127 469 3170 exxm.
492 3128 534 3168 DE
557 3128 681 3171 annoto
704 3128 914 3172 eademnam
937 3130 970 3171 Ill
994 3129 1128 3172 daunais.

126 3243 208 3310 Item
244 3243 427 3319 statuimus,
461 3243 545 3325 quod
580 3244 839 3328 quandocumque
873 3247 986 3330 aliquis
1019 3253 1146 3314 accusat
1179 3247 1315 3330 aliquem

14 3383 16 3416 1
86 3347 298 3426 criminaliter,
311 3349 516 3416 cancellarius
527 3355 673 3416 teneatur
684 3351 790 3416 statim
803 3349 917 3416 dictam
930 3353 1164 3420 accusationem
1176 3354 1313 3420 scribere

14 3485 16 3528 5
87 3458 119 3517 et
140 3455 250 3518 statim
266 3453 434 3518 enunciare
449 3454 611 3536 regimini3
627 3455 712 3536 quod
728 3457 866 3538 regimen
883 3455 998 3523 debeat
1013 3459 1118 3523 statim
1136 3461 1315 3524 examinare

14 3579 16 3650 3
86 3563 195 3636 testes,
220 3558 247 3622 si
270 3563 344 3623 sunt
365 3557 397 3622 in
419 3559 555 3637 ciuitate,
580 3559 606 3624 si
629 3564 735 3624 autem
758 3565 864 3628 essent
886 3561 918 3626 in
940 3561 1016 3628 uilla
1038 3581 1108 3628 cum
1131 3562 1244 3646 sigillo,
1260 3562 1313 3629 uel

14 3653 16 3718 ἱ
85 3661 206 3740 cedula,
229 3662 344 3728 debeat
364 3662 446 3727 mitti
469 3681 526 3744 pro
550 3663 595 3729 eis
618 3668 651 3729 et
672 3683 728 3747 pro
744 3671 902 3748 accusato,
920 3666 972 3748 qui
997 3667 1111 3734 debeat
1133 3684 1315 3748 comparere

14 3777 15 3836 ss
87 3781 191 3831 coram
225 3767 375 3848 regimine
403 3767 443 3832 ad
477 3768 729 3849 respondendum
764 3769 818 3835 tali
853 3771 1045 3836 accusationi
1080 3777 1112 3837 et
1138 3772 1199 3837 iste
1234 3771 1312 3838 ordo

14 3891 15 3968 }
87 3869 273 3936 obseruator
295 3888 420 3952 semper
441 3871 473 3935 in
497 3871 716 3938 criminalibus

14 4057 16 4098 ᾗ
88 4082 152 4126 CAP-
177 4085 272 4132 GXXX·
307 4085 390 4136 Quom
412 4085 533 4129 nnuma
554 4087 618 4129 NON
640 4088 742 4132 Possm
764 4066 877 4133 ΡΙιῙΙΒ8
905 4091 1035 4134 rueram
1056 4091 1113 4133 vm
1133 4090 1217 4132 mdo
1254 4091 1315 4134 UBI:

14 4391 18 4478 ¹

14 4793 18 4924 Ι

537 4176 622 4216 arruns
646 4176 735 4228 quum
756 4176 852 4220 Adue.

127 4287 208 4354 Item
231 4288 406 4370 statuimus
430 4289 514 4371 quod
538 4291 643 4372 aliqua
665 4294 777 4359 mulier
799 4313 862 4360 non
892 4295 993 4376 possit
1021 4295 1092 4377 plus
1121 4295 1232 4360 testari
1263 4295 1315 4360 vni

89 4389 161 4472 filio,
185 4391 236 4456 uel
260 4391 332 4473 filie,
357 4407 462 4474 quarm
474 4393 561 4478 adje,
585 4413 643 4462 nec
675 4397 776 4480 possit
809 4399 936 4480 aliquod
964 4399 1123 4466 Immobile
1152 4399 1311 4467 dimittere

131 4566 202 4628 ¹0f.
218 4587 302 4644 supra
317 4588 393 4645 cap.
410 4571 498 4633 XLV.
515 4571 673 4634 statuti.

132 4652 397 4732 ‘cfaupracap
415 4659 731 4724 annumeratum.

134 4740 260 4805 ’Deest
284 4745 313 4805 in
337 4745 413 4807 eod.
437 4745 515 4822 Cap.
