3376 5392
1305 474 1366 536 169

123 683 233 746 natur
255 680 388 748 collecta
411 681 470 746 sub
492 699 596 764 poena
623 681 738 748 rectori
770 681 954 748 ducatorum
983 685 1124 760 centum3
1153 687 1186 747 et
1207 698 1270 746 uon
1293 696 1366 760 sup-

114 784 256 867 plendo,
280 790 415 868 ponatur
444 785 576 852 collecta
603 806 659 870 pro
683 786 736 854 illo
759 787 901 862 residuo,
932 791 965 852 ot
988 805 1048 853 non
1073 787 1155 852 ultra
1178 785 1242 850 ullo
1265 783 1359 850 modo

120 890 192 958 snb
217 909 321 974 poena
342 891 513 973 praedicta.

173 997 270 1076 Item,
295 996 352 1061 obe
375 1003 465 1062 entro
487 996 498 1060 i
522 996 594 1062 ditti
616 996 771 1080 priuilegij
796 1015 831 1062 se
855 997 989 1076 muner,
1014 997 1178 1064 chealoun
1195 993 1368 1062 ullomodo

123 1119 194 1184 per
216 1103 227 1167 i
249 1101 452 1186 gentilomeni
476 1107 509 1167 et
530 1101 647 1184 populo
671 1102 837 1184 uegnaudo
861 1102 900 1169 de
923 1109 985 1184 qul,
1010 1121 1071 1168 non
1095 1121 1189 1184 possa
1212 1100 1325 1184 uegnir
1349 1104 1368 1164 a

123 1226 231 1289 spese
255 1206 340 1274 della
362 1207 444 1272 ditta
466 1207 657 1272 communita
680 1207 748 1272 anzi
772 1206 833 1272 alle
858 1226 968 1290 spesse
989 1207 1029 1274 de
1051 1205 1147 1290 quelli
1170 1207 1180 1271 i
1202 1205 1369 1284 insulano,

125 1312 207 1380 ciue
231 1313 281 1378 dei
304 1311 504 1394 gentilomeni
527 1315 560 1378 et
582 1311 698 1396 populo
721 1311 842 1378 cadaun
865 1313 952 1394 peri
975 1311 1023 1378 soi
1045 1313 1077 1376 in
1100 1311 1170 1378 luor
1185 1310 1368 1392 specialita:

125 1423 165 1484 et
191 1417 223 1482 al
246 1421 436 1500 presentes
460 1415 512 1481 del
543 1423 671 1498 passato
703 1417 789 1482 siano
820 1418 951 1498 uegnnti
973 1420 993 1482 a
1015 1435 1106 1498 spese
1128 1416 1211 1482 della
1234 1433 1368 1482 commu-

125 1521 213 1600 niti,
238 1523 265 1588 si
288 1541 345 1604 per
367 1519 593 1587 contumacior
617 1521 666 1586 del
685 1528 793 1588 nostro
809 1527 911 1588 retlor
925 1529 1072 1606 presente
1096 1519 1295 1588 domandano
1312 1537 1369 1602 per

128 1627 212 1694 altri
236 1627 289 1692 dui
312 1626 385 1692 anni
407 1627 438 1692 le
460 1624 545 1692 losse
566 1626 693 1707 lassato,
717 1643 805 1694 come
828 1633 938 1694 contra
960 1628 1000 1694 de
1016 1629 1068 1692 nui
1084 1626 1259 1710 uegneudo,
1284 1623 1370 1690 enui

127 1752 152 1798 a
178 1737 289 1800 nostre
300 1749 393 1813 spese
408 1731 461 1796 del
476 1731 604 1816 populo,
627 1749 701 1797 cosa
716 1731 900 1808 contraDio
919 1737 953 1798 et
967 1731 1115 1814 giustinia
1131 1730 1213 1796 latta
1228 1751 1246 1798 e
1262 1732 1371 1796 contra

130 1837 245 1921 quello
265 1841 284 1902 e
306 1836 425 1902 denota
445 1841 482 1902 ut
504 1853 615 1918 supra;
647 1835 877 1916 adimaudemo,
908 1836 965 1902 ohe
987 1837 998 1900 i
1021 1836 1093 1902 ‹litti
1117 1837 1143 1900 si
1166 1853 1223 1918 per
1245 1835 1277 1902 lo
1301 1853 1371 1918 pas-

131 1948 219 2022 sato,
244 1961 331 2008 come
361 1961 420 2024 per
449 1941 480 2006 lo
509 1944 658 2022 presente
688 1946 721 2006 et
743 1959 800 2025 per
832 1941 863 2006 lo
888 1941 1020 2008 auueuir
1042 1941 1074 2007 la
1096 1941 1287 2007 communita
1309 1958 1371 2005 non

132 2049 243 2127 abbia,
267 2052 308 2114 ne
329 2065 427 2129 possa
449 2065 526 2112 auer
548 2045 594 2110 tal
616 2063 711 2128 spese
734 2047 871 2114 secundo
894 2047 927 2112 la
950 2047 1144 2112 continentia
1159 2045 1199 2112 de
1214 2045 1371 2129 priuilegij

131 2151 257 2233 nostri;
286 2151 408 2218 efatto
439 2151 581 2218 restituir
611 2151 720 2216 denari
749 2151 836 2234 spesi
865 2170 923 2234 per
953 2151 985 2216 la
1008 2149 1197 2216 communita
1220 2169 1238 2216 e
1258 2155 1373 2216 matter

41 2262 45 2268 '
133 2261 164 2326 si
189 2257 271 2324 latta
292 2255 395 2322 forma
417 2277 435 2323 e
457 2255 551 2322 modo
574 2256 619 2321 tal
642 2255 778 2340 capitolo
802 2275 842 2322 uc
864 2257 912 2322 sia
933 2256 1106 2323 obseruata
1129 2261 1165 2320 ut
1185 2273 1291 2338 supra,
1315 2274 1372 2338 per

135 2382 232 2431 esser
253 2363 359 2445 giusta
382 2361 416 2426 la
437 2361 703 2445 nostrarpetition
726 2367 759 2428 et
781 2380 864 2448 cose,
888 2362 945 2429 che
970 2365 1097 2428 cessare
1119 2362 1224 2442 questi
1239 2359 1373 2442 gentilo-

134 2467 225 2536 meni
247 2485 310 2533 non
332 2486 372 2534 ne
396 2467 641 2534 strusciaranno.

184 2573 325 2656 Respo
337 2573 541 2652 adeatur,
557 2573 642 2653 quod
657 2574 845 2640 obsernetur
861 2572 1059 2654 prommissio
1071 2575 1104 2638 et
1115 2571 1275 2638 concessio
1290 2569 1375 2636 lacta

137 2681 246 2746 dictae
276 2677 502 2754 communitati,
534 2675 701 2756 uidelicet,
732 2677 818 2759 quod
848 2675 970 2744 nobiles
1000 2679 1165 2744 uenientes
1191 2693 1248 2758 pro
1272 2675 1376 2740 causis

136 2785 303 2867 nobilium,
326 2784 458 2849 ueniant
489 2783 529 2849 ad
553 2800 706 2867 expensas
736 2781 887 2849 nobilium
917 2788 951 2848 et
980 2782 1149 2865 populares
1177 2780 1307 2846 ueniant
1337 2779 1377 2844 ad

135 2907 296 2972 expensas
330 2888 545 2971 popularium;
579 2888 667 2954 etsi
697 2887 943 2956 ambasciatores
973 2887 1139 2953 mittentur
1160 2903 1218 2968 pro
1241 2905 1285 2960 re,
1309 2889 1377 2950 tan-

136 3000 237 3078 gente
259 2993 381 3060 nobiles
410 2999 444 3060 et
473 2993 659 3077 populares,
691 2993 722 3058 in
749 2991 903 3060 communi
931 2991 1074 3058 soluatur
1103 3011 1212 3058 eorum
1243 3007 1380 3072 expensa

136 3119 200 3184 per
215 3098 472 3164 communitatem
495 3096 644 3162 nobilium
669 3101 703 3163 et
724 3097 931 3181 popularium,
956 3098 1037 3162 sicut
1059 3097 1118 3162 sibi
1135 3095 1213 3162 alias
1230 3093 1288 3161 luit
1305 3113 1376 3160 cou-

138 3222 268 3270 cessum
292 3203 350 3270 sub
380 3221 483 3286 poena
504 3201 612 3270 comiti
642 3203 879 3268 contrafacienti
910 3202 1094 3268 ducatorum
1118 3207 1252 3268 centum.

185 3309 286 3387 Item,
318 3307 376 3374 ohe
397 3326 454 3390 per
476 3308 487 3371 i
509 3306 713 3390 gentilomeni
741 3308 780 3373 do
811 3314 923 3390 questo
952 3306 1075 3374 Auosto
1105 3311 1233 3389 passato
1266 3311 1377 3372 contra

141 3413 173 3479 el
196 3413 316 3496 populo
338 3411 442 3480 banno
465 3414 616 3478 innonato
639 3413 745 3494 quello
773 3411 830 3478 che
853 3412 916 3478 mai
931 3431 993 3478 non
1008 3411 1072 3491 luo,
1096 3410 1200 3479 soloa
1223 3409 1378 3476 deslation

141 3537 213 3598 sna,
238 3536 257 3582 c
280 3519 363 3585 doue
385 3516 418 3582 la
441 3515 668 3584 consuetudine
692 3517 821 3598 antiqua
847 3536 970 3599 semprc
993 3518 1171 3595 obseruata,
1202 3515 1259 3580 che
1274 3513 1297 3578 li
1319 3533 1376 3596 pu-

144 3623 217 3690 dari
239 3623 322 3690 delle
344 3623 447 3707 vigne,
472 3623 540 3688 ciob
569 3620 771 3706 guardiam,
794 3622 804 3688 i
833 3622 906 3704 qual
929 3621 1034 3688 hanno
1058 3621 1090 3688 la
1113 3640 1149 3687 ιο
1172 3620 1376 3687 constitution

143 3729 275 3796 d'esser
298 3728 376 3794 creti
399 3745 456 3808 per
479 3745 537 3794 suo
565 3731 763 3794 sacramento
792 3726 831 3792 de
852 3728 926 3793 tutti
950 3726 1046 3810 quelli
1068 3727 1078 3791 i
1102 3744 1268 3792 accusasse
1291 3729 1379 3790 tante

143 3832 230 3900 liade
253 3851 348 3900 senza
370 3832 452 3898 altre
475 3849 584 3914 prone,
608 3832 732 3899 nouiter
761 3831 866 3898 hanno
889 3831 968 3898 fatto
991 3851 1053 3898 uno
1077 3850 1172 3913 sopra
1194 3831 1204 3895 l
1228 3829 1300 3895 ditti
1322 3847 1380 3912 pu·

143 3939 214 4005 dari
239 3937 467 4006 occultamente
490 3936 653 4005 chiamado
677 3956 738 4002 ser.
763 3936 858 4004 Carlo
882 3937 921 4004 dc
945 3935 1101 4020 Sibenico,
1125 3936 1155 4002 el
1177 3935 1250 4019 qual
1266 3938 1284 4000 e
1300 3933 1381 4001 iatto

143 4044 272 4112 nouiter
295 4047 403 4110 nostro
426 4043 532 4110 nobile
562 4046 596 4108 ct
618 4045 636 4108 e
659 4047 744 4110 stato
768 4043 887 4110 rebella
917 4042 1001 4108 della
1031 4047 1141 4108 nostra
1168 4039 1384 4106 illustrissima

144 4149 287 4232 agiona
310 4167 366 4230 per
387 4148 419 4216 lo
442 4151 583 4230 passato,
608 4166 695 4214 come
717 4167 752 4214 se
776 4154 887 4216 consta
908 4169 926 4214 e
950 4147 1123 4228 dagandoli
1146 4166 1208 4212 uno
1225 4165 1282 4213 suo
1299 4164 1382 4212 com-

144 4271 252 4338 pagno
274 4253 307 4318 in
318 4252 411 4320 modo
423 4271 481 4335 per
493 4252 525 4318 la
539 4253 621 4320 uitta
635 4253 816 4336 ingiustizia
828 4251 911 4319 latta
927 4253 1030 4320 cusrui
1045 4252 1087 4318 ha
1100 4251 1180 4318 lutto
1196 4251 1385 4318 condemner

143 4360 180 4426 in
203 4377 291 4425 esser
313 4357 393 4424 latto
416 4358 590 4424 aecusador
613 4363 722 4425 contra
745 4359 844 4426 molle
858 4359 940 4426 bone
955 4377 1091 4442 persone
1105 4375 1242 4440 persone
1259 4374 1316 4438 per
1331 4355 1385 4436 piu

145 4465 188 4531 de
209 4463 236 4529 L
255 4467 354 4546 15003
378 4469 503 4528 etcum
530 4463 580 4548 sit,
604 4463 662 4528 cha
689 4483 752 4531 non
776 4465 871 4531 abbia
892 4465 936 4530 tal
960 4465 1075 4530 liberta
1098 4481 1193 4528 senza
1215 4461 1246 4526 la
1269 4461 1384 4526 liberta

146 4570 201 4638 del
224 4568 386 4654 conseglio
415 4569 455 4636 de
485 4575 539 4651 qul
571 4569 684 4635 alcuna
713 4589 787 4636 cosa
816 4571 969 4636 innonata
991 4587 1081 4634 esser
1104 4567 1274 4634 obseruata
1296 4564 1386 4647 peri

145 4675 277 4755 rettori3
308 4673 526 4741 adimandemo
557 4675 661 4740 custui
684 4675 732 4741 sia
754 4693 843 4741 casso
867 4680 900 4740 et
922 4673 1083 4740 annullato
1115 4669 1328 4753 remagnendo
1352 4667 1380 4734 el

147 4785 299 4850 consueto
322 4783 354 4846 et
379 4779 509 4861 antiquo
531 4781 626 4848 modo
655 4777 746 4846 firmo
777 4784 814 4845 ut
836 4797 949 4862 supra3
981 4779 1065 4846 accio
1093 4778 1124 4844 le
1146 4777 1229 4843 bone
1251 4790 1387 4856 persone
