3376 5392
1291 475 1350 536 193

119 679 195 759 ipsa
217 679 398 760 perficiatur
419 685 451 746 et
480 680 659 745 obseruetis
689 679 926 744 terminationes
958 678 1111 760 praedicti
1140 679 1296 762 capitanei
1322 679 1354 744 in

118 781 182 848 hac
204 783 336 850 materia
357 785 389 848 in
412 783 473 848 illis
497 784 660 848 dumtaxat
682 784 836 868 partibus,
867 801 948 865 quae
971 783 1144 866 priuilegijs
1167 790 1200 848 at
1229 801 1354 851 conces·

126 888 272 954 sionibus
294 888 411 954 nostris
434 907 496 953 non
519 889 752 966 contradicunt3
777 904 857 969 quae
881 889 985 956 omnia
1007 907 1064 954 uos
1087 889 1297 955 obseruabitis
1321 894 1354 956 et

126 993 327 1076 exequimini
347 1011 385 1058 ac
406 992 570 1058 obseruari
594 999 626 1059 et
648 994 758 1075 exequi
782 993 909 1074 penitus
932 992 1063 1058 laniatis.

169 1095 238 1162 Has
260 1103 365 1163 autem
389 1097 429 1162 ad
452 1095 628 1162 futurorum
652 1097 834 1164 memoriam
857 1097 1020 1178 registrari
1043 1095 1137 1163 facite
1160 1104 1193 1164 et
1209 1097 1355 1180 registra·

118 1205 174 1266 tas
197 1202 412 1282 praesentanti
436 1202 570 1268 restitui.

166 1303 283 1370 Datum
305 1306 468 1372 innostro
493 1305 597 1372 ducali
624 1304 743 1387 palatio
772 1305 824 1371 dia
852 1305 912 1370 xiv.
935 1303 1124 1372 Nouembris
1146 1305 1355 1390 Moccclrxxij.

462 1501 573 1544 xxxva
596 1501 674 1546 sans
697 1503 732 1544 nr
753 1502 885 1546 nosanns
910 1502 1018 1562 onus,

254 1596 308 1650 qua
325 1582 463 1649 statuitur,
481 1581 553 1649 quod
571 1583 680 1650 nauigia
698 1583 883 1652 Raguseorum
901 1582 1009 1638 soluant
1026 1582 1226 1653 anchoragium.

167 1701 257 1768 Laus
279 1703 367 1769 Deo!

167 1805 385 1874 Mcccalsraio.
408 1810 459 1874 die
479 1811 546 1894 maj.
569 1809 762 1894 Septembris.
788 1809 828 1874 In
851 1809 990 1895 diopetis.

169 1927 298 1997 Summo
321 1950 446 2014 semper
468 1931 572 1998 studio
596 1933 750 1998 continuis
772 1933 967 2015 temporibus
991 1934 1213 2016 sapientissimi
1242 1955 1355 2020 proge-

121 2033 246 2100 nitores
269 2037 370 2102 nostri
392 2036 465 2102 huic
487 2037 518 2101 in
541 2037 648 2118 primis
671 2038 718 2102 rei
742 2055 837 2118 super
865 2043 987 2104 ceteras
1010 2058 1118 2105 omnes
1142 2041 1354 2124 inuigilarunt,

125 2137 215 2218 quod
237 2141 399 2223 nauigatio
421 2159 485 2204 nou
507 2140 610 2206 solum
632 2145 887 2220 subsannaretur,
917 2161 1027 2207 uerum
1050 2143 1145 2208 ctiam
1175 2149 1353 2228 augeretur,

112 2225 197 2306 'cnm
219 2261 258 2308 ex
279 2263 318 2311 ea
339 2248 373 2308 et
394 2245 516 2310 initium
533 2245 613 2309 haee
635 2245 746 2310 ciuitas
770 2246 938 2328 sumpserit
961 2253 994 2312 at
1015 2249 1046 2310 in
1070 2248 1137 2314 dies
1160 2251 1295 2316 creuerit
1314 2251 1355 2316 ad

119 2345 165 2425 id,
189 2346 222 2410 in
245 2366 306 2428 quo
329 2350 500 2415 constituta
515 2368 571 2430 per
587 2349 638 2414 dei
661 2350 858 2415 elementiam
881 2351 1046 2432 reperitur.
1071 2351 1159 2417 Haec
1176 2358 1282 2418 autam
1298 2371 1355 2419 na·

121 2450 244 2532 uigatio
267 2452 307 2518 ab
330 2453 487 2534 aliquibus
510 2453 602 2519 annis
624 2455 704 2518 eitra
733 2455 901 2536 plurimum
923 2453 1077 2521 deiecisse
1106 2457 1232 2522 uidetur
1262 2463 1295 2524 et
1323 2460 1356 2524 in

121 2555 193 2622 dies
218 2555 319 2640 magis
343 2555 464 2634 deficit3
488 2557 575 2624 cuius
599 2559 644 2624 rei
667 2577 763 2624 causa
785 2559 948 2640 potissima
970 2565 1019 2624 est
1033 2559 1252 2642 multiplicatio
1267 2562 1355 2627 nani·

120 2661 246 2744 giorum
269 2662 497 2729 forensciorum
520 2670 552 2728 ot
574 2663 792 2744 Ruguseorum
814 2665 1010 2745 praesertim,
1034 2663 1087 2746 qui
1104 2664 1228 2730 illorum
1247 2667 1354 2748 ingen-

120 2771 188 2831 tem
211 2783 375 2832 numerum
398 2767 577 2850 nuperrime
600 2767 795 2834 fabricarunt
817 2773 850 2832 et
872 2767 1012 2850 quotidie
1028 2768 1130 2834 adbuc
1145 2768 1298 2836 fabricant
1314 2769 1355 2838 ob

122 2871 396 2955 commoditatem,
427 2890 521 2954 quam
551 2872 670 2938 habeut
700 2877 764 2936 mm
789 2873 993 2954 lignaminum
1024 2879 1057 2938 et
1086 2872 1355 2958 ferramentorum,

122 2993 222 3056 quam
244 2981 410 3042 naumrnm
434 2995 505 3042 cum
527 2976 660 3044 maximo
683 2977 879 3044 incommodo
901 2984 935 3044 et
956 2978 1078 3042 iactura
1099 2978 1192 3043 buius
1219 2979 1355 3045 ciuitatis

121 3086 262 3159 nostrae,
297 3087 364 3146 tum
395 3082 435 3148 ob
466 3081 666 3147 amissionem
696 3081 867 3146 utilitatum
898 3082 1012 3148 exinde
1044 3084 1257 3165 sequentium,
1290 3089 1357 3150 tum

122 3187 222 3252 etiam
245 3186 285 3252 ob
301 3185 457 3252 delectum
473 3186 652 3252 huiusmodi
668 3186 876 3268 nauigationis
891 3187 1078 3268 peritorum:
1103 3187 1215 3268 quibus
1232 3205 1355 3256 cessan-

120 3293 209 3358 tibus
234 3291 422 3356 utilitatibus
446 3291 643 3358 subtrahitur
665 3291 777 3356 modus
800 3297 834 3356 et
855 3275 1002 3357 uoluntas
1025 3293 1100 3357 dicti
1124 3295 1274 3376 exercitii.

165 3397 287 3463 Idcirco
310 3397 400 3462 uadit
421 3413 506 3479 pars,
530 3397 615 3479 quod
638 3397 677 3462 de
693 3403 799 3462 cetero
816 3402 888 3478 post
903 3403 1046 3462 exactum
1061 3417 1202 3464 mensem
1218 3397 1355 3466 Nouam-

120 3503 191 3570 bris
214 3501 346 3584 proximi
369 3500 467 3566 futuri
490 3503 595 3567 omnia
616 3501 743 3584 nauigia
770 3501 998 3584 Ragnseorum,
1030 3502 1098 3566 siue
1128 3504 1278 3586 nauigata
1300 3521 1357 3586 per

119 3607 297 3689 Raguseos,
321 3609 377 3671 aut
398 3604 551 3671 fabricata
573 3605 604 3670 in
627 3606 732 3688 aliquo
756 3605 824 3672 loco
847 3605 1074 3688 Ruguseorum,
1098 3624 1180 3688 quae
1203 3607 1234 3671 in
1250 3609 1356 3690 aliqua

121 3713 301 3790 ciuitatum,
322 3717 477 3777 terrarum
492 3717 525 3776 et
547 3711 685 3776 locorum
708 3715 886 3778 nostrorum
909 3711 1042 3776 ubilibet
1063 3712 1303 3777 constitutorum
1320 3731 1355 3778 so

123 3817 328 3896 contulerint,
357 3815 481 3882 soluere
504 3820 671 3883 teneantur
693 3835 750 3898 pro
774 3815 962 3899 anchoragio
986 3817 1117 3882 ducatos
1140 3823 1264 3882 eentum
1287 3818 1355 3883 auri

121 3941 183 4008 pro
206 3923 348 4004 quolibet
370 3927 403 3988 et
425 3921 568 4003 qnalibet
589 3921 666 4001 uice,
692 3922 843 4004 exigendo
866 3941 924 4004 per
946 3929 1088 3988 rectores
1110 3921 1233 3986 illarum
1248 3922 1355 3988 ciuita-

120 4035 192 4094 tum
215 4033 248 4095 et
261 4029 410 4108 locorum,
434 4029 474 4094 ad
492 4046 573 4109 quae
588 4027 718 4105 inerint3
742 4033 775 4093 et
789 4032 955 4108 praeterea
970 4027 1075 4092 omnia
1090 4025 1256 4107 frumenta,
1276 4046 1356 4109 quaa

122 4152 222 4216 snper
244 4133 337 4200 dictis
359 4133 493 4216 nauigiJs
517 4133 671 4199 conducta
693 4131 821 4212 luisset,
845 4132 970 4197 soluere
993 4137 1162 4197 teneantur
1184 4132 1289 4198 soldos
1305 4133 1355 4196 ui·

121 4239 203 4323 giuti
226 4257 282 4320 pro
306 4255 431 4320 quoquo
455 4239 571 4317 stario;
595 4243 629 4302 et
650 4239 755 4304 omnia
777 4239 847 4302 olea
869 4237 1000 4302 ducatos
1023 4238 1162 4320 quinque
1184 4255 1241 4318 pro
1256 4238 1356 4319 quoli-

121 4345 178 4411 bet
199 4343 328 4408 milliari
349 4343 433 4409 ultra
449 4343 553 4408 omnia
569 4343 631 4408 alia
646 4342 736 4408 datia
751 4342 859 4408 debita
874 4347 907 4408 et
922 4347 1080 4407 consueta.
1105 4342 1259 4424 Reliquae
1280 4361 1356 4408 uero

121 4467 254 4516 meroes·
271 4453 306 4515 ct
327 4467 377 4516 res
399 4454 555 4530 utsupra
586 4448 769 4526 conductae,
805 4447 931 4512 soluant
953 4445 1066 4527 uiginti
1095 4465 1152 4528 pro
1176 4447 1356 4512 centenario

122 4554 253 4638 duplum
276 4555 362 4620 ultra
384 4553 489 4619 omnia
510 4553 573 4618 alia
596 4552 683 4616 datia
705 4557 739 4617 et
761 4557 857 4636 certa,
890 4551 931 4616 ad
954 4569 1035 4632 quae
1058 4551 1090 4614 in
1121 4551 1259 4633 presenti
1283 4555 1357 4616 snnt

125 4659 295 4740 obligatae,
319 4677 399 4741 quae
422 4677 531 4724 omnes
553 4658 706 4740 pecuniae
722 4656 886 4740 exigantur
901 4675 920 4721 a
935 4655 1109 4722 rectoribus
1125 4655 1355 4738 suprascriptis.

124 4763 262 4847 Nauigia
285 4769 390 4829 autern
414 4763 519 4837 omnia
540 4761 765 4845 suprascripta,
789 4779 870 4842 quae
893 4761 925 4824 in
946 4759 1027 4826 hanc
1041 4761 1201 4826 ciuitatem
1216 4765 1355 4826 nostram

1164 4867 1202 4930 13
