3434 5368
426 685 492 732 GAP.
516 689 578 730 nul.
610 689 651 730 DE
672 688 884 730 uunnlcrmua
906 688 1069 731 ARMOBUM.

174 804 258 868 itam
284 805 470 890 Statumae,
502 805 589 890 quod
614 807 640 870 si
664 805 733 886 quis
755 806 933 871 uendiderit
967 806 1072 888 aliqua
1100 797 1187 872 arma
1217 807 1365 888 cursarijs

127 909 201 974 sine
226 914 375 990 precepta
393 909 553 990 regiminis
570 909 715 990 Curcule,
739 910 854 992 perdat
869 929 967 986 arma,
991 911 1043 976 uel
1060 917 1190 988 tantum,
1214 917 1365 991 quantum

127 1013 300 1092 ualuerint,
323 1019 356 1078 ct
378 1021 542 1080 accusator
565 1013 681 1080 habeat
704 1015 906 1080 medietatem
931 1015 1023 1080 banni
1049 1017 1116 1081 siue
1139 1035 1306 1081 armorum.

554 1211 621 1254 cae.
645 1212 719 1253 amr.
745 1213 786 1254 ns
810 1191 941 1254 nonani.¹

174 1325 258 1396 Item
281 1326 457 1406 statuImuS,
482 1328 565 1409 quod
589 1329 714 1410 quanda
737 1330 878 1410 regimen
901 1331 1060 1394 uetauerit
1083 1334 1211 1412 portare
1231 1349 1319 1395 arma
1334 1331 1366 1396 in

128 1430 194 1503 die,
220 1431 272 1495 uel
293 1431 326 1494 in
349 1437 450 1511 nocte,
484 1433 656 1498 secundum
680 1435 764 1515 quod
788 1436 977 1500 destinatum
1000 1434 1114 1520 fuerit,
1150 1441 1182 1500 et
1204 1437 1366 1500 inuentum

128 1554 189 1616 per
213 1537 313 1618 ipsum
338 1543 371 1602 et
393 1556 450 1618 per
472 1538 620 1602 maiorem
644 1545 766 1619 partem
790 1540 879 1620 parui
903 1539 1032 1622 consilij,
1057 1545 1211 1606 seruetur.

340 1715 406 1758 GAP.
430 1717 518 1758 nvrn.
550 1719 590 1758 DE
612 1719 819 1760 INTRAN‘HBUS
843 1719 970 1760 'IERRAM
993 1695 1163 1760 ALIIINAM.²

178 1816 259 1879 Item
284 1816 459 1893 statuimus,
483 1817 565 1896 quod
590 1817 695 1881 nullus
719 1818 821 1896 honre,
857 1837 958 1898 neque
982 1819 1097 1884 femina
1120 1821 1161 1884 sit
1183 1837 1291 1898 arrsus,
1316 1820 1368 1884 uel

131 1937 224 1998 ausa,
248 1921 367 1984 intrare
389 1927 506 1984 terram
531 1921 663 1985 alicuius
680 1939 822 2002 persone,
848 1923 906 1986 uisi
923 1923 1017 1988 luerit
1033 1923 1072 1988 de
1088 1924 1218 1988 licencia
1233 1931 1266 1988 et
1281 1943 1368 1988 man-

131 2023 210 2088 dato
234 2025 343 2104 ipsius,
379 2027 466 2088 cuius
489 2031 540 2090 est
563 2033 666 2104 terra;
701 2031 734 2090 et
756 2027 782 2090 si
806 2028 971 2092 intrauerit
993 2028 1060 2093 sine
1091 2029 1220 2094 licencia
1242 2029 1369 2108 domIni,

130 2130 223 2193 cuius
245 2136 295 2193 est
317 2133 411 2206 terra,
444 2131 558 2211 perdat
580 2149 737 2212 yperpera
761 2131 916 2212 quinque,
947 2152 1007 2212 qus
1031 2133 1201 2198 deueniant
1224 2151 1281 2214 pro
1304 2153 1368 2198 me-

130 2233 255 2299 dietate
278 2235 443 2320 commum,
475 2239 509 2300 et
531 2235 594 2299 alia
616 2239 749 2316 patrona
773 2243 868 2314 terre,
893 2238 918 2300 si
943 2239 1157 2315 accusauerit3
1193 2243 1226 2301 et
1249 2237 1363 2319 perdat

133 2343 239 2404 totum
263 2338 462 2414 laborerium,
487 2340 570 2420 quari
593 2337 704 2404 lecerit
726 2341 757 2402 in
781 2359 860 2418 eam,
889 2342 972 2420 quod
996 2343 1038 2405 sit
1059 2342 1184 2420 domini,
1209 2341 1297 2406 cuius
1320 2348 1369 2408 est

131 2449 233 2518 terra,
257 2444 316 2508 nisi
339 2442 433 2510 luerit
455 2445 649 2526 propinquus
672 2445 827 2526 specialis,
863 2445 915 2526 qni
938 2445 1058 2510 lrabeat
1081 2452 1203 2526 partem
1227 2447 1257 2509 in
1281 2447 1367 2510 (licta

129 2553 221 2613 terra
243 2555 276 2613 et
297 2548 358 2630 ille,
382 2549 435 2630 qui
454 2549 606 2630 inceperit
629 2549 784 2624 laborare,
819 2569 880 2614 non
904 2550 1019 2631 perdat
1042 2551 1231 2616 laborerium
1261 2569 1368 2628 suurn;

131 2653 256 2718 scilicet
267 2655 293 2718 si
305 2654 418 2735 aliquis
430 2674 504 2719 suus
518 2655 712 2736 propinquus
725 2655 843 2720 habeat
853 2661 973 2736 partem
988 2655 1018 2718 in
1042 2657 1125 2720 dicta
1137 2661 1233 2734 terra,
1252 2656 1369 2720 debeat

132 2758 322 2824 satisfacere
339 2759 421 2825 dicta
437 2759 599 2842 incentori,
621 2759 792 2826 secundum
817 2760 900 2840 quod
923 2778 979 2840 pro
998 2760 1087 2824 bonis
1109 2759 1288 2825 hominibus
1311 2760 1372 2824 erit

133 2863 321 2943 iudicatum,
346 2864 398 2945 qui
422 2865 486 2930 (lati
509 2863 626 2930 luerint
648 2883 667 2929 a
689 2865 785 2943 curia,
810 2864 861 2929 uel
884 2865 925 2928 ab
947 2865 1027 2948 alijs,
1052 2871 1084 2930 et
1107 2865 1212 2930 soluat
1236 2863 1370 2946 quilibet
1390 2865 1393 2876 '

132 2969 335 3050 propinquus
358 2974 480 3050 partem
505 2988 609 3046 suam,
644 2969 671 3032 ai
695 2969 833 3034 uoluerit
866 2968 983 3036 habere
1017 2975 1139 3050 partem
1164 2970 1194 3032 in
1219 2969 1302 3034 dicto
1325 2969 1370 3032 la-

133 3072 273 3139 boresio.

376 3201 442 3244 can.
466 3202 529 3242 arx.
553 3201 594 3242 na
616 3201 824 3244 rnrmnrraus
847 3197 1134 3243 nonsummum.

179 3319 262 3384 Item
284 3319 453 3384 statuimus
476 3325 510 3384 et
532 3319 722 3396 ordinamus,
754 3317 837 3398 quad
860 3319 964 3382 nullus
986 3318 1096 3397 homo,
1131 3335 1234 3399 neque
1256 3318 1374 3390 femina

137 3424 182 3488 stt
205 3442 317 3503 anana,
353 3423 405 3488 uel
429 3441 507 3488 ausa
540 3425 660 3488 intrare
682 3423 714 3486 in
738 3423 873 3502 aliquam
908 3421 1052 3488 domum:
1088 3429 1122 3488 et
1145 3423 1170 3487 si
1195 3426 1372 3498 intrauerit,

138 3527 257 3609 perdat
278 3545 433 3610 yperpera
455 3546 519 3608 sex,
540 3546 671 3609 qnorum
695 3527 850 3592 medietas
874 3527 915 3591 sit
937 3529 1120 3612 communia,
1145 3535 1178 3592 et
1201 3529 1264 3593 alia
1279 3529 1373 3610 illins,

138 3634 191 3698 cui
214 3631 369 3700 uiolencIa
384 3632 470 3697 facta
486 3638 552 3712 est;
576 3638 609 3698 et
627 3635 653 3697 sl
668 3633 722 3698 ille
738 3631 988 3707 concordauerit,
1010 3633 1123 3714 perdat
1138 3639 1259 3714 partem
1276 3651 1374 3715 suam,

136 3739 165 3802 si
187 3737 355 3820 probatum
390 3737 486 3802 fuerit
509 3755 566 3820 per
595 3738 725 3804 idoneos
759 3743 876 3812 testea
912 3738 963 3804 uel
986 3757 1044 3818 per
1066 3739 1223 3820 publicam
1258 3735 1372 3804 lamam

136 3845 198 3909 erit
223 3842 461 3908 manifestum..
1003 3861 1006 3870 ·

439 4007 506 4049 OAP.
530 4008 581 4049 LX.
612 4008 654 4048 DE
676 4008 815 4050 suamne
840 4007 881 4049 AD
906 4007 1071 4050 PLAGH'UM.

180 4107 261 4172 Item
285 4107 471 4188 statuimus,
506 4106 640 4188 quodsi
664 4105 777 4188 aliquis
809 4111 941 4171 uocatus
964 4105 1060 4172 luerit
1082 4097 1128 4172 ad¹
1146 4106 1294 4188 placitum
1317 4127 1374 4190 per

139 4211 260 4277 furtum
284 4217 318 4276 et
339 4211 467 4294 petierit
490 4211 663 4294 consilium,
694 4211 811 4277 habeat
834 4211 999 4277 terminum
1024 4231 1079 4293 per
1102 4219 1167 4278 tres
1192 4211 1276 4291 dies3
1301 4220 1334 4276 et
1348 4215 1373 4278 si

135 4336 201 4382 nan
226 4317 349 4382 uenerit
371 4317 453 4383 inira
477 4325 542 4383 tres
566 4318 642 4396 dies,
667 4317 760 4382 cadat
782 4318 822 4382 ab
847 4318 930 4383 omni
952 4317 1021 4382 iure
1044 4335 1100 4382 suo
1119 4317 1158 4382 de
1174 4317 1258 4383 dicto
1274 4317 1375 4397 furt0;

186 4476 196 4511 1
213 4479 273 4538 Ed.
292 4478 373 4537 Van.
390 4480 431 4538 De
448 4481 590 4539 vetatione
605 4494 757 4538 armornm.

186 4561 296 4626 2Οοᾱ,
322 4567 404 4638 Cap.
428 4582 559 4639 praesens
582 4566 736 4640 capitulum
760 4565 862 4624 iterum
878 4567 958 4624 notat
972 4581 1088 4624 numero
1104 4563 1191 4624 LVII.
1209 4567 1378 4639 quapropter

139 4654 297 4713 numeratio
322 4653 511 4726 capitularum
533 4655 711 4726 sequentium
734 4671 787 4711 uno
803 4653 891 4711 distat
907 4671 924 4712 a
938 4653 1130 4712 numeratione
1152 4653 1193 4711 ed
1216 4651 1310 4724 uon,
1334 4667 1378 4711 se·

140 4743 262 4800 cundum
278 4757 365 4815 quam
383 4743 412 4799 et
427 4741 474 4799 hic
489 4741 602 4818 singula
617 4740 744 4815 capitula
758 4740 905 4814 sequentia
919 4741 1042 4800 numeris
1057 4740 1225 4801 notavimus.
