3398 5354
345 519 406 586 190

340 741 434 808 quam
456 726 630 808 procedant
652 726 693 792 ad
713 732 880 806 tormenta,
903 732 1004 794 testes
1020 726 1142 810 aliquos
1157 727 1313 809 recipiant
1336 725 1376 794 de
1390 728 1473 794 mala
1488 726 1575 793 inme

339 830 499 918 bominum
522 831 748 913 predictorum,
772 832 891 898 scilicet
912 831 1079 906 latronum,
1103 829 1220 896 surium
1237 837 1271 897 et
1286 833 1505 898 cursariorum.
1528 832 1575 896 Et

338 935 365 1001 si
396 936 503 1017 plures
534 942 641 1003 essent
671 935 745 1017 pro¹
767 935 875 1017 aliquo
902 933 1057 1002 maleficio
1079 935 1293 1001 tormentandi
1322 955 1341 1000 a
1369 934 1511 1002 terriori'
1540 941 1578 1002 et

338 1041 488 1106 timidiori
511 1059 567 1108 seu
593 1039 707 1106 iuniori
731 1046 819 1121 etate
842 1045 892 1108 est
914 1039 1061 1122 primitus
1083 1039 1304 1107 incohandum.

378 1143 470 1211 Etsi
493 1145 606 1226 abnuis
631 1145 853 1227 superatique
877 1143 1031 1212 maleficio
1054 1163 1160 1212 coram
1184 1147 1309 1212 rectore
1327 1144 1430 1210 uariat
1445 1143 1498 1211 uel
1513 1163 1572 1210 ua·

339 1247 432 1327 cillat,
457 1253 564 1330 potest
586 1248 662 1330 poni
685 1249 915 1316 rationabiliter
937 1249 979 1314 ad
1002 1249 1183 1328 torturam³‚
1207 1249 1264 1315 sed
1286 1267 1345 1314 soa
1366 1248 1502 1314 namatio
1518 1267 1577 1316 seu

339 1351 499 1418 uacillatio
522 1353 554 1418 in
577 1353 655 1420 actis
679 1354 836 1420 scribatur
858 1353 899 1419 ad
922 1353 1105 1420 memoriam
1128 1353 1280 1421 ueritatis.

379 1455 423 1524 Et
446 1457 474 1522 si
493 1458 646 1539 probetur
661 1465 772 1526 conua
786 1457 933 1541 aliquem,
956 1458 1041 1540 quod
1056 1462 1147 1524 extra
1160 1457 1306 1524 iuditium
1321 1455 1382 1524 init
1397 1455 1574 1535 confessus,

339 1580 374 1628 se
397 1563 590 1629 commisisse
611 1561 809 1646 maleficium,
834 1563 1064 1645 propterquod
1080 1562 1494 1644 procedeturcontraeum‚
1517 1561 1577 1628 sed
1692 1637 1693 1640 Ἴ

335 1673 448 1750 postea
469 1666 503 1730 in
524 1666 635 1733 iuditio
654 1673 761 1754 negat,
785 1686 820 1733 se
842 1665 1029 1733 maleficium
1044 1666 1222 1749 predictum
1237 1665 1440 1747 summisisse,
1463 1671 1577 1748 potest
1692 1711 1694 1754 2

336 1771 410 1854 poni
432 1771 664 1838 rationabiliter
686 1771 727 1837 ad
750 1777 915 1840 tormenta.
1692 1755 1694 1784 '

336 1999 403 2048 oar.
427 1999 521 2046 cxxv.
549 2001 591 2044 nn
621 1999 770 2046 eunom
792 2001 856 2044 non
878 2001 1042 2045 romanon
1062 1999 1106 2044 an
1128 2001 1284 2048 annonmr
1305 2001 1377 2046 snm
1400 1979 1576 2046 commeo*
1693 2069 1695 2078 Α

870 2089 1040 2134 (ionum.

380 2186 463 2253 Item
484 2191 640 2254 statutum
663 2192 696 2254 et
717 2187 896 2254 ordinatum
910 2191 969 2269 est,
993 2187 1077 2268 quod
1092 2187 1180 2253 nulia
1195 2205 1332 2269 persam
1346 2187 1572 2270 cuiuscumque

338 2295 442 2358 statim
464 2297 497 2358 et
519 2291 708 2358 conditionis
731 2291 848 2358 audeat
862 2291 915 2358 uel
930 2297 1095 2374 presumat
1110 2292 1142 2356 in
1158 2293 1287 2358 ciuitate
1302 2291 1426 2374 Spalati
1440 2292 1572 2377 pulsare

338 2411 523 2477 campanam
545 2395 587 2462 ad
608 2395 798 2475 martellum,
821 2414 879 2461 seu
901 2395 942 2462 ad
964 2413 1122 2462 rumorem
1145 2395 1213 2462 sine
1229 2414 1380 2478 expressa
1393 2395 1522 2462 licentia
1536 2401 1573 2460 et

337 2498 502 2566 uoluntate
532 2500 665 2566 rectoris
695 2503 728 2566 et
757 2499 929 2566 communis
963 2497 1110 2581 Spalati⁶.
1146 2499 1190 2564 ut
1219 2502 1273 2582 qui
1304 2498 1571 2579 contrafecerit,
1694 2577 1695 2588 χ

340 2603 581 2672 condemnetur⁶
595 2603 917 2672 irremissionabiliter
932 2604 964 2669 in
979 2605 1130 2671 trecentis
1149 2604 1238 2671 libris
1250 2605 1443 2676 Venetorum
1455 2621 1573 2687 paruo-

338 2727 407 2774 rum
430 2715 464 2775 et
486 2709 512 2774 si
534 2708 650 2776 dictam
673 2707 982 2776 condemnationem'
1005 2708 1131 2775 soluere
1152 2726 1214 2775 non
1249 2717 1368 2794 posset,
1391 2715 1576 2792 amputetur

338 2812 398 2880 sibi
420 2831 531 2879 manus
561 2813 672 2880 dextra
694 2817 727 2880 et
750 2813 782 2878 iu
811 2811 888 2879 boo⁸
911 2830 985 2880 casu
1015 2820 1121 2880 rector
1150 2814 1288 2882 ciuitatis
1311 2812 1431 2897 Spalati
1453 2813 1573 2879 babeat

336 2916 465 2999 plenum
479 2917 644 2983 arbitrium
658 2916 835 3000 inquirendi
848 2917 916 2984 siue
928 2917 1035 2999 aliqua
1045 2919 1245 2986 accusatione
1257 2919 1308 2985 uel
1321 2918 1572 3000 denuntiatione,

340 3023 415 3088 dum
436 3028 543 3089 tamen
572 3023 606 3087 in
634 3021 891 3090 condemnando⁹
920 3021 1183 3090 contrafacientes
1206 3041 1269 3090 non
1291 3023 1424 3090 excedat
1456 3040 1575 3105 perum

336 3127 483 3210 superius
506 3125 743 3194 declaratam¹⁰.

337 3359 404 3406 our.
423 3360 527 3406 oxxvr.
543 3359 586 3402 on
601 3357 857 3406 enumeraremus
875 3360 1241 3404 rememoraturum
1255 3361 1295 3404 no
1309 3361 1382 3405 raros
1396 3334 1574 3402 munau.

380 3476 462 3542 Item
484 3482 638 3544 statutum
661 3481 694 3543 et
716 3477 894 3544 ordinatum
917 3483 976 3563 est,
1007 3478 1092 3560 qood
1114 3479 1141 3545 si
1162 3478 1278 3560 aliquis
1299 3476 1495 3560 percusserit
1516 3475 1576 3540 do-

337 3582 457 3647 minum
479 3586 678 3664 potestatem,
700 3581 754 3648 uel
776 3586 941 3665 rectorem,
965 3583 1018 3666 qui
1040 3601 1098 3665 pro
1121 3589 1265 3666 tempore
1283 3581 1381 3650 iu'erit
1394 3583 1426 3648 in
1442 3581 1575 3647 ciuitate

341 3686 496 3769 Spalati¹²
518 3705 588 3752 cum
610 3683 707 3754 armis
731 3684 918 3772 offensorijs,
942 3689 1010 3754 siue
1032 3707 1102 3754 oum
1125 3689 1287 3770 sanguine,
1320 3688 1390 3753 siue
1412 3686 1480 3753 sine
1498 3704 1575 3752 san·
1694 3729 1696 3734 ,

340 3793 444 3876 guiue,
460 3791 493 3856 in
509 3790 652 3858 ducentis
675 3793 764 3859 libris
788 3793 1057 3873 condemnetur²³‚
1081 3794 1107 3860 si
1123 3812 1199 3860 uero
1216 3779 1283 3859 eius
1299 3793 1427 3870 socium,
1451 3791 1483 3856 in
1499 3809 1573 3857 cen-

338 3903 406 3962 tum
429 3896 537 3976 libris;
560 3915 686 3979 semper
708 3897 735 3963 si
758 3897 791 3962 in
812 3897 912 3976 uultu,
935 3915 1020 3980 pena
1039 3898 1154 3964 debeat
1169 3897 1333 3980 duplicari.
1358 3897 1392 3963 Si
1407 3913 1484 3962 uero
1501 3912 1573 3961 cum

339 4019 445 4081 mauu,
478 4000 569 4082 pede,
601 4002 653 4068 uel
684 4001 813 4070 brachio
837 4002 1030 4085 percusserit
1052 4003 1168 4068 dictum
1191 4003 1352 4069 dominum
1371 4005 1572 4084 potestatem,

381 4191 738 4276 ¹np.ujub.:„ue‘.
823 4191 1180 4275 ²ibid.:‚‚‹iebiliori⁰‘.
1274 4193 1569 4257 ³Ood.acabB

332 4294 362 4350 et
383 4307 432 4366 ap.
455 4287 584 4364 Ljub.:
616 4283 791 4344 tormenta“.
885 4282 1137 4360 ‘Ap.Ljub.:
1171 4279 1336 4358 „licentia“.
1428 4281 1569 4344 ⁶ibid.:

335 4375 471 4458 „licentia
493 4369 655 4434 communis
678 4371 791 4447 Spalati
813 4375 843 4430 et
865 4373 1016 4431 uoluntate
1037 4365 1188 4431 rectoris“.
1257 4369 1375 4430 ὅ(30(1.
1399 4369 1506 4431 acon
1528 4370 1568 4430 B:

336 4451 615 4544 „condempnetur“.
697 4453 709 4491 ⁷
732 4457 844 4518 ibid.:
871 4458 1210 4534 „condempnationem“.
1291 4453 1303 4490 ⁸
1324 4458 1418 4517 Deest
1438 4458 1468 4516 in
1489 4457 1567 4516 cod.

334 4537 499 4614 acadsA,
591 4541 702 4604 ⁰Ood
735 4544 839 4604 acad.
864 4545 904 4606 B:
929 4545 1220 4628 „condempnando'‘.
1312 4540 1568 4620 ¹⁰Ap.Ljub.:

341 4653 451 4718 „penas
474 4649 538 4708 sup.
562 4627 758 4690 declaratas‘.
868 4628 894 4664 ¹¹
917 4631 1029 4692 ibid.:
1062 4631 1166 4714 „Quod
1188 4634 1320 4707 potestas
1349 4631 1443 4706 possit
1464 4647 1567 4709 penam

338 4727 486 4801 imponere
500 4721 530 4778 in
549 4718 646 4778 causis
661 4717 889 4780 criminalibos“.
954 4714 981 4752 ¹²
1003 4719 1058 4778 ibi
1069 4719 1115 4779 d.:
1141 4719 1188 4793 „in
1203 4717 1281 4776 dieta
1296 4717 1372 4777 oiu.“
1439 4713 1565 4777 18Οοᾱ.

340 4809 447 4873 acad.
469 4807 511 4866 B:
537 4798 813 4880 „condempnetur“.
