3416 5350
1360 399 1403 462 83

155 605 362 678 testamento,
387 603 439 668 uel
462 603 573 668 ultima
596 602 760 668 uoluntate
781 603 947 683 reliquerit
962 603 1047 669 bona
1062 619 1120 666 suu
1136 603 1202 666 suis
1218 604 1408 683 consangui-

156 706 226 770 neis
249 705 301 769 uel
325 708 486 772 extraneis
511 707 542 770 in
566 712 644 786 toto,
668 707 720 772 uei
744 708 777 770 in
800 713 908 787 parte3
934 707 961 770 si
986 711 1100 787 postes
1122 703 1205 770 filios
1222 706 1343 770 habeut
1367 707 1407 772 de

158 809 303 889 legitimo
335 811 537 876 matrimonio
568 817 602 876 et
632 815 769 878 testator
799 810 934 878 decedat
966 810 1096 875 uiuente
1127 809 1233 889 aliquo
1258 809 1311 872 ex¹
1335 806 1409 891 filijs

161 915 227 978 suis
250 913 413 996 legitimis,
437 933 541 994 quem,
565 915 618 978 uei
641 933 721 996 quos
744 914 864 980 habeat
886 934 924 980 ex
947 905 1055 992 uxore,
1087 911 1162 978 licet
1185 913 1211 978 si
1235 913 1321 976 uliud
1351 931 1410 994 po-

163 1022 321 1082 stennon
345 1016 459 1083 fecerit
481 1023 719 1096 testamentum,
743 1018 890 1084 uolumus
914 1025 946 1083 et
969 1037 1151 1092 censemus,
1184 1017 1268 1098 quod
1291 1017 1411 1082 dictum

160 1125 387 1186 testamentum
417 1121 536 1185 nuliam
566 1121 684 1186 hebeat
716 1121 899 1187 firnntutem
930 1127 962 1188 et
993 1121 1100 1204 legato
1130 1125 1280 1186 contente
1310 1121 1343 1184 in
1367 1138 1406 1186 eo

164 1229 369 1299 testamento,
392 1225 445 1290 uel
468 1223 531 1288 alis
553 1225 664 1289 ultime
687 1226 852 1291 uoluntate
875 1225 961 1290 nullo
984 1225 1079 1290 modo
1102 1223 1225 1306 possint
1247 1223 1324 1306 peti,
1349 1223 1407 1288 sed

160 1328 246 1394 bona
262 1334 296 1392 ct
312 1328 473 1393 hereditas
494 1327 632 1393 defuncti
649 1329 839 1410 perueniunt
854 1330 895 1394 cd
911 1328 1011 1394 filium
1028 1327 1081 1394 uel
1097 1327 1179 1392 filios
1196 1326 1293 1406 eiust
1317 1344 1411 1407 quem

163 1431 214 1496 uei
238 1449 322 1512 quos
346 1450 384 1496 ex
405 1432 546 1514 legitimo
567 1433 769 1497 matrimonio
785 1433 1020 1514 procreeuerit;
1044 1433 1133 1498 seluo
1150 1429 1235 1511 quod
1251 1431 1409 1496 decimum

162 1535 319 1600 bonorum
343 1554 471 1601 suorum
496 1535 613 1602 debeat
635 1535 705 1600 duri
727 1555 786 1617 pro
809 1537 914 1602 enimc
937 1555 1004 1621 sun,
1028 1537 1149 1602 scilicet
1172 1532 1332 1618 defuncti,
1368 1534 1411 1599 cd

162 1639 234 1720 pius
260 1639 400 1705 consuet

163 1867 231 1910 tm’.
262 1869 361 1910 mv.
395 1869 438 1910 D!
469 1869 576 1911 UXOEE
611 1871 799 1914 POSSIDEN'OE
822 1871 954 1914 THOBUH
977 1869 1161 1914 nmmum
1183 1870 1311 1914 HOB'PUO
1335 1870 1412 1914 omo

684 1958 755 2000 SINE
780 1958 890 2000 mus,

207 2070 291 2137 Item
313 2075 468 2137 statutum
492 2077 527 2136 et
549 2071 730 2136 ordinatum
753 2076 812 2150 est,
843 2072 930 2153 quod
953 2071 980 2136 si
1003 2071 1117 2154 uliquis
1140 2071 1316 2138 decesserit
1339 2071 1410 2138 sine

165 2179 370 2254 testamento,
393 2175 514 2240 hebens
538 2193 668 2241 uxorem
692 2182 725 2240 et
747 2193 860 2241 carens
883 2173 956 2258 filijs
979 2194 1037 2242 seu
1060 2175 1240 2252 heredibus,
1276 2181 1309 2242 et
1332 2193 1413 2241 uxor

165 2278 305 2343 uoluerit
327 2279 492 2360 possidere
514 2278 642 2344 thorum
665 2277 847 2363 uiduitatis,
879 2280 999 2344 licitum
1030 2279 1081 2344 sid
1104 2278 1165 2343 sibi
1189 2279 1236 2344 uti
1257 2279 1297 2344 de
1320 2279 1412 2345 bonis

169 2381 228 2446 uiri
252 2381 393 2447 defuncti
417 2401 479 2446 non
503 2383 572 2464 ipse
596 2381 800 2462 destruendo,
823 2401 882 2450 nec
904 2383 987 2448 maie
1003 2382 1132 2448 utendo.
1158 2381 1227 2462 Que
1245 2383 1273 2447 si
1288 2386 1416 2448 contro·

166 2484 291 2569 fecerit,
315 2491 390 2552 tunc
413 2487 500 2551 curia
522 2492 671 2552 teneatur
694 2485 755 2550 sibi
778 2487 874 2550 aliter
892 2485 1064 2568 prouidere
1080 2485 1120 2551 de
1137 2485 1313 2567 dispendio,
1330 2485 1416 2566 quod

169 2589 310 2654 uiduitus
333 2607 390 2654 sua
413 2595 631 2671 competenter
648 2595 775 2655 maneat
798 2589 830 2654 in
847 2589 991 2654 omnibus
1008 2589 1073 2654 suis
1089 2588 1344 2654 necessitutibus.
1368 2587 1412 2652 Et

170 2693 339 2759 uitiorum
363 2699 488 2759 mutere
511 2693 658 2778 uoluerit,
683 2693 802 2758 habeat
825 2694 864 2759 de
888 2693 979 2758 bonis
1002 2692 1062 2758 uiri
1090 2691 1232 2757 defuncti
1255 2692 1296 2757 de
1320 2690 1417 2756 facul-

169 2801 238 2861 tate
261 2803 475 2864 trecentarum
497 2797 651 2862 librarum
672 2797 774 2862 xxxf·
795 2797 892 2862 libres
922 2803 956 2860 et
986 2795 1013 2860 si
1036 2795 1158 2878 minuS,
1188 2814 1246 2876 pro
1276 2794 1411 2859 ratione.

172 2898 291 2965 Omnia
314 2901 410 2965 ucro⁴
428 2900 512 2966 bone
535 2901 598 2966 alia
619 2900 721 2982 ipsius
744 2899 884 2966 defuncti
900 2899 1070 2965 deueniant
1091 2899 1122 2962 in
1138 2901 1331 2979 potestatem
1346 2915 1421 2978 pro·

170 3003 384 3086 pinguiorem,
409 3005 462 3086 qni
485 3003 544 3070 sibi
567 3003 685 3070 debent
706 3005 746 3070 ab
769 3005 919 3071 intestato
942 3002 1122 3068 succedere.

590 3250 659 3294 OAP·
679 3251 791 3293 XXXVI.
817 3252 858 3292 DE
878 3250 996 3296 EODEM.

215 3368 298 3434 Item
322 3370 477 3432 statutum
501 3371 534 3432 et
558 3365 739 3431 ordinatum
763 3371 822 3448 est,
846 3366 931 3446 quod
954 3365 981 3430 si
1004 3363 1074 3446 quis
1097 3381 1218 3445 pauper
1241 3361 1418 3428 decesserit

174 3471 241 3537 sine
265 3477 458 3536 testamento
474 3469 598 3534 habens
615 3489 753 3546 uxorem,
771 3487 883 3534 cerens
902 3468 984 3551 fiiijs,
1008 3473 1041 3533 et
1056 3485 1135 3533 uxor
1150 3467 1262 3532 relicte
1276 3465 1418 3532 uoluerit

174 3577 305 3654 nubere,
330 3575 448 3640 habeet
472 3575 512 3640 de
535 3575 625 3640 bonis
649 3572 789 3639 defuncti
812 3573 985 3640 secundum
1008 3571 1077 3637 eius
1099 3570 1355 3652 possibilitatem.

262 3823 329 3866 ou.
353 3823 478 3865 xxxvn.
502 3823 544 3864 DE
566 3821 708 3866 nimum
729 3819 929 3864 FORMOAN'PR
952 3803 1026 3862 Post·
1048 3816 1180 3861 MORTEM
1205 3815 1328 3860 niumm.

218 3940 301 4005 Item
331 3944 487 4006 statutum
520 3945 555 4003 et
586 3939 767 4004 ordinatum
797 3943 862 4016 est,
894 3936 980 4017 quod
1010 3936 1036 4000 si
1058 3939 1133 4015 post
1155 3937 1289 3998 mortem
1311 3929 1417 3995 mariti

177 4044 282 4124 ulique
297 4043 420 4124 mulier,
440 4061 502 4123 que
519 4043 699 4124 possideret
715 4043 839 4106 thorum
856 4040 1019 4104 uiduitatis
1039 4039 1088 4102 sui
1103 4036 1207 4100 meriti
1225 4041 1258 4099 et
1273 4040 1417 4098 uteretur

175 4148 265 4213 bonis
289 4149 337 4211 sui
359 4147 480 4226 mariti,
512 4146 723 4212 fornicaretur
760 4164 831 4209 cmn
854 4144 959 4223 aliquo
984 4149 1016 4206 et
1040 4141 1267 4206 dehonestaret
1290 4137 1416 4201 thorum

177 4252 290 4329 mariti,
318 4252 388 4332 ipsa
410 4250 522 4315 mulier·
538 4249 657 4330 priuari
674 4249 790 4314 debeat
806 4249 889 4313 omni
909 4245 1083 4324 commodo,
1107 4243 1191 4324 quod
1208 4237 1418 4320 sequebatur⁶

176 4398 383 4412 m

223 4479 314 4564 1Αρ.
339 4481 364 4539 L
376 4481 471 4557 jub.:
499 4471 634 4556 ,dictis“.
703 4473 847 4536 ’ibide
873 4473 993 4555 ,suos“.
1064 4468 1203 4531 ⁸fbid.:
1230 4486 1302 4544 ,pro
1320 4467 1418 4526 anima

178 4569 304 4627 defuncti
328 4561 452 4642 ipsius“.
523 4563 534 4598 ⁴
557 4565 650 4623 Deest
672 4563 701 4620 in
725 4564 803 4622 cod.
827 4561 934 4620 acad.
957 4559 994 4619 B.
1064 4553 1186 4617 ὁ0011.
1211 4555 1318 4614 scad.
1341 4553 1366 4611 B
1389 4555 1419 4610 et

177 4671 224 4730 cp.
247 4655 273 4712 L
277 4654 376 4730 ι111111
395 4644 679 4730 ,domoqueoaturt
1296 4737 1314 4770 n
