3416 5350
1299 491 1361 556 139

196 715 265 760 ou.
289 715 334 757 xx.
357 717 399 758 nn
420 703 605 761 marmoris
628 717 792 763 oouuxssrs
813 719 909 762 nunna
933 718 1079 766 ounmoos
1101 720 1140 762 nn
1163 717 1288 762 nsanos.

160 830 246 897 Item
269 836 426 898 statutum
449 838 483 897 et
505 833 683 900 ordinatum
708 839 767 918 est,
791 834 876 916 quod
899 837 926 900 si
949 835 1063 917 adquis
1082 835 1190 916 laycus
1213 833 1363 900 habuerit

116 934 260 1016 aliquam
282 935 382 1001 mxam
405 952 475 1000 oum
499 936 607 1018 aliquo
623 937 747 1018 clerico,
771 939 823 1004 uel
844 956 979 1022 persona
1003 937 1229 1016 ecclesiastica,
1253 939 1365 1020 inqua

115 1036 189 1102 rixa
209 1037 443 1104 interuenerint
474 1038 674 1120 offensiones,
706 1042 775 1108 siue
805 1043 921 1121 uerbis,
953 1042 1023 1108 siue
1054 1041 1146 1108 lactis
1170 1045 1205 1107 at
1228 1041 1364 1107 clericus

114 1142 320 1207 accusauerit
341 1141 466 1224 laycum
489 1143 521 1208 in
544 1145 633 1208 curia
655 1145 794 1224 seculari
810 1149 844 1211 et
859 1145 971 1228 laycus
994 1145 1193 1212 accusauarit
1215 1143 1362 1211 clericum

115 1244 151 1309 in
168 1244 258 1310 curia
273 1243 392 1310 domini
415 1245 678 1329 archicpiscopi¹:
702 1249 729 1314 si
744 1249 912 1329 probatum
928 1247 1026 1313 fuerit
1048 1245 1236 1314 maleficium
1253 1253 1362 1314 contra

118 1346 281 1427 clericum,
313 1347 399 1430 quod
429 1347 530 1415 donec
559 1349 693 1417 clericus
716 1351 864 1416 dedicio
895 1349 1050 1418 maleficio
1072 1369 1138 1417 non
1160 1349 1258 1416 inerit
1288 1369 1363 1418 con·

119 1449 309 1518 demnatus²
327 1469 386 1536 per
415 1452 575 1518 dominum
604 1453 875 1537 archiepiscopum
899 1453 1029 1536 Spalati,
1061 1453 1113 1520 uel
1143 1455 1212 1520 aius
1242 1455 1361 1520 curiam

119 1559 155 1620 et
178 1553 278 1621 luerit
307 1553 394 1622 facta
423 1557 566 1624 executio
597 1557 885 1624 condemnationis⁸
908 1563 1019 1624 contra
1048 1576 1129 1642 eum,
1161 1557 1247 1640 quod
1276 1558 1364 1622 curia

119 1658 277 1738 secularis
300 1659 439 1725 ciuitatis
463 1657 585 1741 Spalati
608 1678 671 1726 non
694 1661 806 1743 possit,
837 1679 895 1727 nec
917 1661 1035 1726 debeat
1057 1661 1232 1743 procedere
1254 1666 1365 1726 contra

122 1777 209 1840 enm,
240 1759 338 1825 talam
360 1761 501 1844 laycum‘
522 1763 696 1828 masculum
719 1764 771 1830 uel
794 1761 943 1844 seminam
967 1761 1181 1830 offendentem
1204 1764 1363 1830 clericum.

120 1862 220 1929 Etsi
242 1865 478 1945 procederetur,
501 1871 566 1932 tarn
589 1883 768 1948 processus,
794 1886 889 1950 quam
911 1870 1071 1934 sententia
1086 1886 1149 1933 non
1164 1869 1273 1934 ualeat
1294 1868 1364 1950 ipso

117 1967 199 2047 iure,
223 1984 283 2033 nec
305 1967 423 2034 debeat
444 1969 589 2035 mandari
612 1971 801 2037 executioni.

164 2069 230 2137 Sed
253 2077 423 2153 postquam
446 2071 579 2138 clericus
602 2071 699 2139 inerit
722 2075 968 2141 condemnatus⁶
988 2081 1022 2141 et
1036 2080 1148 2142 exacta
1169 2075 1266 2142 inerit
1288 2092 1362 2140 con-

119 2173 301 2240 demnatio⁰
323 2181 434 2241 contra
456 2195 529 2242 eum
552 2195 612 2258 per
635 2178 753 2242 curiam
777 2177 895 2243 domini
918 2177 1166 2261 archiespiscopi
1189 2186 1223 2245 et
1238 2179 1278 2244 de
1301 2177 1363 2244 hoo

120 2277 220 2344 inerit
247 2277 333 2344 iacta
363 2279 458 2360 plena
479 2278 560 2345 lidos
589 2279 623 2344 in
655 2280 742 2347 curia
771 2281 890 2346 domini
920 2283 1091 2364 potestatis
1115 2281 1254 2366 Spalati3
1288 2288 1366 2348 tunc

121 2381 252 2448 demum
274 2386 419 2463 potestas
441 2387 476 2448 et
491 2382 579 2448 curia
600 2390 634 2448 ct
648 2381 797 2450 offitiales
820 2385 958 2450 ciuitatis
982 2383 1105 2466 Spalati
1127 2384 1211 2451 inira
1232 2403 1280 2450 xv
1295 2385 1364 2450 dies

119 2491 235 2568 postea
250 2493 420 2568 sequentes
430 2491 601 2552 tencantur
614 2489 789 2568 procedere
799 2493 911 2553 contra
923 2506 996 2553 eum
1010 2487 1135 2572 laycum
1151 2487 1365 2555 offendentem

121 2589 283 2669 clericum,
308 2595 404 2672 prout
420 2590 460 2656 de
476 2591 545 2656 iure
561 2597 594 2657 et
609 2591 784 2657 secundum
806 2591 941 2658 lormam
965 2593 1095 2658 statuti⁷
1118 2593 1202 2673 dicte
1226 2591 1365 2658 ciuitatis

119 2691 218 2760 luerit
240 2691 486 2775 procedendum.

160 2795 206 2862 Et
227 2796 256 2862 si
276 2797 310 2862 in
331 2816 396 2864 una
419 2803 452 2864 et
474 2799 585 2866 eadem
607 2797 684 2883 rixa,
708 2815 771 2880 quc
795 2804 881 2866 esset
902 2798 986 2865 inter
1009 2797 1157 2866 clericum
1180 2804 1214 2866 et
1234 2798 1359 2880 laycum

119 2899 256 2965 clericus
278 2900 376 2966 fucrit
396 2901 540 2984 inceptor
563 2901 748 2982 umefacto,
772 2920 835 2968 non
858 2902 982 2984 uerbis3
1005 2906 1133 2984 utputa
1156 2901 1363 2984 percutiendo

119 3002 267 3069 manibus
290 3003 343 3068 uel
366 3005 461 3069 armis
484 3004 629 3087 laycum:
652 3005 679 3071 si
702 3009 734 3070 in
758 3005 870 3072 cadem
892 3006 960 3070 rixa
975 3005 1015 3071 ab
1032 3005 1144 3072 codem
1160 3005 1250 3088 layco
1267 3003 1366 3072 fuerit

67 3131 71 3142 ·
120 3107 256 3174 clericus
278 3105 419 3174 oliensus
442 3108 495 3173 uel
518 3125 701 3190 percussus,
735 3108 824 3174 nullo
854 3108 948 3175 modo
973 3108 1046 3173 talis
1068 3109 1178 3191 laycus
1201 3107 1364 3190 puniatur.

162 3210 207 3276 Et
230 3205 286 3276 illa
307 3227 401 3294 pena,
433 3229 528 3294 quam
559 3211 663 3278 dictus
693 3201 840 3279 dominus
863 3211 1121 3294 archiepiscopus
1151 3211 1229 3280 iacit
1251 3211 1364 3279 clerico

123 3315 164 3381 dc
186 3311 361 3398 maleficijs
385 3333 448 3397 que
471 3315 712 3382 committuntur
734 3321 845 3382 contra
867 3315 988 3400 laycos,
1020 3315 1133 3382 cadem
1163 3333 1248 3398 pena
1269 3314 1365 3382 infer·

120 3424 211 3485 ratur
232 3419 341 3502 laycis,
364 3420 634 3487 committentibus
656 3417 812 3486 maleficia
834 3425 944 3486 contra
964 3417 1107 3499 clericos,
1131 3418 1243 3486 habita
1257 3424 1366 3486 tamen

124 3539 253 3605 semper
275 3521 478 3589 distinctione
501 3541 709 3604 personarum
731 3522 884 3590 nobilium
905 3523 1068 3590 hominum
1087 3521 1227 3588 cirdtatir
1243 3519 1366 3605 Spalati

120 3625 162 3692 ad
185 3625 334 3706 uillanos,
364 3632 401 3692 ut
432 3627 465 3690 iu
487 3631 608 3693 statuto
632 3625 754 3708 Spalati
783 3625 909 3709 plenius
940 3627 1137 3710 continetur3
1168 3625 1214 3692 ita
1247 3631 1364 3709 tamon,

120 3729 209 3812 quod
239 3729 404 3796 sinobilis
434 3729 647 3796 committeret
674 3727 866 3796 maleficium
895 3735 1007 3798 contra
1036 3728 1185 3795 clericum
1208 3717 1364 3795 minorem

121 3849 169 3910 co,
193 3832 389 3914 ncipatum,
418 3832 506 3898 nullo
529 3832 623 3897 modo
645 3836 778 3915 propter
801 3832 862 3899 hoc
884 3831 991 3899 ualom
1018 3831 1183 3911 carcerari,
1212 3831 1270 3899 sed
1292 3849 1363 3898 cum

119 3934 254 4017 ydoneis
277 3923 414 4002 testibus
436 3933 677 4002 fideiussoribus
700 3935 817 4002 debeat
839 3936 984 4002 relaxari.

466 4164 533 4208 OLP·
557 4165 614 4208 xn.
638 4165 680 4208 DE
702 4165 816 4209 URBE
838 4165 1017 4209 mammona

161 4277 245 4343 Item
269 4283 425 4345 statutum
448 4283 482 4345 et
503 4279 683 4347 ordinatum
706 4285 766 4358 ost,
802 4280 887 4362 quod
918 4277 946 4344 si
968 4279 1083 4361 aliquis
1113 4278 1229 4345 dixerit
1250 4283 1362 4346 contra

120 4381 260 4464 aliquam
283 4382 384 4448 uerba
405 4383 565 4463 iniuriosa,
589 4389 626 4450 ut
647 4389 742 4466 puta:
778 4389 813 4448 tu
836 4400 900 4447 non
923 4383 1002 4448 dicis
1024 4401 1136 4448 uerum
1159 4386 1192 4449 et
1215 4387 1250 4447 tu
1273 4399 1360 4448 man-

168 4557 261 4636 1Δρ.
285 4559 411 4636 lujat:
445 4559 608 4642 „Spalati“.
719 4555 839 4620 'dod
871 4557 976 4619 acad.
1006 4558 1048 4618 B:
1080 4551 1360 4641 „condempnatns⁸.

127 4643 271 4708 ³ibid.:
298 4637 617 4724 „con'dcmpnadonis“.
710 4644 836 4706 ‘Deest
857 4663 904 4722 ap.
934 4645 960 4704 L
964 4645 1041 4722 jub.
1133 4641 1213 4705 ⁶cf.
1236 4643 1303 4704 adn.
1328 4641 1361 4720 2)

127 4730 273 4794 ‘ibidz
297 4732 573 4816 ‚condempnatio“.
649 4729 737 4810 'Ap
774 4731 903 4809 ujus:
928 4731 1155 4816 „statutorum“.
