3396 5402
1272 461 1332 522 let

96 673 123 732 'a
146 663 274 734 domino
308 665 457 749 episcopo
487 661 655 748 Curznlae,
690 665 743 748 qui
774 666 819 731 sic
849 664 917 732 lieri
943 665 1036 734 iussit
1063 671 1097 732 et
1125 665 1339 732 mandauitin

104 771 287 853 praesentia
310 789 371 838 ser.
395 771 508 837 Marini
533 771 706 850 llilcouich,
741 791 801 838 ser.
825 769 939 836 Marini
961 769 1125 836 Michaelis
1148 777 1181 838 et
1203 789 1264 838 ser.
1289 769 1339 835 Vi-

104 876 185 959 dosij
207 876 302 944 Pauli
323 877 468 943 testibus.

188 1089 257 1134 oar.
282 1090 431 1133 uuxxrx.
455 1091 496 1132 nn
519 1090 615 1134 sams
638 1091 718 1134 nour
742 1091 900 1134 nussum
923 1091 982 1134 rna
1005 1091 1183 1146 qunmnrenu
1206 1091 1264 1134 rso

519 1196 714 1240 nnrnssroun
737 1175 917 1240 οιῑιιτινιίε.ι

147 1309 184 1375 ln
207 1310 325 1376 Christi
359 1313 484 1378 nornine
517 1311 626 1378 Arnen.
661 1311 751 1379 Anno
785 1311 969 1378 Natiuitatis
1003 1311 1143 1378 eiusdem
1167 1311 1337 1378 Millesirno

109 1413 418 1500 quadringentesimo
441 1417 594 1500 vigesimo
617 1418 762 1500 septimo,
785 1417 961 1483 Indictione
984 1418 1104 1498 quinta,
1129 1418 1179 1483 die
1203 1417 1340 1483 secundo

107 1521 224 1587 mensis
247 1521 424 1604 Februarij.
459 1523 496 1587 In
518 1523 622 1604 pleno,
650 1521 854 1606 generalique
878 1521 1006 1588 consilio
1029 1521 1167 1588 ciuitatis
1191 1527 1223 1587 et
1245 1521 1341 1588 homi-

107 1643 181 1690 nurn
203 1625 327 1692 insulae
359 1625 530 1706 currules,
561 1627 602 1692 ad
625 1643 738 1690 sonum
766 1643 954 1708 campanae,
992 1643 1128 1710 voceque
1162 1628 1338 1713 praeconis,

109 1747 197 1796 more
220 1730 315 1796 solito
339 1731 372 1795 in
394 1731 526 1798 ecclesia
545 1729 653 1796 Sancti
673 1730 773 1795 Marci
792 1731 977 1808 coadunato,
1001 1732 1033 1796 in
1050 1751 1111 1814 quo
1127 1730 1254 1797 luerunt
1269 1749 1342 1798 con-

110 1835 218 1914 siliarij
243 1835 315 1900 lxiv.
339 1842 466 1918 ceptum
489 1841 523 1901 ot
546 1836 708 1901 obtentum
737 1834 797 1900 luit
826 1855 883 1917 per
910 1836 1046 1902 bellotae
1068 1835 1106 1900 lv.
1131 1855 1192 1901 non
1216 1837 1343 1903 obsten-

109 1939 190 2006 tibus
212 1957 328 2006 nouem
362 1935 489 2006 ballotis
511 1941 543 2005 iu
567 1941 757 2006 contrarium
791 1941 943 2023 repertis,
980 1941 1063 2023 quod
1097 1942 1230 2023 quilibet
1265 1941 1343 2006 ciuis

110 2044 273 2111 habitator
294 2045 432 2111 ciuitatis
453 2045 607 2110 Curzulae
629 2053 777 2112 teneatur
800 2053 833 2110 et
857 2046 973 2111 debeat
995 2046 1113 2112 habere
1129 2047 1161 2111 in
1178 2047 1269 2113 domo
1285 2067 1344 2114 sua

109 2150 148 2215 ad
168 2149 304 2216 tutemm
325 2149 462 2214 ciuitatis
486 2169 582 2230 arura,
605 2150 753 2216 videlicet
777 2157 900 2216 scutum
923 2169 1017 2215 vnum
1041 2151 1109 2216 siue
1132 2153 1285 2234 clypeum,
1310 2157 1343 2218 et

109 2273 201 2320 rnunr
225 2273 334 2321 ensem
350 2260 406 2320 aut
422 2254 583 2320 balistram
606 2273 708 2336 vnem,
732 2239 953 2320 fulcitam'suis
968 2256 1155 2339 necessarijs
1171 2265 1203 2321 et
1219 2256 1343 2338 sagittis

109 2359 264 2426 adruinus.
296 2359 342 2424 Et
361 2360 549 2441 quicumque
572 2377 646 2426 vero
669 2365 790 2426 careret
822 2377 905 2424 nune
926 2359 974 2426 his
997 2361 1106 2440 armis,
1141 2361 1258 2428 habeat
1280 2367 1342 2428 ter·

109 2465 225 2530 minum
257 2465 348 2530 unius
377 2465 451 2530 anni
482 2483 501 2528 a
529 2464 580 2530 die
610 2465 795 2547 praescripti
826 2465 1038 2546 computandi,
1069 2463 1127 2530 sibi
1158 2465 1344 2546 procidendi

110 2575 141 2634 et
169 2569 304 2636 emendi.
344 2568 387 2634 Et
413 2568 552 2651 regimen
588 2573 734 2634 tencatur
763 2569 886 2636 vinculo
917 2569 1083 2635 iuramenti
1112 2569 1143 2633 in
1175 2567 1237 2635 fine
1270 2569 1345 2634 dicti

111 2674 182 2739 enni
209 2675 250 2740 dc
278 2674 328 2738 bis
357 2673 453 2738 arnus
482 2672 588 2738 facere
617 2673 859 2754 descriptionem
886 2681 918 2740 et
947 2673 1053 2738 videre
1083 2680 1263 2739 monstram.
1301 2673 1344 2738 Et

111 2779 248 2860 quilibet,
280 2780 333 2862 qui
355 2783 499 2860 repertus
521 2776 618 2844 buerit
639 2795 702 2843 nou
725 2778 850 2856 habere,
882 2783 916 2842 vt
938 2777 1159 2860 praemittitur,
1192 2779 1341 2860 punietur

113 2883 217 2949 statim
240 2891 275 2950 et
297 2884 337 2950 de
359 2883 444 2949 fecto
467 2901 524 2964 per
545 2884 649 2966 ipsum
672 2885 813 2964 regimen
835 2883 868 2946 in
890 2883 1053 2965 yperperis
1077 2883 1196 2963 decem,
1220 2882 1259 2949 dc
1275 2883 1342 2964 qui·

113 2988 168 3054 bus
191 2995 338 3056 emautur
360 3007 448 3054 erma
469 2989 501 3052 iu
524 2989 592 3070 ipso
616 2987 770 3053 communi
793 2988 835 3053 ad
856 2987 1086 3070 prouidentiam
1108 2987 1267 3068 regiminis
1291 3007 1343 3055 ue·

114 3095 248 3160 cessaria
270 3099 305 3160 et
327 3093 454 3158 utiliora
482 3092 543 3174 ipsi
573 3093 737 3158 communi.
771 3093 814 3156 Et
843 3093 998 3174 regimen,
1034 3093 1086 3174 qui
1116 3111 1173 3175 pro
1203 3099 1345 3175 tempore

16 3191 17 3200 ’
113 3197 260 3267 fueritin
283 3203 457 3281 posterum,
488 3203 635 3262 teneatur
658 3197 742 3262 dicto
766 3197 888 3262 vinculo
909 3198 949 3264 ds
972 3216 1027 3262 sex
1050 3198 1211 3264 mensibus
1233 3198 1265 3262 in
1288 3216 1343 3263 sex

114 3321 237 3370 menses
260 3304 344 3369 circa
365 3302 460 3369 finem
483 3301 653 3367 cuiuslibet
673 3301 830 3368 iudicatus
853 3303 893 3369 de
915 3302 1083 3384 praedictis
1106 3302 1211 3369 fucere
1227 3302 1346 3370 discus·

115 3408 231 3474 monem
255 3413 289 3474 et
310 3407 419 3474 ridere
442 3409 623 3484 monstrem,
658 3413 818 3490 utsupra,
856 3413 889 3473 et
911 3413 1053 3490 repertos
1076 3408 1281 3492 negligentes,
1312 3413 1347 3473 vt

115 3532 207 3597 supra
228 3515 350 3597 punire.

189 3729 256 3773 csl’.
284 3729 351 3776 010·
381 3728 480 3772 GOMES
503 3727 672 3770 SUOGESSOR
695 3728 861 3770 'PRNEATUB
883 3727 964 3770 Acus
984 3722 1266 3771 esssnmbmssossnm

541 3835 732 3879 exsomnem
754 3834 917 3876 MANDARB.

155 3951 191 4016 ln
220 3951 339 4019 Christi
369 3949 494 4018 nomine
527 3949 638 4016 Anien.
673 3951 762 4017 Anno
797 3951 983 4018 Natiuitatis
1017 3953 1154 4020 eiusdem
1179 3953 1347 4020 Millesimo

117 4057 421 4140 quadringentesimo
453 4057 603 4138 vigesimo
634 4073 732 4134 nono,
770 4057 945 4124 ludiotione
967 4059 1117 4139 septima,
1152 4057 1348 4124 diedecima

117 4170 224 4228 octaua
245 4163 363 4228 mensis
385 4163 475 4244 lunij.
511 4161 706 4240 Spectabiles
736 4169 768 4229 et
790 4163 935 4243 generosi
964 4163 1021 4228 viri
1046 4163 1162 4228 domini
1184 4163 1347 4243 Pasqualis

17 4343 18 4348 ἵ
117 4273 147 4332 et
167 4267 285 4333 Paulus
308 4266 480 4333 Valeresso
504 4286 560 4348 pro
585 4266 799 4334 illustrissimo
822 4275 855 4334 et
877 4267 1138 4334 excellentissimo
1165 4267 1269 4333 ducali
1292 4267 1345 4333 do-

117 4373 205 4440 minio
226 4373 435 4438 venetiarum
458 4372 490 4436 in
513 4373 656 4455 partibus
670 4373 831 4457 Albaniae,
861 4373 1036 4439 Delnratiae
1058 4377 1091 4438 et
1113 4372 1226 4438 Istriae
1246 4373 1346 4450 bono-

118 4477 227 4545 rabiles
251 4477 362 4544 sindici
384 4479 565 4560 provisores
587 4483 645 4545 etc.
670 4479 778 4560 vigore
801 4478 850 4543 sui
871 4475 964 4561 officij
988 4477 1159 4542 sindicatus
1174 4478 1345 4544 mandaue-

119 4591 188 4648 ruut
214 4583 380 4666 spectabili
402 4589 437 4648 ct
458 4583 585 4666 egregio
609 4583 675 4648 viro
699 4583 823 4649 domino
847 4583 1016 4665 Pangmtio
1040 4581 1176 4664 Georgio
1198 4580 1271 4648 hon.
1295 4600 1346 4648 co·

162 4760 229 4827 ¹01.
243 4782 331 4840 supra
345 4781 421 4838 cup.
438 4761 589 4824 oxnvnl.
605 4761 759 4822 Reform

1516 4847 1648 4975 fu
1680 4875 1682 4920 ι
