<?xml version="1.0" encoding="UTF-8"?>
<!DOCTYPE html PUBLIC "-//W3C//DTD XHTML 1.0 Transitional//EN"
    "http://www.w3.org/TR/xhtml1/DTD/xhtml1-transitional.dtd">
<html xmlns="http://www.w3.org/1999/xhtml" xml:lang="en" lang="en">
 <head>
  <title>
</title>
<meta http-equiv="Content-Type" content="text/html;charset=utf-8" />
  <meta name='ocr-system' content='tesseract 3.04.00' />
  <meta name='ocr-capabilities' content='ocr_page ocr_carea ocr_par ocr_line ocrx_word'/>
</head>
<body>
  <div class='ocr_page' id='page_1' title='image "./statutaetlegesc00yuggoog_0113.png"; bbox 0 0 3396 5402; ppageno 0'>
   <div class='ocr_carea' id='block_1_1' title="bbox 1335 501 1376 566">
    <p class='ocr_par' dir='ltr' id='par_1_1' title="bbox 1335 501 1376 566">
     <span class='ocr_line' id='line_1_1' title="bbox 1335 501 1376 566; baseline -0.073 0"><span class='ocrx_word' id='word_1_1' title='bbox 1335 501 1376 566; x_wconf 79' lang='lat'>87</span> 
     </span>
    </p>
   </div>
   <div class='ocr_carea' id='block_1_2' title="bbox 11 703 1377 792">
    <p class='ocr_par' dir='ltr' id='par_1_2' title="bbox 11 703 1377 792">
     <span class='ocr_line' id='line_1_2' title="bbox 11 703 1377 792; baseline -0.003 -14"><span class='ocrx_word' id='word_1_2' title='bbox 11 727 12 732; x_wconf 70' lang='grc'>’</span> <span class='ocrx_word' id='word_1_3' title='bbox 136 703 279 789; x_wconf 86' lang='lat' dir='ltr'>giminis,</span> <span class='ocrx_word' id='word_1_4' title='bbox 302 712 358 775; x_wconf 87' lang='lat' dir='ltr'>out</span> <span class='ocrx_word' id='word_1_5' title='bbox 379 705 586 775; x_wconf 84' lang='lat' dir='ltr'>dotiariomm</span> <span class='ocrx_word' id='word_1_6' title='bbox 607 706 710 792; x_wconf 88' lang='lat' dir='ltr'>ipsum</span> <span class='ocrx_word' id='word_1_7' title='bbox 732 706 899 791; x_wconf 80' lang='lat' dir='ltr'>lignamen,</span> <span class='ocrx_word' id='word_1_8' title='bbox 931 707 1103 774; x_wconf 86' lang='lat' dir='ltr'>secundum</span> <span class='ocrx_word' id='word_1_9' title='bbox 1124 704 1256 774; x_wconf 82' lang='lat' dir='ltr'>formam</span> <span class='ocrx_word' id='word_1_10' title='bbox 1278 705 1377 774; x_wconf 89' lang='lat' dir='ltr'>refor-</span> 
     </span>
    </p>
   </div>
   <div class='ocr_carea' id='block_1_3' title="bbox 99 811 1376 1002">
    <p class='ocr_par' dir='ltr' id='par_1_3' title="bbox 99 811 1376 1002">
     <span class='ocr_line' id='line_1_3' title="bbox 99 811 1376 898; baseline 0 -19"><span class='ocrx_word' id='word_1_11' title='bbox 99 835 105 840; x_wconf 72' lang='grc'><em>’</em></span> <span class='ocrx_word' id='word_1_12' title='bbox 134 811 290 879; x_wconf 80' lang='lat' dir='ltr'>motionis</span> <span class='ocrx_word' id='word_1_13' title='bbox 312 811 353 880; x_wconf 81' lang='lat' dir='ltr'>de</span> <span class='ocrx_word' id='word_1_14' title='bbox 373 812 460 880; x_wconf 83' lang='lat' dir='ltr'>detio</span> <span class='ocrx_word' id='word_1_15' title='bbox 482 811 719 898; x_wconf 80' lang='lat' dir='ltr'>lignuminurn3¹</span> <span class='ocrx_word' id='word_1_16' title='bbox 753 817 885 896; x_wconf 80' lang='lat' dir='ltr'>excepta</span> <span class='ocrx_word' id='word_1_17' title='bbox 917 817 1025 878; x_wconf 85' lang='lat' dir='ltr'>tamen</span> <span class='ocrx_word' id='word_1_18' title='bbox 1046 812 1138 898; x_wconf 83' lang='lat' dir='ltr'>toda,</span> <span class='ocrx_word' id='word_1_19' title='bbox 1173 829 1254 894; x_wconf 86' lang='lat' dir='ltr'>quoe</span> <span class='ocrx_word' id='word_1_20' title='bbox 1282 812 1376 880; x_wconf 87' lang='lat' dir='ltr'>modo</span> 
     </span>
     <span class='ocr_line' id='line_1_4' title="bbox 137 914 1375 1002; baseline -0.001 -18"><span class='ocrx_word' id='word_1_21' title='bbox 137 914 251 1000; x_wconf 78' lang='lat' dir='ltr'>aliquo</span> <span class='ocrx_word' id='word_1_22' title='bbox 274 935 333 1001; x_wconf 89' lang='lat' dir='ltr'>per</span> <span class='ocrx_word' id='word_1_23' title='bbox 351 917 473 1000; x_wconf 87' lang='lat' dir='ltr'>aliquos</span> <span class='ocrx_word' id='word_1_24' title='bbox 493 918 614 984; x_wconf 79' lang='lat' dir='ltr'>extrahi</span> <span class='ocrx_word' id='word_1_25' title='bbox 637 936 699 985; x_wconf 95' lang='lat' dir='ltr'>non</span> <span class='ocrx_word' id='word_1_26' title='bbox 722 917 823 1002; x_wconf 83' lang='lat' dir='ltr'>possit</span> <span class='ocrx_word' id='word_1_27' title='bbox 845 915 885 983; x_wconf 82' lang='lat' dir='ltr'>rie</span> <span class='ocrx_word' id='word_1_28' title='bbox 908 915 1011 984; x_wconf 86' lang='lat' dir='ltr'>insula</span> <span class='ocrx_word' id='word_1_29' title='bbox 1032 917 1064 982; x_wconf 92' lang='lat' dir='ltr'>in</span> <span class='ocrx_word' id='word_1_30' title='bbox 1086 934 1189 1000; x_wconf 86' lang='lat' dir='ltr'>poeno</span> <span class='ocrx_word' id='word_1_31' title='bbox 1203 917 1375 1000; x_wconf 83' lang='lat' dir='ltr'>praedicta</span> 
     </span>
    </p>
   </div>
   <div class='ocr_carea' id='block_1_4' title="bbox 259 1113 1267 1160">
    <p class='ocr_par' dir='ltr' id='par_1_4' title="bbox 259 1113 1267 1160">
     <span class='ocr_line' id='line_1_5' title="bbox 259 1113 1267 1160; baseline 0.001 -2"><span class='ocrx_word' id='word_1_32' title='bbox 259 1114 326 1158; x_wconf 72' lang='lat' dir='ltr'>CAP-</span> <span class='ocrx_word' id='word_1_33' title='bbox 348 1114 435 1158; x_wconf 71' lang='lat' dir='ltr'>Iam.</span> <span class='ocrx_word' id='word_1_34' title='bbox 458 1114 522 1158; x_wconf 67' lang='lat' dir='ltr'>ROB</span> <span class='ocrx_word' id='word_1_35' title='bbox 543 1113 763 1158; x_wconf 70' lang='lat' dir='ltr'>mommsen</span> <span class='ocrx_word' id='word_1_36' title='bbox 785 1115 842 1160; x_wconf 72' lang='lat' dir='ltr'>ne</span> <span class='ocrx_word' id='word_1_37' title='bbox 864 1113 1004 1158; x_wconf 71' lang='lat' dir='ltr'>manns</span> <span class='ocrx_word' id='word_1_38' title='bbox 1026 1114 1069 1158; x_wconf 77' lang='lat' dir='ltr'>An</span> <span class='ocrx_word' id='word_1_39' title='bbox 1092 1114 1267 1159; x_wconf 65' lang='lat' dir='ltr'>umqum.</span> 
     </span>
    </p>
   </div>
   <div class='ocr_carea' id='block_1_5' title="bbox 136 1230 1379 1947">
    <p class='ocr_par' dir='ltr' id='par_1_5' title="bbox 136 1230 1379 1947">
     <span class='ocr_line' id='line_1_6' title="bbox 185 1230 1379 1314; baseline 0.001 -16"><span class='ocrx_word' id='word_1_40' title='bbox 185 1231 269 1298; x_wconf 86' lang='lat' dir='ltr'>Item</span> <span class='ocrx_word' id='word_1_41' title='bbox 290 1231 322 1296; x_wconf 94' lang='lat' dir='ltr'>in</span> <span class='ocrx_word' id='word_1_42' title='bbox 345 1231 430 1298; x_wconf 88' lang='lat' dir='ltr'>dioto</span> <span class='ocrx_word' id='word_1_43' title='bbox 452 1230 583 1298; x_wconf 92' lang='lat' dir='ltr'>consilio</span> <span class='ocrx_word' id='word_1_44' title='bbox 618 1236 744 1314; x_wconf 86' lang='lat' dir='ltr'>captum</span> <span class='ocrx_word' id='word_1_45' title='bbox 767 1230 844 1311; x_wconf 80' lang='lat' dir='ltr'>fruit,</span> <span class='ocrx_word' id='word_1_46' title='bbox 879 1231 964 1313; x_wconf 89' lang='lat' dir='ltr'>quod</span> <span class='ocrx_word' id='word_1_47' title='bbox 995 1232 1173 1314; x_wconf 85' lang='lat' dir='ltr'>quicunque</span> <span class='ocrx_word' id='word_1_48' title='bbox 1207 1232 1379 1300; x_wconf 73' lang='lat' dir='ltr'>inmutabit</span> 
     </span>
     <span class='ocr_line' id='line_1_7' title="bbox 136 1327 1377 1421; baseline 0.002 -19"><span class='ocrx_word' id='word_1_49' title='bbox 136 1335 291 1404; x_wconf 84' lang='lat' dir='ltr'>ammodo</span> <span class='ocrx_word' id='word_1_50' title='bbox 319 1336 351 1402; x_wconf 95' lang='lat' dir='ltr'>in</span> <span class='ocrx_word' id='word_1_51' title='bbox 381 1341 479 1403; x_wconf 86' lang='lat' dir='ltr'>antea</span> <span class='ocrx_word' id='word_1_52' title='bbox 509 1337 648 1420; x_wconf 85' lang='lat' dir='ltr'>aliquam</span> <span class='ocrx_word' id='word_1_53' title='bbox 679 1327 845 1421; x_wconf 88' lang='lat' dir='ltr'>personam</span> <span class='ocrx_word' id='word_1_54' title='bbox 874 1336 907 1402; x_wconf 92' lang='lat' dir='ltr'>in</span> <span class='ocrx_word' id='word_1_55' title='bbox 938 1336 1088 1417; x_wconf 86' lang='lat' dir='ltr'>emendo,</span> <span class='ocrx_word' id='word_1_56' title='bbox 1123 1355 1181 1404; x_wconf 88' lang='lat' dir='ltr'>seu</span> <span class='ocrx_word' id='word_1_57' title='bbox 1214 1336 1377 1404; x_wconf 85' lang='lat' dir='ltr'>vendendo</span> 
     </span>
     <span class='ocr_line' id='line_1_8' title="bbox 137 1427 1377 1526; baseline 0.001 -19"><span class='ocrx_word' id='word_1_58' title='bbox 137 1440 266 1523; x_wconf 88' lang='lat' dir='ltr'>aliquid</span> <span class='ocrx_word' id='word_1_59' title='bbox 288 1446 321 1508; x_wconf 88' lang='lat' dir='ltr'>et</span> <span class='ocrx_word' id='word_1_60' title='bbox 338 1427 526 1525; x_wconf 70' lang='lat' dir='ltr'>¹specialiter</span> <span class='ocrx_word' id='word_1_61' title='bbox 547 1442 588 1508; x_wconf 85' lang='lat' dir='ltr'>ed</span> <span class='ocrx_word' id='word_1_62' title='bbox 609 1441 794 1526; x_wconf 83' lang='lat' dir='ltr'>piscariam,</span> <span class='ocrx_word' id='word_1_63' title='bbox 827 1440 1005 1508; x_wconf 87' lang='lat' dir='ltr'>beocariam</span> <span class='ocrx_word' id='word_1_64' title='bbox 1028 1447 1060 1506; x_wconf 88' lang='lat' dir='ltr'>et</span> <span class='ocrx_word' id='word_1_65' title='bbox 1082 1441 1174 1508; x_wconf 84' lang='lat' dir='ltr'>aliter</span> <span class='ocrx_word' id='word_1_66' title='bbox 1206 1442 1377 1522; x_wconf 90' lang='lat' dir='ltr'>quomodo·</span> 
     </span>
     <span class='ocr_line' id='line_1_9' title="bbox 137 1545 1378 1630; baseline 0.001 -17"><span class='ocrx_word' id='word_1_67' title='bbox 137 1547 232 1628; x_wconf 76' lang='lat' dir='ltr'>libet</span> <span class='ocrx_word' id='word_1_68' title='bbox 252 1547 464 1630; x_wconf 83' lang='lat' dir='ltr'>cuiuscunque</span> <span class='ocrx_word' id='word_1_69' title='bbox 479 1547 603 1629; x_wconf 81' lang='lat' dir='ltr'>generis</span> <span class='ocrx_word' id='word_1_70' title='bbox 618 1546 714 1614; x_wconf 87' lang='lat' dir='ltr'>fuerit</span> <span class='ocrx_word' id='word_1_71' title='bbox 728 1547 974 1622; x_wconf 89' lang='lat' dir='ltr'>mercimonium,</span> <span class='ocrx_word' id='word_1_72' title='bbox 997 1547 1100 1612; x_wconf 86' lang='lat' dir='ltr'>soluat</span> <span class='ocrx_word' id='word_1_73' title='bbox 1115 1545 1240 1614; x_wconf 91' lang='lat' dir='ltr'>nomine</span> <span class='ocrx_word' id='word_1_74' title='bbox 1255 1565 1378 1630; x_wconf 83' lang='lat' dir='ltr'>poenae</span> 
     </span>
     <span class='ocr_line' id='line_1_10' title="bbox 138 1649 1379 1736; baseline -0.001 -18"><span class='ocrx_word' id='word_1_75' title='bbox 138 1669 319 1736; x_wconf 79' lang='lat' dir='ltr'>yperperos</span> <span class='ocrx_word' id='word_1_76' title='bbox 341 1651 438 1733; x_wconf 89' lang='lat' dir='ltr'>duos,</span> <span class='ocrx_word' id='word_1_77' title='bbox 471 1651 730 1735; x_wconf 82' lang='lat' dir='ltr'>pro-medietate</span> <span class='ocrx_word' id='word_1_78' title='bbox 752 1650 918 1726; x_wconf 84' lang='lat' dir='ltr'>Communi</span> <span class='ocrx_word' id='word_1_79' title='bbox 941 1656 973 1717; x_wconf 88' lang='lat' dir='ltr'>et</span> <span class='ocrx_word' id='word_1_80' title='bbox 995 1651 1057 1717; x_wconf 86' lang='lat' dir='ltr'>alio</span> <span class='ocrx_word' id='word_1_81' title='bbox 1078 1651 1128 1717; x_wconf 90' lang='lat' dir='ltr'>cui</span> <span class='ocrx_word' id='word_1_82' title='bbox 1150 1649 1264 1717; x_wconf 89' lang='lat' dir='ltr'>iniurie</span> <span class='ocrx_word' id='word_1_83' title='bbox 1294 1649 1379 1722; x_wconf 87' lang='lat' dir='ltr'>facta</span> 
     </span>
     <span class='ocr_line' id='line_1_11' title="bbox 137 1755 1378 1838; baseline 0 -15"><span class='ocrx_word' id='word_1_84' title='bbox 137 1755 241 1824; x_wconf 86' lang='lat' dir='ltr'>inerit</span> <span class='ocrx_word' id='word_1_85' title='bbox 262 1761 297 1824; x_wconf 88' lang='lat' dir='ltr'>et</span> <span class='ocrx_word' id='word_1_86' title='bbox 318 1757 466 1824; x_wconf 85' lang='lat' dir='ltr'>credetur</span> <span class='ocrx_word' id='word_1_87' title='bbox 488 1758 648 1824; x_wconf 75' lang='lat' dir='ltr'>accusanti</span> <span class='ocrx_word' id='word_1_88' title='bbox 671 1757 817 1824; x_wconf 88' lang='lat' dir='ltr'>iniurioto</span> <span class='ocrx_word' id='word_1_89' title='bbox 840 1773 911 1822; x_wconf 89' lang='lat' dir='ltr'>curn</span> <span class='ocrx_word' id='word_1_90' title='bbox 927 1773 985 1822; x_wconf 89' lang='lat' dir='ltr'>suo</span> <span class='ocrx_word' id='word_1_91' title='bbox 1000 1761 1209 1838; x_wconf 81' lang='lat' dir='ltr'>sacramento,</span> <span class='ocrx_word' id='word_1_92' title='bbox 1232 1773 1302 1823; x_wconf 88' lang='lat' dir='ltr'>oum</span> <span class='ocrx_word' id='word_1_93' title='bbox 1316 1773 1378 1823; x_wconf 85' lang='lat' dir='ltr'>vno</span> 
     </span>
     <span class='ocr_line' id='line_1_12' title="bbox 137 1859 437 1947; baseline -0.013 -17"><span class='ocrx_word' id='word_1_94' title='bbox 137 1865 227 1930; x_wconf 76' lang='lat' dir='ltr'>ceste</span> <span class='ocrx_word' id='word_1_95' title='bbox 249 1859 312 1930; x_wconf 89' lang='lat' dir='ltr'>fide</span> <span class='ocrx_word' id='word_1_96' title='bbox 333 1863 437 1947; x_wconf 85' lang='lat' dir='ltr'>digno.</span> 
     </span>
    </p>
   </div>
   <div class='ocr_carea' id='block_1_6' title="bbox 343 2057 1181 2106">
    <p class='ocr_par' dir='ltr' id='par_1_6' title="bbox 343 2057 1181 2106">
     <span class='ocr_line' id='line_1_13' title="bbox 343 2057 1181 2106; baseline -0.007 0"><span class='ocrx_word' id='word_1_97' title='bbox 343 2061 410 2106; x_wconf 71' lang='lat' dir='ltr'>ou.</span> <span class='ocrx_word' id='word_1_98' title='bbox 433 2061 506 2104; x_wconf 74' lang='lat' dir='ltr'>LXV.</span> <span class='ocrx_word' id='word_1_99' title='bbox 529 2060 594 2102; x_wconf 74' lang='lat' dir='ltr'>NON</span> <span class='ocrx_word' id='word_1_100' title='bbox 616 2059 765 2104; x_wconf 66' lang='lat' dir='ltr'>promum</span> <span class='ocrx_word' id='word_1_101' title='bbox 787 2059 938 2102; x_wconf 70' lang='lat' dir='ltr'>reserem</span> <span class='ocrx_word' id='word_1_102' title='bbox 960 2059 995 2100; x_wconf 71' lang='lat' dir='ltr'>nu</span> <span class='ocrx_word' id='word_1_103' title='bbox 1016 2057 1181 2102; x_wconf 67' lang='lat' dir='ltr'>ramnum.</span> 
     </span>
    </p>
   </div>
   <div class='ocr_carea' id='block_1_7' title="bbox 141 2173 1377 2368">
    <p class='ocr_par' dir='ltr' id='par_1_7' title="bbox 141 2173 1377 2368">
     <span class='ocr_line' id='line_1_14' title="bbox 183 2173 1377 2265; baseline -0.003 -19"><span class='ocrx_word' id='word_1_104' title='bbox 183 2179 276 2265; x_wconf 85' lang='lat' dir='ltr'>Item,</span> <span class='ocrx_word' id='word_1_105' title='bbox 299 2179 383 2261; x_wconf 90' lang='lat' dir='ltr'>quod</span> <span class='ocrx_word' id='word_1_106' title='bbox 405 2197 499 2246; x_wconf 90' lang='lat' dir='ltr'>nemo</span> <span class='ocrx_word' id='word_1_107' title='bbox 530 2177 630 2260; x_wconf 83' lang='lat' dir='ltr'>possit</span> <span class='ocrx_word' id='word_1_108' title='bbox 663 2176 802 2244; x_wconf 90' lang='lat' dir='ltr'>incidere</span> <span class='ocrx_word' id='word_1_109' title='bbox 824 2194 951 2259; x_wconf 87' lang='lat' dir='ltr'>nemus,</span> <span class='ocrx_word' id='word_1_110' title='bbox 984 2173 1131 2243; x_wconf 86' lang='lat' dir='ltr'>iaciendo</span> <span class='ocrx_word' id='word_1_111' title='bbox 1167 2173 1323 2258; x_wconf 86' lang='lat' dir='ltr'>passicem</span> <span class='ocrx_word' id='word_1_112' title='bbox 1344 2174 1377 2242; x_wconf 92' lang='lat' dir='ltr'>in</span> 
     </span>
     <span class='ocr_line' id='line_1_15' title="bbox 141 2283 762 2368; baseline -0.006 -17"><span class='ocrx_word' id='word_1_113' title='bbox 141 2283 299 2361; x_wconf 78' lang='lat' dir='ltr'>Priunila</span> <span class='ocrx_word' id='word_1_114' title='bbox 321 2302 425 2368; x_wconf 85' lang='lat' dir='ltr'>poena</span> <span class='ocrx_word' id='word_1_115' title='bbox 445 2300 672 2367; x_wconf 76' lang='lat' dir='ltr'>yperperorum</span> <span class='ocrx_word' id='word_1_116' title='bbox 693 2301 762 2348; x_wconf 80' lang='lat' dir='ltr'>nur.</span> 
     </span>
    </p>
   </div>
   <div class='ocr_carea' id='block_1_8' title="bbox 392 2477 1129 2526">
    <p class='ocr_par' dir='ltr' id='par_1_8' title="bbox 392 2477 1129 2526">
     <span class='ocr_line' id='line_1_16' title="bbox 392 2477 1129 2526; baseline -0.008 0"><span class='ocrx_word' id='word_1_117' title='bbox 392 2481 459 2526; x_wconf 75' lang='lat' dir='ltr'>GAP·</span> <span class='ocrx_word' id='word_1_118' title='bbox 482 2481 567 2524; x_wconf 73' lang='lat' dir='ltr'>mvl.</span> <span class='ocrx_word' id='word_1_119' title='bbox 602 2479 796 2524; x_wconf 63' lang='lat' dir='ltr'>basmonum</span> <span class='ocrx_word' id='word_1_120' title='bbox 818 2480 852 2522; x_wconf 78' lang='lat' dir='ltr'>m</span> <span class='ocrx_word' id='word_1_121' title='bbox 874 2477 988 2524; x_wconf 71' lang='lat' dir='ltr'>seobreo</span> <span class='ocrx_word' id='word_1_122' title='bbox 1010 2477 1129 2521; x_wconf 73' lang='lat' dir='ltr'>nonu.</span> 
     </span>
    </p>
   </div>
   <div class='ocr_carea' id='block_1_9' title="bbox 62 2593 1378 3274">
    <p class='ocr_par' dir='ltr' id='par_1_9' title="bbox 62 2593 1378 3274">
     <span class='ocr_line' id='line_1_17' title="bbox 184 2593 1377 2682; baseline -0.005 -17"><span class='ocrx_word' id='word_1_123' title='bbox 184 2600 269 2667; x_wconf 82' lang='lat' dir='ltr'>Item</span> <span class='ocrx_word' id='word_1_124' title='bbox 303 2596 381 2666; x_wconf 86' lang='lat' dir='ltr'>fiant</span> <span class='ocrx_word' id='word_1_125' title='bbox 413 2597 556 2682; x_wconf 80' lang='lat' dir='ltr'>passione</span> <span class='ocrx_word' id='word_1_126' title='bbox 585 2597 618 2662; x_wconf 94' lang='lat' dir='ltr'>in</span> <span class='ocrx_word' id='word_1_127' title='bbox 641 2596 747 2664; x_wconf 85' lang='lat' dir='ltr'>scolco</span> <span class='ocrx_word' id='word_1_128' title='bbox 780 2612 913 2677; x_wconf 86' lang='lat' dir='ltr'>magno,</span> <span class='ocrx_word' id='word_1_129' title='bbox 947 2594 1117 2661; x_wconf 86' lang='lat' dir='ltr'>secundum</span> <span class='ocrx_word' id='word_1_130' title='bbox 1147 2593 1377 2678; x_wconf 83' lang='lat' dir='ltr'>prouidentiam</span> 
     </span>
     <span class='ocr_line' id='line_1_18' title="bbox 141 2704 317 2790; baseline -0.006 -19"><span class='ocrx_word' id='word_1_131' title='bbox 141 2704 317 2790; x_wconf 85' lang='lat' dir='ltr'>regiminis.</span> 
     </span>
     <span class='ocr_line' id='line_1_19' title="bbox 372 2863 1156 2912; baseline -0.01 0"><span class='ocrx_word' id='word_1_132' title='bbox 372 2867 439 2912; x_wconf 70' lang='lat' dir='ltr'>on.</span> <span class='ocrx_word' id='word_1_133' title='bbox 463 2865 560 2908; x_wconf 77' lang='lat' dir='ltr'>nxvu.</span> <span class='ocrx_word' id='word_1_134' title='bbox 584 2864 719 2909; x_wconf 74' lang='lat' dir='ltr'>smum</span> <span class='ocrx_word' id='word_1_135' title='bbox 738 2863 965 2908; x_wconf 72' lang='lat' dir='ltr'>nnsusunmmr</span> <span class='ocrx_word' id='word_1_136' title='bbox 986 2864 1021 2907; x_wconf 70' lang='lat' dir='ltr'>ns</span> <span class='ocrx_word' id='word_1_137' title='bbox 1042 2863 1156 2908; x_wconf 68' lang='lat' dir='ltr'>mle.</span> 
     </span>
     <span class='ocr_line' id='line_1_20' title="bbox 184 2977 1377 3063; baseline 0.002 -20"><span class='ocrx_word' id='word_1_138' title='bbox 184 2977 277 3057; x_wconf 83' lang='lat' dir='ltr'>Item,</span> <span class='ocrx_word' id='word_1_139' title='bbox 299 2977 382 3059; x_wconf 88' lang='lat' dir='ltr'>qnod</span> <span class='ocrx_word' id='word_1_140' title='bbox 407 2980 619 3063; x_wconf 76' lang='lat' dir='ltr'>unusquisque</span> <span class='ocrx_word' id='word_1_141' title='bbox 642 2985 789 3047; x_wconf 83' lang='lat' dir='ltr'>teneatur</span> <span class='ocrx_word' id='word_1_142' title='bbox 809 2980 974 3046; x_wconf 86' lang='lat' dir='ltr'>destruere</span> <span class='ocrx_word' id='word_1_143' title='bbox 989 2979 1119 3045; x_wconf 87' lang='lat' dir='ltr'>srituam</span> <span class='ocrx_word' id='word_1_144' title='bbox 1141 2979 1174 3042; x_wconf 96' lang='lat' dir='ltr'>in</span> <span class='ocrx_word' id='word_1_145' title='bbox 1196 2977 1295 3046; x_wconf 84' lang='lat' dir='ltr'>vineis</span> <span class='ocrx_word' id='word_1_146' title='bbox 1311 2979 1377 3046; x_wconf 92' lang='lat' dir='ltr'>suis</span> 
     </span>
     <span class='ocr_line' id='line_1_21' title="bbox 62 3081 1378 3165; baseline 0.002 -17"><span class='ocrx_word' id='word_1_147' title='bbox 62 3085 70 3094; x_wconf 85' lang='lat'>&#39;</span> <span class='ocrx_word' id='word_1_148' title='bbox 138 3083 173 3148; x_wconf 91' lang='lat' dir='ltr'>in</span> <span class='ocrx_word' id='word_1_149' title='bbox 198 3081 380 3164; x_wconf 73' lang='lat' dir='ltr'>Draceuiza,</span> <span class='ocrx_word' id='word_1_150' title='bbox 414 3083 564 3152; x_wconf 85' lang='lat' dir='ltr'>videlicet</span> <span class='ocrx_word' id='word_1_151' title='bbox 596 3086 733 3153; x_wconf 85' lang='lat' dir='ltr'>secando</span> <span class='ocrx_word' id='word_1_152' title='bbox 764 3091 838 3152; x_wconf 86' lang='lat' dir='ltr'>ante</span> <span class='ocrx_word' id='word_1_153' title='bbox 860 3102 969 3152; x_wconf 87' lang='lat' dir='ltr'>semen</span> <span class='ocrx_word' id='word_1_154' title='bbox 992 3089 1023 3150; x_wconf 88' lang='lat' dir='ltr'>et</span> <span class='ocrx_word' id='word_1_155' title='bbox 1045 3083 1188 3165; x_wconf 75' lang='lat' dir='ltr'>rependo</span> <span class='ocrx_word' id='word_1_156' title='bbox 1222 3083 1378 3150; x_wconf 84' lang='lat' dir='ltr'>deindea</span> 
     </span>
     <span class='ocr_line' id='line_1_22' title="bbox 139 3186 1377 3274; baseline -0.001 -21"><span class='ocrx_word' id='word_1_157' title='bbox 139 3186 350 3254; x_wconf 80' lang='lat' dir='ltr'>fundamento</span> <span class='ocrx_word' id='word_1_158' title='bbox 383 3204 485 3270; x_wconf 89' lang='lat' dir='ltr'>poena</span> <span class='ocrx_word' id='word_1_159' title='bbox 517 3207 744 3274; x_wconf 82' lang='lat' dir='ltr'>yperperorum</span> <span class='ocrx_word' id='word_1_160' title='bbox 768 3209 795 3254; x_wconf 91' lang='lat' dir='ltr'>v.</span> <span class='ocrx_word' id='word_1_161' title='bbox 819 3209 878 3273; x_wconf 90' lang='lat' dir='ltr'>pro</span> <span class='ocrx_word' id='word_1_162' title='bbox 901 3188 1043 3271; x_wconf 87' lang='lat' dir='ltr'>quolibet</span> <span class='ocrx_word' id='word_1_163' title='bbox 1077 3186 1322 3254; x_wconf 85' lang='lat' dir='ltr'>contrafaciente</span> <span class='ocrx_word' id='word_1_164' title='bbox 1344 3193 1377 3254; x_wconf 87' lang='lat' dir='ltr'>et</span> 
     </span>
    </p>
   </div>
   <div class='ocr_carea' id='block_1_10' title="bbox 98 3291 1376 3508">
    <p class='ocr_par' dir='ltr' id='par_1_10' title="bbox 98 3291 1376 3508">
     <span class='ocr_line' id='line_1_23' title="bbox 138 3291 1376 3378; baseline 0.001 -21"><span class='ocrx_word' id='word_1_165' title='bbox 138 3291 173 3357; x_wconf 91' lang='lat' dir='ltr'>in</span> <span class='ocrx_word' id='word_1_166' title='bbox 199 3291 343 3358; x_wconf 91' lang='lat' dir='ltr'>omnibus</span> <span class='ocrx_word' id='word_1_167' title='bbox 366 3291 437 3376; x_wconf 86' lang='lat' dir='ltr'>alijs</span> <span class='ocrx_word' id='word_1_168' title='bbox 459 3295 587 3378; x_wconf 84' lang='lat' dir='ltr'>campis.</span> <span class='ocrx_word' id='word_1_169' title='bbox 622 3295 665 3361; x_wconf 83' lang='lat' dir='ltr'>Et</span> <span class='ocrx_word' id='word_1_170' title='bbox 687 3295 771 3377; x_wconf 92' lang='lat' dir='ltr'>quod</span> <span class='ocrx_word' id='word_1_171' title='bbox 794 3295 936 3377; x_wconf 84' lang='lat' dir='ltr'>regimen</span> <span class='ocrx_word' id='word_1_172' title='bbox 960 3297 1105 3360; x_wconf 87' lang='lat' dir='ltr'>tenentur</span> <span class='ocrx_word' id='word_1_173' title='bbox 1126 3299 1269 3376; x_wconf 88' lang='lat' dir='ltr'>tempore</span> <span class='ocrx_word' id='word_1_174' title='bbox 1303 3311 1376 3359; x_wconf 93' lang='lat' dir='ltr'>con·</span> 
     </span>
     <span class='ocr_line' id='line_1_24' title="bbox 98 3397 762 3508; baseline 0.003 -46"><span class='ocrx_word' id='word_1_175' title='bbox 98 3496 101 3508; x_wconf 22' lang='lat'>⁸</span> <span class='ocrx_word' id='word_1_176' title='bbox 139 3413 224 3479; x_wconf 82' lang='lat' dir='ltr'>grno</span> <span class='ocrx_word' id='word_1_177' title='bbox 247 3397 399 3463; x_wconf 82' lang='lat' dir='ltr'>nuntiare.</span> <span class='ocrx_word' id='word_1_178' title='bbox 758 3421 762 3430; x_wconf 63' lang='lat'><strong><em>¹</em></strong></span> 
     </span>
    </p>
   </div>
   <div class='ocr_carea' id='block_1_11' title="bbox 140 3593 1377 3730">
    <p class='ocr_par' dir='ltr' id='par_1_11' title="bbox 140 3593 1377 3730">
     <span class='ocr_line' id='line_1_25' title="bbox 140 3593 1377 3642; baseline 0.002 -5"><span class='ocrx_word' id='word_1_179' title='bbox 140 3593 212 3638; x_wconf 70' lang='lat' dir='ltr'>on.</span> <span class='ocrx_word' id='word_1_180' title='bbox 235 3594 345 3638; x_wconf 76' lang='lat' dir='ltr'>uxvm.</span> <span class='ocrx_word' id='word_1_181' title='bbox 373 3595 537 3640; x_wconf 62' lang='lat' dir='ltr'>umbus</span> <span class='ocrx_word' id='word_1_182' title='bbox 567 3597 643 3640; x_wconf 78' lang='lat' dir='ltr'>mn</span> <span class='ocrx_word' id='word_1_183' title='bbox 664 3598 724 3641; x_wconf 77' lang='lat' dir='ltr'>m</span> <span class='ocrx_word' id='word_1_184' title='bbox 746 3597 885 3642; x_wconf 71' lang='lat' dir='ltr'>nusum</span> <span class='ocrx_word' id='word_1_185' title='bbox 907 3598 947 3639; x_wconf 70' lang='grc' dir='ltr'>ΕΤ</span> <span class='ocrx_word' id='word_1_186' title='bbox 969 3597 1038 3639; x_wconf 65' lang='lat' dir='ltr'>Bm*</span> <span class='ocrx_word' id='word_1_187' title='bbox 1060 3594 1163 3638; x_wconf 72' lang='grc' dir='ltr'>ῙιΔΤΔΕ</span> <span class='ocrx_word' id='word_1_188' title='bbox 1192 3595 1255 3640; x_wconf 72' lang='lat' dir='ltr'>VNO</span> <span class='ocrx_word' id='word_1_189' title='bbox 1283 3595 1377 3640; x_wconf 69' lang='lat' dir='ltr'>PASRU</span> 
     </span>
     <span class='ocr_line' id='line_1_26' title="bbox 687 3684 840 3730; baseline -0.02 0"><span class='ocrx_word' id='word_1_190' title='bbox 687 3684 840 3730; x_wconf 73' lang='lat' dir='ltr'>commum.</span> 
     </span>
    </p>
   </div>
   <div class='ocr_carea' id='block_1_12' title="bbox 11 3797 1377 4302">
    <p class='ocr_par' dir='ltr' id='par_1_12' title="bbox 11 3797 1375 3888">
     <span class='ocr_line' id='line_1_27' title="bbox 11 3797 1375 3888; baseline 0 -22"><span class='ocrx_word' id='word_1_191' title='bbox 11 3885 12 3888; x_wconf 8' lang='grc' dir='ltr'><strong>Ἴ</strong></span> <span class='ocrx_word' id='word_1_192' title='bbox 187 3797 267 3866; x_wconf 79' lang='lat' dir='ltr'>item</span> <span class='ocrx_word' id='word_1_193' title='bbox 289 3805 415 3884; x_wconf 82' lang='lat' dir='ltr'>captum</span> <span class='ocrx_word' id='word_1_194' title='bbox 436 3799 507 3887; x_wconf 87' lang='lat' dir='ltr'>iuit,</span> <span class='ocrx_word' id='word_1_195' title='bbox 541 3801 626 3884; x_wconf 89' lang='lat' dir='ltr'>quod</span> <span class='ocrx_word' id='word_1_196' title='bbox 648 3802 718 3868; x_wconf 87' lang='lat' dir='ltr'>vioe</span> <span class='ocrx_word' id='word_1_197' title='bbox 741 3807 890 3884; x_wconf 85' lang='lat' dir='ltr'>aptentur</span> <span class='ocrx_word' id='word_1_198' title='bbox 911 3821 970 3884; x_wconf 90' lang='lat' dir='ltr'>per</span> <span class='ocrx_word' id='word_1_199' title='bbox 991 3801 1140 3880; x_wconf 84' lang='lat' dir='ltr'>insulam,</span> <span class='ocrx_word' id='word_1_200' title='bbox 1176 3805 1271 3883; x_wconf 90' lang='lat' dir='ltr'>prout</span> <span class='ocrx_word' id='word_1_201' title='bbox 1293 3801 1375 3867; x_wconf 88' lang='lat' dir='ltr'>ordi·</span> 
     </span>
    </p>

    <p class='ocr_par' dir='ltr' id='par_1_13' title="bbox 139 3903 1376 3990">
     <span class='ocr_line' id='line_1_28' title="bbox 139 3903 1376 3990; baseline -0.001 -19"><span class='ocrx_word' id='word_1_202' title='bbox 139 3903 265 3972; x_wconf 80' lang='lat' dir='ltr'>nabunt</span> <span class='ocrx_word' id='word_1_203' title='bbox 286 3904 477 3990; x_wconf 78' lang='lat' dir='ltr'>infrascripti</span> <span class='ocrx_word' id='word_1_204' title='bbox 506 3905 638 3975; x_wconf 82' lang='lat' dir='ltr'>nobiles.</span> <span class='ocrx_word' id='word_1_205' title='bbox 673 3907 717 3972; x_wconf 87' lang='lat' dir='ltr'>Et</span> <span class='ocrx_word' id='word_1_206' title='bbox 746 3907 877 3990; x_wconf 85' lang='lat' dir='ltr'>quilibet</span> <span class='ocrx_word' id='word_1_207' title='bbox 910 3905 1102 3989; x_wconf 85' lang='lat' dir='ltr'>impediens,</span> <span class='ocrx_word' id='word_1_208' title='bbox 1135 3903 1186 3970; x_wconf 86' lang='lat' dir='ltr'>vel</span> <span class='ocrx_word' id='word_1_209' title='bbox 1209 3903 1376 3970; x_wconf 85' lang='lat' dir='ltr'>destruens</span> 
     </span>
    </p>

    <p class='ocr_par' dir='ltr' id='par_1_14' title="bbox 43 4009 1376 4096">
     <span class='ocr_line' id='line_1_29' title="bbox 43 4009 1376 4096; baseline -0.001 -20"><span class='ocrx_word' id='word_1_210' title='bbox 43 4075 49 4088; x_wconf 77' lang='grc'><strong>,</strong></span> <span class='ocrx_word' id='word_1_211' title='bbox 138 4011 213 4094; x_wconf 85' lang='lat' dir='ltr'>ipsa</span> <span class='ocrx_word' id='word_1_212' title='bbox 234 4009 363 4089; x_wconf 85' lang='lat' dir='ltr'>itinere,</span> <span class='ocrx_word' id='word_1_213' title='bbox 397 4011 502 4078; x_wconf 80' lang='lat' dir='ltr'>soluat</span> <span class='ocrx_word' id='word_1_214' title='bbox 523 4011 648 4080; x_wconf 86' lang='lat' dir='ltr'>nomine</span> <span class='ocrx_word' id='word_1_215' title='bbox 681 4030 802 4096; x_wconf 86' lang='lat' dir='ltr'>poenae</span> <span class='ocrx_word' id='word_1_216' title='bbox 823 4029 996 4096; x_wconf 88' lang='lat' dir='ltr'>yperperos</span> <span class='ocrx_word' id='word_1_217' title='bbox 1027 4011 1164 4094; x_wconf 88' lang='lat' dir='ltr'>quinquo</span> <span class='ocrx_word' id='word_1_218' title='bbox 1187 4016 1221 4076; x_wconf 90' lang='lat' dir='ltr'>et</span> <span class='ocrx_word' id='word_1_219' title='bbox 1243 4009 1376 4092; x_wconf 88' lang='lat' dir='ltr'>quilibet</span> 
     </span>
    </p>

    <p class='ocr_par' dir='ltr' id='par_1_15' title="bbox 138 4113 1377 4302">
     <span class='ocr_line' id='line_1_30' title="bbox 138 4113 1377 4198; baseline -0.002 -17"><span class='ocrx_word' id='word_1_220' title='bbox 138 4114 246 4198; x_wconf 85' lang='lat' dir='ltr'>possit</span> <span class='ocrx_word' id='word_1_221' title='bbox 277 4131 426 4182; x_wconf 86' lang='lat' dir='ltr'>accusare</span> <span class='ocrx_word' id='word_1_222' title='bbox 447 4121 480 4182; x_wconf 91' lang='lat' dir='ltr'>et</span> <span class='ocrx_word' id='word_1_223' title='bbox 500 4115 618 4184; x_wconf 88' lang='lat' dir='ltr'>habere</span> <span class='ocrx_word' id='word_1_224' title='bbox 648 4116 850 4184; x_wconf 84' lang='lat' dir='ltr'>medietatem</span> <span class='ocrx_word' id='word_1_225' title='bbox 883 4115 985 4182; x_wconf 87' lang='lat' dir='ltr'>banni.</span> <span class='ocrx_word' id='word_1_226' title='bbox 1021 4114 1071 4181; x_wconf 83' lang='lat' dir='ltr'>Ao</span> <span class='ocrx_word' id='word_1_227' title='bbox 1099 4114 1201 4180; x_wconf 89' lang='lat' dir='ltr'>minus</span> <span class='ocrx_word' id='word_1_228' title='bbox 1224 4113 1265 4180; x_wconf 87' lang='lat' dir='ltr'>sit</span> <span class='ocrx_word' id='word_1_229' title='bbox 1287 4113 1377 4198; x_wconf 84' lang='lat' dir='ltr'>larga</span> 
     </span>
     <span class='ocr_line' id='line_1_31' title="bbox 139 4221 510 4302; baseline 0.003 -17"><span class='ocrx_word' id='word_1_230' title='bbox 139 4236 204 4286; x_wconf 89' lang='lat' dir='ltr'>vno</span> <span class='ocrx_word' id='word_1_231' title='bbox 226 4237 324 4302; x_wconf 81' lang='lat' dir='ltr'>passu</span> <span class='ocrx_word' id='word_1_232' title='bbox 345 4221 510 4287; x_wconf 88' lang='lat' dir='ltr'>communi.</span> 
     </span>
    </p>
   </div>
   <div class='ocr_carea' id='block_1_13' title="bbox 320 4415 1188 4462">
    <p class='ocr_par' dir='ltr' id='par_1_16' title="bbox 320 4415 1188 4462">
     <span class='ocr_line' id='line_1_32' title="bbox 320 4415 1188 4462; baseline -0.001 -2"><span class='ocrx_word' id='word_1_233' title='bbox 320 4417 387 4461; x_wconf 68' lang='lat' dir='ltr'>on.</span> <span class='ocrx_word' id='word_1_234' title='bbox 411 4419 498 4462; x_wconf 77' lang='lat' dir='ltr'>IrXIX·</span> <span class='ocrx_word' id='word_1_235' title='bbox 522 4418 671 4462; x_wconf 70' lang='lat' dir='ltr'>comm</span> <span class='ocrx_word' id='word_1_236' title='bbox 694 4417 865 4461; x_wconf 70' lang='lat' dir='ltr'>mBABUE</span> <span class='ocrx_word' id='word_1_237' title='bbox 887 4417 927 4460; x_wconf 73' lang='grc' dir='ltr'>ΕΤ</span> <span class='ocrx_word' id='word_1_238' title='bbox 948 4415 1188 4461; x_wconf 62' lang='lat' dir='ltr'>nummus.</span> 
     </span>
    </p>
   </div>
   <div class='ocr_carea' id='block_1_14' title="bbox 141 4533 1376 4723">
    <p class='ocr_par' dir='ltr' id='par_1_17' title="bbox 141 4533 1376 4723">
     <span class='ocr_line' id='line_1_33' title="bbox 185 4533 1375 4622; baseline -0.002 -22"><span class='ocrx_word' id='word_1_239' title='bbox 185 4533 268 4602; x_wconf 86' lang='lat' dir='ltr'>Item</span> <span class='ocrx_word' id='word_1_240' title='bbox 285 4540 412 4618; x_wconf 85' lang='lat' dir='ltr'>captum</span> <span class='ocrx_word' id='word_1_241' title='bbox 427 4534 496 4622; x_wconf 82' lang='lat' dir='ltr'>fuit,</span> <span class='ocrx_word' id='word_1_242' title='bbox 520 4535 604 4619; x_wconf 90' lang='lat' dir='ltr'>quod</span> <span class='ocrx_word' id='word_1_243' title='bbox 620 4551 826 4619; x_wconf 79' lang='lat' dir='ltr'>unaquaeque</span> <span class='ocrx_word' id='word_1_244' title='bbox 841 4539 937 4609; x_wconf 83' lang='lat' dir='ltr'>terra,</span> <span class='ocrx_word' id='word_1_245' title='bbox 962 4552 1017 4600; x_wconf 87' lang='lat' dir='ltr'>seu</span> <span class='ocrx_word' id='word_1_246' title='bbox 1033 4535 1138 4618; x_wconf 83' lang='lat' dir='ltr'>guina,</span> <span class='ocrx_word' id='word_1_247' title='bbox 1163 4533 1375 4614; x_wconf 80' lang='lat' dir='ltr'>cuiuscunque</span> 
     </span>
     <span class='ocr_line' id='line_1_34' title="bbox 141 4637 1376 4723; baseline -0.002 -17"><span class='ocrx_word' id='word_1_248' title='bbox 141 4657 298 4722; x_wconf 84' lang='lat' dir='ltr'>personae</span> <span class='ocrx_word' id='word_1_249' title='bbox 321 4639 371 4721; x_wconf 87' lang='lat' dir='ltr'>sit,</span> <span class='ocrx_word' id='word_1_250' title='bbox 395 4647 428 4706; x_wconf 88' lang='lat' dir='ltr'>et</span> <span class='ocrx_word' id='word_1_251' title='bbox 449 4641 626 4723; x_wconf 77' lang='lat' dir='ltr'>ubicunque</span> <span class='ocrx_word' id='word_1_252' title='bbox 648 4640 680 4706; x_wconf 94' lang='lat' dir='ltr'>in</span> <span class='ocrx_word' id='word_1_253' title='bbox 703 4637 857 4722; x_wconf 82' lang='lat' dir='ltr'>Cumulo,</span> <span class='ocrx_word' id='word_1_254' title='bbox 891 4639 1009 4705; x_wconf 84' lang='lat' dir='ltr'>debeat</span> <span class='ocrx_word' id='word_1_255' title='bbox 1035 4639 1178 4722; x_wconf 84' lang='lat' dir='ltr'>accipere</span> <span class='ocrx_word' id='word_1_256' title='bbox 1202 4642 1235 4703; x_wconf 89' lang='lat' dir='ltr'>et</span> <span class='ocrx_word' id='word_1_257' title='bbox 1257 4637 1376 4705; x_wconf 86' lang='lat' dir='ltr'>habere</span> 
     </span>
    </p>
   </div>
   <div class='ocr_carea' id='block_1_15' title="bbox 190 4799 1060 4879">
    <p class='ocr_par' dir='ltr' id='par_1_18' title="bbox 190 4799 1060 4879">
     <span class='ocr_line' id='line_1_35' title="bbox 190 4799 1060 4879; baseline -0.003 -16"><span class='ocrx_word' id='word_1_258' title='bbox 190 4799 260 4865; x_wconf 80' lang='lat' dir='ltr'>²0i.</span> <span class='ocrx_word' id='word_1_259' title='bbox 277 4801 397 4864; x_wconf 75' lang='lat' dir='ltr'>inferius</span> <span class='ocrx_word' id='word_1_260' title='bbox 412 4818 488 4879; x_wconf 79' lang='lat' dir='ltr'>rap.</span> <span class='ocrx_word' id='word_1_261' title='bbox 504 4800 622 4864; x_wconf 74' lang='lat' dir='ltr'>onom.</span> <span class='ocrx_word' id='word_1_262' title='bbox 638 4801 725 4876; x_wconf 79' lang='lat' dir='ltr'>atquo</span> <span class='ocrx_word' id='word_1_263' title='bbox 739 4818 816 4878; x_wconf 75' lang='lat' dir='ltr'>obp.</span> <span class='ocrx_word' id='word_1_264' title='bbox 833 4801 887 4861; x_wconf 84' lang='lat' dir='ltr'>cc.</span> <span class='ocrx_word' id='word_1_265' title='bbox 903 4799 1060 4860; x_wconf 75' lang='lat' dir='ltr'>Reform.</span> 
     </span>
    </p>
   </div>
   <div class='ocr_carea' id='block_1_16' title="bbox 0 0 1704 5402">
    <p class='ocr_par' dir='ltr' id='par_1_19' title="bbox 0 0 1704 5402">
     <span class='ocr_line' id='line_1_36' title="bbox 0 0 1704 5402; baseline 0 0"><span class='ocrx_word' id='word_1_266' title='bbox 0 0 1704 5402; x_wconf 95' lang='lat' dir='ltr'> </span> 
     </span>
    </p>
   </div>
  </div>
 </body>
</html>
