3436 5362
1362 460 1403 522 49

150 663 298 748 quolibet
313 683 423 730 eorum
439 663 523 729 omni
539 681 632 730 anno.
655 663 699 727 Et
722 662 797 727 dicti
821 662 930 742 rinarij
955 662 1095 728 debeant
1114 661 1234 728 habere
1249 679 1307 743 pro
1325 679 1403 742 qua-

150 769 237 834 libet
269 767 418 832 citatione
449 785 546 832 unum
570 767 734 832 denarium
758 769 790 832 et
813 783 870 846 pro
902 765 1108 830 bandinento
1141 764 1220 831 duos
1255 765 1403 830 denarios

152 879 188 937 et
214 891 278 937 noa
300 871 387 936 ultra
407 871 533 952 possint
555 872 699 950 accipere
723 869 763 933 ad
787 885 901 950 penam
918 869 1058 950 quinque
1074 867 1234 933 soldorum
1252 887 1310 951 pro
1326 887 1403 950 qua-

151 975 239 1041 libet
256 975 337 1058 uice,
362 992 424 1055 qua
448 979 559 1038 contra
582 973 725 1038 fecerint.
749 973 794 1036 Et
816 973 950 1052 quilibet
972 978 1114 1054 potestas
1138 990 1194 1036 seu
1211 978 1316 1038 rector
1330 989 1404 1054 pre-

151 1079 244 1158 dicte
268 1078 405 1142 ciuitatis
429 1077 555 1142 uinculo
579 1077 768 1142 sacramenti
787 1082 934 1140 teneatur
950 1077 982 1140 in
1002 1075 1158 1158 principio
1174 1078 1224 1140 sui
1239 1076 1403 1158 regiminis

152 1181 266 1248 iacere
291 1182 393 1246 dictos
416 1181 552 1246 riuarios
576 1198 680 1245 coram
705 1198 740 1244 se
763 1185 797 1244 et
813 1179 901 1244 curia
916 1199 974 1246 sua
989 1179 1200 1260 personaliter
1222 1197 1404 1261 comparere

157 1291 194 1348 et
219 1283 325 1350 iacere
349 1303 403 1349 eos
425 1285 531 1348 iurare
555 1283 596 1348 ad
612 1289 724 1348 sancta
740 1281 791 1346 dei
807 1283 985 1366 euangelia,
1009 1283 1094 1364 quod
1114 1301 1222 1348 omnes
1238 1283 1405 1348 citationes

152 1393 189 1452 et
213 1387 386 1452 relationes
408 1387 441 1451 in
465 1388 568 1452 causis
592 1387 735 1452 ciuilibus
759 1392 792 1452 et
815 1386 1030 1450 criminalibus
1062 1393 1096 1451 et
1118 1386 1189 1468 alijs
1213 1385 1406 1467 quibuslibet

151 1490 276 1556 facient
298 1491 438 1556 fideliter
460 1498 495 1556 et
517 1491 662 1570 legaliter
685 1497 719 1554 et
741 1509 805 1556 non
834 1488 991 1556 referrent
1021 1489 1107 1570 curie
1139 1509 1174 1555 se
1204 1488 1317 1556 iecisse
1348 1488 1406 1553 ali·

157 1613 256 1676 quam
281 1595 462 1660 citationem
485 1594 546 1659 nisi
569 1613 689 1672 ueram,
714 1600 747 1658 et
770 1593 855 1673 quod
879 1594 964 1658 ornni
987 1593 1038 1658 die
1062 1594 1102 1657 de
1118 1611 1211 1658 mane
1227 1600 1260 1659 et
1276 1593 1315 1658 de
1332 1610 1405 1658 sero

155 1699 189 1762 in
214 1699 301 1764 horis
325 1697 587 1778 competentibus,
613 1695 672 1762 nisi
697 1701 805 1760 essent
838 1697 979 1777 impediti
1008 1697 1236 1777 impedimento
1269 1713 1406 1778 persone

155 1805 291 1868 uenient
313 1786 525 1883 personaliter
548 1801 588 1865 ad
612 1801 764 1882 palatium
789 1808 821 1865 et
845 1800 885 1864 ad
916 1801 1037 1865 curiam
1068 1805 1102 1864 et
1131 1798 1249 1864 cilitial
1272 1797 1407 1864 domiuin

156 1905 328 1987 potestatis
352 1911 384 1969 et
403 1923 466 1968 non
490 1903 655 1968 discedent
678 1905 748 1969 sine
770 1903 906 1980 licentia,
931 1922 1034 1984 neque
1058 1903 1098 1966 de
1119 1922 1221 1984 mane,
1246 1920 1349 1983 neque
1366 1902 1407 1968 de

158 2027 243 2073 sero.
278 2009 323 2072 Et
345 2008 373 2072 si
395 2027 459 2070 non
481 2007 631 2072 uenirent
654 2007 797 2089 qualibet
819 2007 871 2072 die
894 2007 934 2072 de
955 2024 1047 2070 mane
1071 2011 1105 2070 et
1128 2005 1168 2071 de
1192 2025 1275 2084 sero,
1299 2012 1355 2071 aut
1377 2005 1403 2071 si

158 2113 229 2177 siue
252 2112 381 2176 licentia
404 2111 615 2190 discederent,
647 2117 791 2192 potestas
821 2117 852 2175 et
876 2111 944 2176 eius
967 2107 1115 2174 offitiales
1147 2114 1317 2175 teneantur
1338 2110 1405 2173 uin-

160 2214 232 2279 culo
256 2215 447 2278 sacramenti
471 2215 518 2279 eis
542 2221 575 2280 et
597 2214 727 2278 cuilibet
749 2231 875 2288 eorum,
908 2214 960 2294 qui
983 2231 1046 2278 nou
1070 2213 1196 2278 essent⁸
1219 2214 1407 2278 obedientes

160 2319 194 2383 in
223 2318 395 2399 predictis,
431 2319 575 2398 accipere
607 2317 667 2381 sibi
698 2335 795 2381 unum
827 2335 973 2396 grossum
1003 2334 1063 2397 pro
1098 2316 1240 2398 qualibet
1272 2317 1342 2383 uice
1376 2319 1411 2380 et

160 2424 266 2505 ipsum
295 2440 442 2504 grossum
473 2423 550 2487 dare
579 2421 693 2486 faciat⁴
722 2440 781 2502 pro
813 2439 980 2486 commune
1010 2421 1192 2504 camerarijs
1223 2419 1298 2486 dicti
1322 2437 1408 2486 com-

159 2527 273 2602 munis,
296 2526 350 2591 uel
373 2543 429 2590 eos
451 2523 555 2590 facere
579 2526 707 2590 mittere
731 2525 762 2588 in
794 2525 974 2590 carceribus
1006 2525 1082 2589 dicti
1115 2525 1289 2588 communis
1312 2528 1408 2605 prout

162 2629 317 2711 potestati
340 2629 392 2693 uel
416 2631 482 2694 suis
506 2627 691 2693 aditialibus
714 2629 876 2694 uidebitur
898 2628 1076 2694 conuenire.
1100 2627 1186 2692 Etsi
1202 2627 1276 2692 dicti
1292 2627 1401 2706 riuarij

161 2731 306 2797 fraudem
337 2733 474 2813 aliquam
507 2733 742 2798 committerent
772 2733 803 2796 in
835 2751 945 2796 eorum
976 2731 1094 2808 offitio,
1131 2729 1285 2795 iacientes
1308 2728 1408 2796 falsas

164 2837 339 2901 citationes.
356 2836 408 2902 uel
431 2836 613 2914 relationes,
637 2836 809 2916 puniantur
832 2835 976 2916 qualibet
998 2835 1069 2900 uice
1091 2836 1123 2898 in
1147 2834 1255 2898 decem
1271 2834 1359 2898 libris
1375 2839 1409 2898 et

164 2940 267 3006 dicto⁶
290 2958 348 3005 suo
380 2938 480 3005 offitio
504 2940 568 3004 sint
590 2939 717 3021 priuati.
752 2939 797 3004 Et
827 2945 997 3004 teneantur
1028 2938 1103 3002 dicti
1135 2937 1242 3020 riuarij
1273 2935 1410 3002 fideliter

165 3044 308 3124 accipere
322 3043 456 3127 pignora
472 3044 715 3122 condemnatis⁰,
740 3043 792 3109 uel
809 3043 879 3124 alijs
896 3043 1053 3124 personis,
1074 3041 1189 3122 quibus
1204 3040 1410 3105 manderetur

166 3148 300 3228 pignora
323 3149 466 3228 accipere
490 3165 547 3228 per
568 3153 759 3228 potestatem
784 3147 835 3212 uel
860 3165 948 3211 suam
974 3147 1109 3210 curiam:
1134 3145 1256 3226 etipsa
1277 3145 1410 3224 pignora

171 3251 310 3316 debeant
332 3251 495 3333 assignare
519 3251 701 3332 camerarijs
726 3251 803 3314 dicti
826 3251 998 3316 communis
1028 3249 1060 3314 in
1083 3249 1212 3314 casibus
1236 3247 1411 3328 oportunis3

167 3359 262 3436 prout
284 3355 330 3420 eis
354 3373 413 3435 per
434 3359 626 3435 potestatem
651 3354 702 3420 uel
725 3372 801 3420 suas
824 3351 971 3418 offitiales
994 3353 1180 3418 mandatum
1209 3351 1324 3430 fuerit,
1358 3348 1412 3415 uel

168 3465 365 3540 preceptum.

590 3688 660 3731 OAP·
684 3689 749 3729 ῘΝῙ.
772 3687 814 3728 mi
836 3687 995 3730 sudastis.

212 3802 295 3870 Item
318 3807 472 3868 statutum
497 3809 531 3868 et
553 3803 734 3869 ordinatum
758 3808 819 3880 est,
844 3801 930 3882 quod
952 3799 1106 3881 bucharij,
1131 3799 1184 3881 qui
1205 3797 1325 3864 luerint
1345 3797 1415 3862 dati

169 3925 188 3972 a
209 3908 297 3972 curia
318 3906 410 3972 alicui
433 3907 572 3971 intrandi
595 3925 723 3989 possess
732 3906 836 3972 ionem
853 3923 910 3987 pro
927 3905 1043 3980 debito,
1071 3903 1140 3969 uel⁷
1162 3903 1359 3984 proprietate
1382 3901 1414 3964 in

170 4009 273 4088 uinea,
307 4015 395 4075 terra
425 4011 479 4075 uel
509 4029 636 4091 campo,
670 4009 697 4074 si
727 4008 941 4091 personaliter
969 4007 1087 4072 inerint
1118 4011 1208 4072 extra
1239 4005 1413 4086 ciuitatem,

170 4111 311 4178 babeant
339 4119 404 4179 tres
435 4113 542 4179 soldos
573 4132 592 4178 a
620 4119 751 4195 petente
774 4118 927 4178 tenutam.
962 4112 996 4177 Si
1019 4129 1095 4177 uero
1119 4107 1330 4192 personaliter
1351 4124 1415 4171 non

174 4217 292 4282 luerint
312 4223 402 4282 extra
424 4217 595 4302 ciuitatem,
632 4217 689 4282 sed
714 4217 746 4280 in
771 4217 900 4282 ciuitate
923 4215 1036 4280 stando
1060 4215 1161 4295 ipsam
1184 4217 1328 4278 tenutam
1361 4209 1414 4274 de-

170 4319 284 4405 derint·
301 4320 442 4386 habeant
457 4321 537 4387 duos
553 4320 670 4388 soldos.
695 4315 738 4386 Et'
761 4327 863 4386 stetur
880 4319 1028 4385 relationi
1050 4317 1149 4399 ipsius
1174 4313 1315 4396 bucharij
1333 4318 1414 4378 tem·

224 4529 235 4565 ²
260 4531 318 4607 Ap.
341 4533 367 4591 L
373 4531 469 4607 jub:
495 4525 683 4607 „offitiales“.
754 4526 899 4590 ssibid:
926 4523 1046 4606 ,dicti“.
1127 4523 1273 4586 ³ibid.:
1297 4521 1413 4598 „esset“

175 4615 187 4650 ⁴
208 4619 319 4718 ibid:
344 4618 514 4738 glaciem&-
576 4613 722 4676 ⁶ibid.:
749 4610 836 4693 „de“.
908 4613 1026 4675 8(Ιοᾱ.
1049 4612 1152 4673 acad.
1175 4613 1217 4672 B:
1242 4609 1417 4687 „condemp-

173 4699 281 4764 natm“.
388 4703 446 4780 Ap.
468 4704 601 4780 LJub.:
628 4697 732 4781 „pro“.

1294 4801 1316 4862 4
