3376 5392
337 446 397 508 176

323 653 432 720 ornnia
464 648 631 718 commissa
652 649 726 712 sunt
751 643 933 726 exequenda
961 641 1076 709 nostris
1107 639 1351 708 aduocatcribus
1386 638 1573 722 communis,

330 755 526 823 habentibus
549 758 672 835 partem
696 755 732 816 ut
753 751 793 816 de
817 749 886 832 alijs
909 747 1019 830 poenis
1042 747 1091 812 sui
1114 745 1215 830 olfitij.

379 859 597 926 Bernardinus
611 855 762 924 Guslinus
777 854 918 920 neurius
929 851 1105 918 Feltrensis
1121 852 1161 918 ab
1177 849 1360 918 authentico
1376 847 1582 932 exempluuit

703 1106 782 1147 xxm.
805 1085 940 1146 nnndnsn
962 1103 1094 1146 nucum
1117 1087 1214 1159 Μ’,

337 1190 480 1245 continens
505 1193 610 1257 septem
634 1184 755 1255 capitula
778 1201 828 1253 pro
845 1189 924 1252 parte
943 1181 1083 1252 nobilium,
1107 1197 1167 1236 cum
1185 1180 1241 1236 suis
1259 1178 1494 1249 responsionibus,
1510 1177 1584 1232 ride

338 1277 404 1332 licet
428 1275 462 1330 de
486 1276 549 1328 sino
575 1273 676 1328 forensi
700 1287 755 1326 non
781 1269 952 1326 conducendo
971 1268 1168 1337 adclamantem,
1192 1267 1233 1322 vel
1252 1267 1384 1335 insulam
1403 1265 1437 1322 de
1455 1265 1541 1334 lignis
1558 1271 1586 1320 st

338 1361 530 1432 lignaminibus
555 1376 610 1415 non
634 1357 809 1415 extrahendis
832 1363 910 1412 extra
933 1357 1049 1412 insulam
1072 1371 1122 1426 per
1144 1356 1280 1425 forensem
1304 1353 1338 1408 de
1363 1353 1510 1408 cavallerio
1529 1369 1585 1408 non

338 1447 511 1506 conducendo
529 1463 579 1518 per
590 1453 728 1513 rectores3
747 1445 780 1499 de
798 1443 917 1514 denarijs
934 1444 1086 1499 trentesimi
1104 1449 1132 1498 et
1149 1443 1223 1511 salis,
1241 1441 1377 1498 concessis
1395 1441 1585 1496 communitati

338 1554 387 1606 pro
405 1535 577 1607 reparatione
595 1549 746 1601 murorum3
765 1531 797 1586 de
815 1531 1033 1601 exemptionibus
1051 1529 1248 1601 custodiarum
1266 1529 1300 1584 de
1318 1529 1393 1584 iusta
1410 1528 1454 1584 vel
1468 1529 1581 1583 brema

382 1675 570 1742 Francieeae
594 1673 724 1740 Fuscum⁸
747 1673 808 1738 Da·
828 1674 935 1758 prolia
958 1672 1024 1738 dua
1053 1670 1252 1736 Veneriorum
1273 1678 1326 1736 etc.

382 1799 549 1866 Nobilibus
572 1803 605 1864 et
627 1797 825 1880 sapientibus
848 1795 923 1861 viris
947 1795 1115 1862 Francisco
1138 1794 1327 1874 Lambardo,
1353 1793 1393 1859 de
1416 1811 1476 1858 suo
1493 1811 1583 1857 man·

340 1907 416 1971 dato
439 1905 545 1970 comiti
567 1902 722 1970 Curzulae
745 1909 779 1968 et
801 1900 1036 1968 successoribus
1059 1900 1123 1967 suis
1139 1899 1287 1966 fidelibus
1304 1899 1428 1964 dilectis
1444 1897 1583 1964 sulutem

344 2019 378 2078 et
401 2009 577 2075 dilectionis
600 2006 757 2074 affectum.

388 2112 607 2196 significamus
629 2113 730 2192 uobis,
754 2112 839 2195 quod
855 2112 896 2178 ad
912 2111 1050 2194 capitula
1065 2111 1156 2178 nobis
1172 2114 1318 2193 porrecta
1333 2127 1392 2191 per
1407 2107 1586 2190 prudentes

343 2220 427 2286 viros
451 2218 606 2285 Joannem
628 2216 745 2282 Mixich
766 2223 799 2283 et
820 2215 977 2283 Boninum
999 2216 1038 2283 de
1054 2213 1191 2282 Obradis
1214 2221 1358 2282 oratores
1380 2211 1487 2280 fidelis
1500 2229 1586 2278 com·

343 2325 506 2390 munitatis
528 2327 656 2389 nostrae
679 2321 836 2388 Curznlae
859 2339 930 2387 cum
958 2327 1068 2388 nostro
1092 2320 1224 2403 collegio
1247 2320 1385 2386 habente
1409 2338 1429 2384 a
1451 2316 1586 2384 consilio

344 2435 453 2495 nostro
470 2428 664 2512 Rogatorum
684 2427 724 2492 ad
740 2427 799 2493 hoc
818 2427 1030 2510 plenissimam
1046 2425 1236 2511 libertatem,
1252 2424 1476 2507 respondimus
1491 2429 1591 2506 prout

343 2533 475 2600 inferius
497 2552 554 2615 per
577 2532 799 2615 responsiones
822 2538 948 2598 nostras
963 2532 996 2596 in
1012 2529 1074 2598 fine
1089 2531 1336 2612 uniuscuiusque
1352 2529 1484 2612 capituli
1499 2528 1592 2594 uide·

344 2639 420 2704 bitis
443 2637 595 2704 contineri
618 2643 651 2702 et
673 2637 775 2719 primo
799 2637 840 2702 ad
863 2637 998 2718 primum
1020 2636 1115 2702 huius
1138 2635 1267 2715 tenoris,
1292 2635 1459 2700 uidelicet:

388 2741 502 2821 Primo,
533 2741 651 2824 perche
682 2742 722 2806 da
754 2741 803 2824 poi
827 2740 885 2806 che
909 2740 962 2808 luo
985 2739 1130 2808 edificata
1152 2739 1298 2820 Curzula,
1321 2740 1427 2822 quello
1447 2737 1548 2822 luogo
1573 2740 1593 2802 e

345 2851 430 2912 stato
462 2851 545 2913 reite
578 2851 610 2912 et
641 2851 814 2930 gouemato
848 2846 987 2929 segondo
1019 2846 1041 2912 li
1073 2846 1120 2912 sui
1151 2844 1262 2910 statuti
1293 2843 1363 2910 ele
1387 2863 1444 2910 sue
1467 2861 1593 2908 usanze

343 2951 472 3035 antighe
503 2971 521 3016 e
551 2951 647 3032 quelli
680 2949 873 3018 confermadi
903 2970 961 3033 per
991 2950 1023 3016 la
1053 2955 1164 3017 nostra
1194 2949 1406 3015 illustrissima
1434 2948 1592 3030 aguaria,

346 3075 434 3123 come
468 3075 526 3138 per
559 3055 615 3138 pin
649 3055 804 3139 priuilegij
839 3061 872 3122 et
904 3057 1038 3122 maxime
1071 3075 1129 3138 per
1160 3075 1220 3122 uno
1244 3053 1422 3138 priuilegio,
1455 3052 1534 3118 data
1560 3053 1593 3117 iu

345 3161 515 3238 Mccccxli.,
546 3161 605 3226 xxi.
629 3159 818 3227 Nouembris
848 3161 881 3225 in
910 3160 1049 3226 secundo
1072 3166 1105 3226 et
1128 3161 1221 3226 tertia
1245 3159 1383 3240 capitulo
1407 3157 1446 3223 de
1470 3157 1594 3238 quello,

347 3266 430 3331 delle
452 3265 582 3350 guardie
614 3271 647 3331 et
676 3283 753 3332 oure
784 3265 823 3332 de
846 3283 989 3331 commun
1012 3265 1092 3331 fatte
1115 3269 1133 3330 e
1157 3264 1321 3330 dichiarito
1345 3263 1593 3350 propriameute

347 3375 458 3437 contra
480 3369 590 3435 nauita
620 3375 654 3434 et
683 3371 791 3436 insulti
822 3371 862 3436 de
892 3371 995 3436 alcuni
1017 3369 1162 3452 populari
1187 3369 1227 3435 de
1251 3369 1332 3434 ditto
1355 3369 1460 3451 luogo,
1485 3387 1548 3450 per
1571 3367 1596 3432 li

350 3474 435 3558 quali
458 3473 614 3558 priuilegij
637 3493 655 3540 e
678 3474 894 3540 confirmation
925 3474 1007 3542 delle
1029 3475 1109 3540 ditte
1132 3478 1241 3540 nostre
1263 3491 1382 3539 usanze
1404 3489 1520 3538 anemo
1546 3471 1595 3536 ui-

351 3585 442 3644 uesto
466 3579 497 3642 in
522 3578 601 3644 ditm
633 3579 728 3661 luogo
759 3578 791 3644 in
822 3585 964 3662 pare-et
985 3580 1018 3643 in
1041 3577 1253 3660 tranquillita3
1283 3577 1322 3644 de
1344 3578 1454 3644 alcuna
1480 3581 1595 3660 tempo

346 3683 382 3748 in
412 3687 475 3765 qua
505 3683 661 3749 abbiando
691 3685 847 3766 postposti
877 3685 952 3749 tutti
984 3683 1123 3750 scandali
1154 3690 1187 3750 et
1218 3683 1280 3766 odij
1311 3681 1447 3765 passas
1473 3700 1530 3746 ma
1554 3683 1597 3749 de

349 3807 436 3854 mese
460 3787 500 3852 de
524 3786 721 3870 Septembris
743 3789 898 3871 prossimo
921 3794 1052 3870 passato
1074 3787 1242 3871 capitando
1265 3807 1284 3853 a
1307 3785 1443 3854 Ourania
1467 3787 1499 3852 el
1524 3807 1596 3854 ma·

349 3891 463 3976 gnifica
493 3911 597 3959 meser
627 3892 754 3960 Andrea
785 3892 898 3959 Surian
928 3893 1111 3959 honorando
1143 3892 1263 3959 sindico
1295 3892 1327 3957 al
1358 3897 1508 3974 presente
1542 3893 1597 3960 del

350 3995 454 4077 Gallo,
487 4001 507 4062 a
537 3998 670 4079 petition
701 3999 741 4064 de
763 3999 867 4064 alcuni
888 3997 1033 4082 populari
1056 3998 1146 4064 usadi
1169 4017 1226 4080 per
1247 3998 1270 4062 li
1293 3999 1366 4063 anni
1389 3998 1518 4079 passadi
1544 3999 1595 4064 in-

352 4120 453 4167 nouar
475 4101 587 4184 brighe
610 4107 643 4170 et
664 4103 807 4171 scandali
837 4104 869 4167 in
893 4104 972 4168 ditto
996 4122 1115 4186 ponere
1139 4104 1234 4188 luogo
1258 4107 1369 4169 contra
1392 4101 1466 4170 delli
1489 4105 1598 4170 nostri

349 4207 472 4290 statuti,
496 4226 622 4287 usurae,
646 4207 804 4292 priuilegij
828 4213 861 4274 et
883 4205 1101 4275 confirmation
1124 4209 1344 4292 postponendo
1368 4214 1479 4274 nostra
1503 4214 1595 4276 tran·

351 4311 475 4394 quillita
506 4317 539 4378 et
569 4313 750 4380 innouando
771 4314 846 4379 noui
869 4313 1010 4379 scandali
1032 4312 1114 4378 inira
1136 4313 1176 4378 de
1198 4313 1252 4378 nui
1274 4313 1317 4379 ha
1338 4313 1417 4380 fatto
1441 4331 1506 4378 una
1530 4321 1597 4382 ter-

351 4417 544 4484 minatione
569 4419 685 4486 rrctado
716 4418 792 4484 nelli
822 4419 881 4484 atti
912 4419 952 4484 de
977 4417 1124 4498 Cumula,
1155 4437 1213 4502 per
1235 4437 1334 4486 cason
1356 4419 1441 4486 della
1462 4419 1597 4501 qualel

353 4528 461 4589 nostro
485 4541 589 4589 mesor
610 4523 641 4590 lo
665 4530 757 4590 conte
780 4539 844 4588 nen
866 4523 908 4589 ha
930 4521 1044 4589 alcuna
1068 4523 1250 4590 obedientia
1271 4525 1304 4590 in
1324 4524 1430 4606 quello
1452 4524 1556 4607 luogo
1578 4545 1596 4592 e

351 4629 382 4694 la
405 4631 491 4694 terra
513 4647 553 4694 ne
576 4628 696 4711 patisce
717 4647 795 4712 gran
818 4635 963 4694 senestro
987 4649 1005 4695 e
1027 4633 1078 4694 sta
1100 4632 1120 4693 a
1141 4647 1221 4712 gran
1244 4629 1402 4712 periculo;
1426 4629 1513 4696 unde
1529 4631 1595 4698 alla

353 4739 464 4799 uestra
487 4733 731 4801 clementissima
754 4733 893 4818 signoria
920 4733 1104 4801 umilmente
1127 4733 1354 4818 supplicbemo‚
1375 4734 1435 4800 che
1455 4733 1490 4800 la
1510 4734 1596 4803 ditta
