3436 5362
340 433 380 492 76

335 638 429 716 patre
452 639 612 715 presente,
637 635 688 698 uel
712 634 861 712 absente,
890 634 1055 700 uidelicet:
1085 635 1113 700 si
1142 633 1227 700 filius
1255 634 1392 701 haberet
1412 635 1582 716 peculium

337 743 511 815 castrense,
537 737 621 817 quod
644 736 758 802 fnisset
779 737 920 803 lucratus
944 739 1108 804 occasione
1132 758 1257 820 guerre,
1281 747 1337 804 ant
1358 758 1378 804 a
1399 757 1492 820 papa,
1522 739 1583 804 uel

335 842 536 924 imperatore,
560 841 613 906 uel
636 859 744 906 eorum
768 841 892 923 legatis,
917 846 974 906 aut
996 861 1015 906 a
1038 861 1123 926 rege,
1147 844 1198 909 uel
1214 844 1319 924 aliquo
1343 843 1406 907 alio
1429 843 1580 920 domino;

337 944 390 1009 uel
413 944 454 1009 de
477 944 601 1026 peculio
624 945 714 1024 quasi
737 949 908 1025 castrense,
933 951 969 1009 ut
991 952 1078 1028 puta,
1104 947 1130 1010 si
1162 947 1280 1026 aliquid
1310 946 1405 1014 brerit
1434 948 1582 1012 lucratus

334 1049 375 1114 de
401 1067 460 1114 sua
482 1048 622 1126 scientia,
647 1047 699 1113 uel
723 1049 762 1112 de
786 1049 892 1130 aliquo
916 1047 1027 1128 offitio,
1050 1049 1103 1116 nel
1120 1055 1200 1129 arte,
1216 1055 1272 1114 aut
1287 1049 1327 1115 de
1343 1049 1450 1130 aliqua
1472 1049 1582 1130 digni·

334 1155 402 1216 tate
426 1151 640 1216 ecclesiastica
662 1151 714 1216 uel
737 1152 883 1233 seculari,
913 1153 966 1218 uel
986 1154 1013 1216 si
1036 1153 1076 1218 de
1099 1153 1277 1234 aliquibus1
1299 1151 1580 1231 mercationibus²,

338 1255 391 1319 uel
414 1254 454 1320 de
475 1255 631 1320 industria
654 1273 711 1334 sue
735 1273 871 1336 persone
895 1255 1013 1336 aliquid
1035 1257 1177 1322 lucratus
1198 1261 1294 1322 esset.
1328 1256 1365 1321 In
1388 1255 1502 1337 quibus
1523 1273 1582 1320 ca-

339 1359 426 1424 sibus
449 1358 568 1423 lieitnm
599 1359 642 1422 sit
671 1356 735 1424 filio
759 1357 894 1423 familias
918 1359 958 1423 de
981 1359 1073 1424 dictis
1095 1360 1187 1425 bonis
1209 1360 1314 1425 facere
1338 1365 1580 1442 testamentum,

338 1461 527 1540 codicillum,
552 1462 755 1528 donationem
777 1479 873 1528 causa
894 1463 1022 1543 montiS,
1046 1463 1097 1528 nel
1121 1465 1294 1544 quamlibet
1315 1464 1408 1529 aliam
1430 1461 1581 1527 ultimam

335 1565 540 1632 uoluntatem.
565 1565 609 1630 Et
631 1565 671 1631 de
694 1566 743 1632 bis
767 1565 865 1631 faciat
886 1566 971 1632 uelle
994 1585 1095 1646 snum,
1119 1568 1188 1632 iure
1210 1567 1314 1648 aliquo
1335 1565 1429 1644 ciuili,
1452 1564 1506 1631 uel
1521 1582 1581 1629 ca·

334 1669 448 1734 nonico
471 1687 534 1746 non
557 1669 716 1734 obstante.

334 1865 401 1909 ΟΔΡ.
426 1867 493 1908 XIX.
518 1866 602 1918 QUOD
624 1866 725 1910 Pansa
748 1868 787 1907 ΕΤ
809 1865 918 1908 Marna
939 1867 1003 1908 NON
1018 1867 1143 1909 Possum
1158 1865 1372 1908 amatunam
1388 1865 1458 1906 suta
1473 1865 1580 1908 CAUSA

461 1933 465 1942 ‘
842 1953 943 1994 maros
965 1931 1065 1996 suos³.

378 2050 457 2116 Item
481 2054 635 2114 statutum
660 2055 694 2114 et
717 2049 896 2115 ordinatum
920 2055 978 2134 est,
1003 2051 1088 2131 quod
1112 2055 1205 2131 pater
1227 2050 1258 2114 in
1281 2054 1482 2126 testamento,
1506 2047 1596 2142 nelQ

336 2153 480 2233 qnalibet
509 2153 622 2218 ultima
651 2154 816 2219 uoluntate
849 2173 911 2218 non
944 2154 1046 2235 possit
1076 2153 1225 2218 fraudare
1258 2152 1357 2218 filium
1391 2152 1444 2216 uel
1478 2149 1582 2214 filiam

335 2256 449 2336 snaml,
474 2261 530 2321 ant
553 2257 633 2323 alios
663 2276 701 2323 ex
732 2276 766 2324 se
797 2256 1029 2322 descendentes
1052 2257 1193 2338 legitima
1216 2256 1325 2321 debita
1346 2256 1423 2320 iuris
1446 2261 1577 2332 nature,

335 2359 368 2424 id
391 2365 452 2441 est,
476 2361 575 2425 tercia
597 2365 689 2441 parte
712 2360 797 2424 illius
820 2361 929 2441 partis,
955 2378 1049 2441 qnam
1072 2359 1155 2424 filius
1180 2359 1314 2424 haberet
1336 2359 1376 2424 de
1398 2358 1491 2424 bonis
1518 2375 1580 2439 pa-

336 2463 395 2529 tris
418 2465 477 2543 sui,
501 2465 528 2529 si
550 2470 643 2544 pater
665 2465 833 2530 moriretur
856 2463 924 2528 sine
946 2469 1150 2544 testamento,
1174 2462 1226 2528 uel
1249 2462 1311 2526 alia
1334 2461 1446 2526 ultima
1464 2460 1583 2524 nolun-

333 2571 417 2646 tate;
441 2567 501 2632 nisi
522 2565 605 2632 filins
632 2566 685 2631 uel
708 2567 762 2647 alij
786 2567 1018 2632 descendentes
1042 2569 1278 2631 committerent
1293 2565 1431 2645 aliquam
1447 2582 1583 2645 grauem

333 2670 490 2753 iniuriam,
515 2670 566 2734 nel
591 2667 744 2735 offensam
767 2676 877 2734 contra
900 2677 1033 2751 patrem,
1058 2671 1110 2735 nel
1134 2675 1277 2747 matrem,
1303 2687 1398 2732 auum
1425 2667 1478 2732 nel
1501 2667 1582 2732 ami·

333 2778 409 2851 tam,
442 2779 497 2838 aut
527 2773 606 2838 alios
639 2774 864 2858 ascendenteS,
897 2777 1029 2855 propter
1059 2792 1154 2859 quam
1185 2775 1297 2838 liceret
1327 2772 1387 2838 sibi
1418 2790 1491 2836 eum
1523 2789 1582 2836 ex·
1708 2829 1712 2837 .

334 2877 514 2942 serenaret

380 2981 449 3060 Que
471 2985 577 3045 antem
600 2979 725 3044 dicatur
747 2979 854 3063 granis
877 2979 993 3044 iniuria
1008 2980 1060 3043 nel
1076 2978 1206 3062 offensa,
1224 2982 1356 3060 propter
1372 2995 1466 3058 qnam
1483 2982 1581 3058 pater

335 3084 386 3149 uel
410 3089 512 3148 maten
535 3083 657 3164 possint
679 3083 899 3148 exhereditare
924 3082 1006 3147 lilios
1029 3101 1113 3162 snos,
1137 3083 1188 3148 bic
1219 3083 1324 3163 alique
1355 3081 1498 3147 breuiter
1521 3081 1580 3146 de-

335 3192 494 3265 notantur,
519 3205 580 3267 que
604 3186 722 3252 debent
743 3187 864 3252 seruari
887 3187 919 3250 in
942 3187 1072 3252 ciuitate
1097 3185 1230 3268 Spalali,
1255 3185 1329 3251 licet
1352 3185 1458 3249 aiure
1475 3183 1581 3263 multe

333 3290 395 3370 alie
418 3290 482 3356 sint
504 3308 667 3372 expresse.

377 3393 451 3460 Una
473 3398 530 3472 est,
554 3392 688 3480 sifilins
712 3394 849 3474 percutit
871 3395 952 3460 irato
975 3395 1078 3458 animo
1099 3397 1236 3473 patrem,
1256 3393 1308 3457 uel
1323 3396 1459 3456 matrem
1475 3408 1583 3468 suam,

337 3503 393 3564 aut
416 3499 494 3564 alios
510 3497 747 3563 ascendentes⁷.

378 3601 450 3667 Alia
472 3607 524 3667 est
546 3619 660 3678 cansa,
691 3600 718 3667 si
749 3599 833 3665 filins
864 3605 992 3666 accusat
1021 3599 1225 3665 criminaliter
1248 3605 1371 3680 patrem
1396 3617 1500 3680 suum,
1526 3596 1582 3662 uel

337 3710 470 3770 matrem
493 3723 592 3788 suam,
616 3704 669 3770 nel
692 3704 772 3769 alios
795 3703 1003 3770 ascendentes
1026 3704 1066 3769 de
1089 3703 1179 3783 grani
1202 3703 1341 3767 crimine.

379 3809 492 3874 Tereia
521 3826 620 3874 eausa
650 3812 717 3890 est,
749 3808 778 3872 si
810 3806 892 3872 filins
914 3806 1100 3890 frequenter
1122 3812 1154 3873 et
1176 3805 1301 3889 publice
1324 3805 1424 3870 utitur
1446 3809 1480 3870 et
1503 3821 1583 3870 con·

334 3915 482 3976 uersatur
513 3928 584 3976 anm
612 3911 747 3977 inimicis
778 3911 965 3991 capitalibus
996 3911 1096 3994 patris
1127 3910 1193 3990 sui,
1224 3910 1275 3974 uel
1307 3927 1437 3975 snorum
1467 3925 1583 3973 ascen·

335 4014 485 4079 dentium.

373 4118 495 4196 Quarta
517 4137 614 4184 causa
636 4125 695 4198 est,
721 4119 748 4184 si
763 4117 847 4184 filins
864 4123 1035 4201 cognoscat
1050 4117 1221 4183 carnaliter
1236 4133 1395 4198 sponsam,
1418 4115 1473 4180 uel
1489 4131 1578 4179 ama-

335 4221 415 4286 siam
437 4239 494 4286 sen
517 4223 720 4287 concubinam
746 4223 846 4303 patris
869 4223 927 4288 sui.
964 4297 967 4304 .

381 4361 392 4394 ¹
414 4363 507 4421 Deest
529 4380 576 4437 ap.
602 4363 710 4438 Ljub.
771 4359 783 4396 ²
806 4361 890 4425 Ood.
907 4363 1013 4425 acad.
1030 4364 1070 4424 B:
1099 4357 1394 4437 „lncantationibns“.
1461 4354 1583 4417 ³Deest

332 4449 360 4507 in
383 4447 462 4508 cod.
486 4449 592 4508 acad.
616 4449 640 4506 B
663 4453 694 4507 et
715 4466 763 4522 ap.
787 4449 897 4524 Ljnb.
976 4447 1067 4524 *Ap
1093 4449 1222 4526 Ljnb.:
1250 4440 1358 4524 ᾖ81181.
1429 4440 1580 4504 61111111

334 4533 461 4612 „filias“.
524 4531 838 4595 6(1111188811Βι
866 4535 1122 4610 „exhereditare“.
1181 4533 1300 4595 “Ood
1330 4530 1582 4606 aeadAglos-

333 4639 396 4679 sam
419 4620 508 4680 babet
530 4619 559 4678 in
582 4621 728 4696 margine:
754 4621 807 4703 „ln
822 4639 887 4697 cap.
904 4622 976 4697 lxxij
993 4623 1091 4696 quarti
1107 4621 1173 4682 libri
1189 4621 1314 4681 habetur
1330 4618 1387 4678 boc
1410 4617 1574 4679 subrubra

333 4707 369 4765 de
392 4706 614 4766 verberantibus
636 4710 750 4782 patrem
773 4708 820 4766 uel
842 4707 993 4780 matrem.“
