3376 5392
1427 395 1453 454 .’
1505 407 1509 438 1
1531 449 1532 454 ,
1553 381 1660 458 γςτῑὲ*

1266 467 1324 528 191
1426 469 1428 472 ’
1564 483 1568 530 ζ
1603 468 1655 529 ss

1574 531 1596 572 ¹1.
1619 546 1659 585 ,ΜΔ

88 667 198 734 facere
221 668 325 734 subito
348 667 570 750 impetratores
592 667 711 750 talium,
735 686 793 734 nee
824 669 910 750 prius
942 685 995 734 eos
1027 669 1169 736 relaxare
1200 669 1239 734 de
1263 687 1331 736 ear·

91 791 176 856 cere,
203 791 295 855 quam
318 772 572 840 renunciaremnt
594 773 744 838 brevibus
766 773 845 854 ipsis
867 773 899 836 in
921 773 1014 855 plenu
1036 779 1069 840 et
1091 774 1196 840 ualida
1216 773 1332 854 forma3

90 863 129 944 et‘
146 877 191 943 ad
214 877 294 943 banc
315 878 416 960 ipsam
438 864 648 944 conditionem
672 878 736 943 sint
751 878 840 944 etad
856 877 998 944 eamdem
1014 897 1148 960 poenam
1170 881 1334 946 incurrant

90 999 202 1050 omnes
225 989 290 1048 tam
312 983 407 1062 ciues,
432 1000 526 1063 quam
548 981 665 1047 subditi
689 983 797 1062 nostri,
821 983 875 1064 qui
897 983 959 1048 iarn
979 983 1202 1065 impetrassent
1216 984 1332 1052 similes

90 1085 219 1166 breues,
244 1086 271 1151 si
293 1087 368 1152 data
390 1086 450 1152 sibi
472 1105 530 1168 per
552 1093 692 1152 rectores
714 1087 827 1152 notitia
850 1087 889 1154 de
909 1089 1070 1170 praesenti
1093 1088 1203 1154 ordine
1223 1095 1331 1155 nostro

92 1209 155 1256 non
180 1191 411 1258 renunciabant
433 1209 527 1272 quam
549 1192 683 1273 primum
707 1191 851 1258 omnibus
873 1192 950 1274 ipsis
973 1193 1003 1256 in
1026 1192 1131 1258 ualida
1152 1192 1261 1258 forma.
1289 1194 1332 1260 Et

90 1300 230 1377 ponatur
251 1314 325 1378 pars
347 1295 378 1360 in
403 1295 675 1362 commissionibus
698 1297 834 1362 omnium
858 1301 1015 1363 rectenrm
1038 1303 1228 1364 nostrorum.

328 1565 438 1606 XXXIV.
461 1565 583 1608 nu01s10
606 1565 773 1607 eremum
796 1565 969 1608 cuneatum
994 1567 1088 1608 traam

94 1641 126 1698 de
146 1643 288 1700 nobilibus
306 1643 452 1714 ruralibus,
470 1645 516 1714 qai
534 1643 570 1700 ad
588 1644 815 1699 contributionem
833 1651 962 1700 tenantur
979 1663 1033 1701 uon
1045 1661 1106 1699 cum
1119 1644 1263 1712 ruralibus,
1283 1643 1330 1700 sed

603 1747 662 1787 oum
682 1731 824 1788 nobilibus.

135 1873 204 1939 Nos
234 1873 338 1940 Victor
362 1873 570 1960 Superantiua
591 1895 679 1959 aquea
708 1881 895 1958 procurator·
916 1875 1016 1939 suncti
1037 1873 1142 1940 Murci
1169 1889 1229 1959 pro
1258 1875 1329 1939 illac-

93 1981 248 2044 striaeimo
271 1979 377 2044 ducali
399 1980 536 2044 minio
564 1977 762 2042 Venetiarum
784 1979 964 2063 capitaneus
983 1979 1140 2062 poneretis
1160 1979 1268 2044 amris.

135 2117 185 2186 Ad
216 2119 429 2202 praesentiam
459 2124 599 2186 nostram
630 2125 874 2202 comparuerunt
903 2119 1023 2184 iudices
1054 2117 1208 2184 Curzulae
1237 2119 1329 2184 simul

96 2241 166 2288 cum
182 2223 329 2307 pluribus
353 2224 423 2307 alijs
445 2224 601 2290 nobilibus
625 2230 658 2289 et
680 2223 822 2288 nonnulli
845 2223 1014 2306 populares
1045 2224 1170 2289 nomine
1193 2224 1329 2290 omnium

96 2327 309 2410 popularium,
333 2347 370 2395 ac
392 2328 637 2394 districtualium
652 2333 798 2410 petentes
813 2327 1002 2393 declararis
1024 2328 1123 2407 nobis,
1147 2346 1186 2393 an
1210 2327 1332 2394 nobiles

95 2433 160 2498 ruri
183 2433 369 2500 habitantes
392 2441 426 2500 et
448 2435 491 2500 ibi
514 2433 668 2515 degentes
690 2433 891 2501 contribuere
913 2432 1051 2498 habeant
1083 2451 1179 2515 opera
1202 2452 1259 2516 pro
1282 2431 1328 2498 la·

98 2538 183 2604 brica
205 2545 241 2606 et
262 2540 464 2622 reparatione
486 2556 646 2605 murorum
668 2545 828 2620 tamquam
851 2537 982 2618 nobiles,
1006 2543 1062 2604 aut
1084 2542 1244 2618 tamquam
1274 2557 1329 2621 po·

97 2642 227 2724 pulares
250 2650 283 2710 et
305 2642 527 2710 districtuales.

137 2747 206 2814 Nos
230 2766 308 2814 uero
331 2747 579 2826 considerantes,
603 2747 687 2828 quod
711 2748 843 2822 nobiles,
867 2747 920 2828 qui
944 2767 963 2812 a
986 2751 1100 2812 natura
1115 2745 1184 2829 ipsa
1199 2746 1330 2830 gradum

98 2853 274 2921 nobilitatis
296 2859 496 2936 aeceperunt,
520 2853 547 2918 si
569 2857 700 2936 propter
723 2851 851 2934 aliquod
874 2851 1079 2918 infortunium
1103 2851 1213 2916 urbem
1237 2852 1329 2920 dese·

98 2976 168 3025 rere
184 2965 220 3025 et
234 2958 458 3042 agriculturam
474 2975 624 3025 exercere
646 2964 843 3041 cogerentur,
866 2957 1061 3024 nobilitatem
1084 2957 1184 3039 ipsam
1209 2957 1328 3022 ammit-

98 3068 174 3145 tere,
198 3069 233 3130 et
255 3069 448 3130 commutare
471 3080 533 3129 non
556 3068 698 3146 possunt,
724 3060 955 3126 declarauimus
981 3062 1082 3128 etita
1103 3066 1216 3130 tenore
1238 3081 1329 3144 prae-

99 3169 236 3235 sentium
259 3167 467 3247 declaramus,
491 3173 524 3234 et
546 3167 761 3250 terminamus,
785 3163 870 3247 quod
892 3165 1047 3248 praedicti
1070 3184 1179 3234 omnes
1194 3166 1327 3252 nobiles,

99 3273 152 3354 qui
174 3279 243 3340 tam
265 3273 297 3338 in
319 3273 570 3355 praesentiamm
592 3271 748 3356 habitant,
779 3289 873 3353 quam
903 3271 957 3353 qui
980 3272 1011 3336 in
1033 3270 1174 3336 futurum
1206 3271 1329 3338 habita·

98 3378 176 3444 bunt
199 3379 277 3459 ruri,
310 3379 351 3444 ad
381 3377 543 3460 angariam
564 3381 597 3443 et
619 3377 883 3444 contributionem
912 3376 1107 3458 praedictam
1138 3375 1230 3442 aliter
1262 3379 1332 3461 cogi

100 3482 316 3567 nonpossint,
347 3483 409 3548 nisi
439 3487 599 3563 tamquam
629 3481 760 3562 nobiles,
790 3498 853 3548 uon
876 3487 981 3547 autem
1008 3487 1169 3562 tamquam
1198 3482 1330 3562 rurales,

99 3588 287 3654 mandantes
309 3584 482 3670 magnificis
506 3585 638 3652 dominis
661 3585 827 3653 comitibus
850 3583 1014 3664 Cumulae,
1044 3585 1205 3670 praesenti
1228 3591 1261 3652 et
1282 3585 1330 3654 fu·

100 3691 186 3772 turia,
213 3697 369 3774 quatenus
391 3689 473 3756 hauc
487 3691 738 3758 terminationem
755 3695 895 3757 nostram
912 3691 1082 3758 obseruare
1097 3687 1216 3756 faciant
1230 3692 1330 3758 inuio·
1438 3728 1440 3734 ν

101 3795 299 3878 labiliterque
321 3797 512 3876 obsement3
535 3795 649 3878 quibus
671 3795 797 3878 quidem
820 3793 994 3878 magnificis
1017 3794 1150 3861 dominis
1165 3795 1331 3862 comitibus

101 3903 318 3984 praecipimus,
341 3907 378 3967 ut
399 3903 482 3968 omni
505 3907 652 3969 accurato
675 3901 780 3970 studio
803 3907 837 3968 et
858 3900 1020 3986 diligentia
1037 3899 1144 3983 perfici
1160 3906 1192 3966 et
1207 3901 1330 3967 absolui

102 4003 218 4074 iaciant
239 4007 365 4073 moenia
385 4005 480 4072 buius
502 4006 600 4085 urbis,
624 4006 877 4090 quandoquidem
900 4025 938 4072 ea
959 4005 1060 4087 magis
1074 4004 1182 4070 futura
1198 4004 1261 4072 sint
1275 4023 1330 4072 ne·

102 4111 239 4179 cessaria
260 4110 368 4178 futuro
391 4117 543 4194 tempore,
568 4129 661 4192 quam
685 4129 822 4193 unquam
845 4117 919 4177 ante
941 4110 1000 4175 hac
1021 4109 1147 4176 fuerint.

141 4216 178 4282 In
199 4234 333 4300 quorum
355 4215 450 4282 fidem
473 4215 531 4282 has
554 4214 621 4282 fien'
645 4215 817 4298 iusimmus,
841 4221 875 4280 et
896 4221 1005 4281 nostro
1027 4213 1164 4296 maiori·
1179 4231 1240 4296 quo
1271 4215 1331 4280 uti·

103 4338 177 4406 mur,
200 4321 304 4404 sigillo
328 4321 430 4387 sancti
452 4320 550 4387 Marci
574 4321 766 4387 communiri.

143 4426 260 4494 Datum
274 4427 305 4492 in
318 4427 447 4492 trireme
460 4431 568 4492 nostra
582 4425 666 4508 apud
679 4424 846 4492 Curzulam
859 4425 909 4491 die
921 4423 993 4508 xvij.
1007 4424 1027 4490 J
1029 4424 1103 4507 unij:
1121 4423 1330 4507 McccelnxniJ.

143 4531 258 4598 Joanes
281 4531 416 4598 Burinus
439 4531 647 4597 cancellarius
669 4531 818 4597 mandato
841 4529 961 4612 scripsi.
