3422 5364
381 515 443 578 284

375 719 520 786 notarius
551 738 609 786 suo
639 719 766 784 uinculo
796 718 985 784 sacramenti
1016 719 1134 785 debeat
1162 717 1304 783 scribere
1341 715 1474 798 aliquod
1506 715 1626 781 instru·
1694 713 1695 718 ’

381 829 524 890 mentum
548 824 588 890 de
613 823 705 890 dictis
728 825 859 906 pastinis
875 823 1030 888 dictarum
1047 827 1217 900 terrarum,
1241 821 1304 886 nisi
1323 820 1483 902 personali
1499 819 1628 886 licentia

378 927 487 993 habita
510 927 627 993 domini
658 928 780 993 comitis
803 946 859 992 seo
889 926 957 991 eius
989 925 1099 1007 uicarij
1131 931 1165 990 et
1195 925 1335 990 iudicum
1365 925 1450 1005 dicte
1475 923 1627 989 ciuitatim
1694 913 1695 962 Ῑ

376 1031 422 1096 Et
445 1032 531 1113 quod
553 1017 743 1113 quicquue
766 1032 806 1096 de
829 1035 937 1097 cetero
960 1029 1086 1096 dederit
1109 1028 1150 1095 ad
1170 1029 1397 1112 pastinandum
1412 1029 1465 1094 uel
1484 1029 1627 1112 pastina·

379 1137 472 1217 uerit,
496 1135 589 1202 aliter
611 1153 707 1218 quom
729 1142 766 1200 ut
794 1135 991 1218 premittitur
1012 1134 1045 1198 in
1068 1133 1160 1200 dictis
1183 1133 1288 1215 terris,
1324 1133 1418 1199 cadat
1447 1135 1481 1198 in
1512 1151 1627 1216 penam

378 1239 530 1308 librarum
554 1260 614 1304 xxv
637 1258 694 1322 pro
727 1239 871 1320 quolibet
893 1258 1013 1317 eorum,
1045 1256 1179 1320 quarum
1201 1237 1358 1304 medietas
1380 1237 1425 1304 sit
1446 1237 1623 1304 eommunis
1694 1269 1695 1324 f

379 1351 412 1411 et
435 1344 498 1411 alia
520 1345 722 1411 accusatoris.
746 1343 790 1409 Et
812 1344 945 1426 quilibet
967 1342 1070 1426 possit
1092 1360 1251 1409 accusare.
1287 1341 1333 1407 Et
1354 1341 1416 1422 bec
1437 1341 1626 1408 reformatio

379 1455 518 1532 ponatur
538 1449 572 1514 in
594 1449 723 1516 statutis
745 1455 778 1515 et
801 1467 859 1532 pro
881 1453 1004 1514 statuto
1028 1446 1226 1514 obseruator.

422 1681 489 1724 ΟΔΡ.
513 1681 590 1724 dxx.
614 1681 697 1734 QUOD
720 1643 875 1724 auorum
897 1681 993 1724 mnu
1016 1681 1059 1736 DE
1080 1677 1269 1722 bobonum
1290 1678 1426 1722 uuum
1441 1677 1585 1722 vuum

751 1766 885 1811 muron!
907 1769 947 1809 H
970 1765 1247 1811 cunemundus.

423 1883 593 1951 ldillesimo
617 1885 754 1967 ccclxvij,
780 1885 831 1950 die
853 1884 954 1968 primo
977 1885 1087 1968 aprilis
1109 1885 1142 1949 io
1163 1883 1245 1950 libro
1269 1901 1385 1967 magno
1409 1882 1489 1949 dicti
1509 1881 1627 1949 Alber·

379 1989 458 2056 tholi
481 1996 608 2071 captum
631 1987 701 2072 fuit,
724 1990 810 2071 quod
834 1989 940 2070 aliqua
962 1989 1089 2072 peticio,
1114 2007 1177 2070 que
1202 1986 1295 2054 fieret
1317 2007 1376 2070 per
1390 1987 1539 2072 aliquem,
1563 2005 1627 2053 non

381 2093 483 2176 possit
503 2093 638 2176 proponi
661 2093 693 2158 in
716 2094 856 2176 generali
879 2093 1021 2178 consilio,
1045 2093 1105 2159 uisi
1128 2111 1199 2158 cum
1223 2093 1390 2159 uoluntate
1407 2091 1553 2157 admious
1569 2093 1626 2157 dn·

383 2199 627 2280 erumpentium
643 2197 781 2264 iudicum
797 2203 831 2265 et
846 2198 1108 2277 consiliariorum,
1132 2197 1186 2280 qui
1207 2171 1326 2263 debent
1341 2196 1512 2280 propositis
1528 2195 1627 2262 intar-

381 2321 456 2369 esse
478 2310 512 2370 et
532 2303 559 2369 si
583 2321 675 2369 secus
697 2301 821 2383 lecerit,
845 2321 909 2368 non
931 2301 1048 2382 ualeat
1073 2319 1132 2367 nec
1155 2307 1263 2368 teneat
1285 2301 1356 2383 ipsa
1370 2301 1546 2383 proposita,
1569 2317 1627 2365 nec

383 2406 513 2488 aliquid,
547 2407 631 2488 quod
664 2425 763 2489 super
791 2407 846 2472 illa
875 2404 972 2472 luerit
1004 2411 1218 2490 anangulum,
1249 2405 1302 2472 uel
1333 2403 1541 2472 reiomnatum
1572 2409 1627 2470 aut

384 2511 573 2577 ordinatum.

382 2743 448 2788 our.
473 2743 559 2785 oxxr.
584 2743 668 2796 qooo
691 2741 813 2785 nonnos
836 2740 1023 2785 oonrnuonan
1046 2741 1168 2784 nomme
1191 2741 1348 2798 aureuma,
1371 2741 1436 2783 nrm
1450 2741 1500 2784 arr
1515 2739 1626 2783 racco-

795 2828 899 2873 aaron
924 2829 987 2872 ono
1008 2805 1220 2874 aoooearos1.

427 2945 488 3012 Die
512 2945 729 3028 suprascripto
754 2950 880 3026 captum
904 2944 973 3030 fuit,
1005 2944 1090 3026 quod
1113 2943 1219 3009 nullus
1242 2947 1428 3025 compareat
1458 2942 1490 3007 in
1513 2942 1627 3008 iudicio

384 3069 444 3133 pro
467 3051 573 3132 aliquo
596 3055 758 3130 tamquam
782 3055 968 3131 procurator
991 3050 1044 3115 uel
1067 3048 1243 3114 aduocatos
1265 3047 1410 3128 alicuius,
1438 3047 1500 3113 nisi
1523 3047 1568 3113 sit
1588 3045 1627 3112 ad

384 3157 444 3221 boc
466 3155 607 3238 legitime
638 3155 841 3234 constitutus,
877 3155 935 3220 sub
969 3171 1054 3236 pena
1088 3154 1241 3219 librarum
1271 3172 1332 3218 xxv
1354 3171 1537 3236 porrorum,
1569 3167 1626 3234 quq

384 3259 553 3342 perueniat
583 3259 615 3324 iu
644 3277 810 3326 commune
839 3259 1018 3342 predictum
1049 3261 1083 3324 et
1113 3259 1172 3325 sub
1207 3257 1383 3324 reiectione
1418 3273 1627 3340 expensanrm

386 3363 471 3446 parti
494 3363 631 3444 aduersa
662 3369 696 3430 et
725 3362 786 3430 hoc
816 3364 958 3445 qualibet
984 3364 1064 3430 uice.
1102 3361 1147 3428 Et
1177 3361 1262 3444 quod
1293 3363 1381 3428 curia
1412 3362 1473 3428 sub
1503 3360 1628 3427 uinculo

387 3468 578 3534 sacramenti
601 3473 750 3535 teneatur
770 3469 897 3552 exigere
920 3468 1036 3534 dictam
1059 3485 1183 3549 penam.

673 3701 740 3744 ΟΔΡ.
765 3700 864 3741 ΙιΧΧΠ.
888 3699 930 3742 ΒΕ
952 3699 1054 3742 mudum
1076 3697 1341 3741 summanum.

430 3812 598 3882 Millosimo
623 3817 749 3899 ccclva.
774 3817 825 3884 die
847 3837 899 3881 xx.
923 3817 1031 3898 aprilis
1053 3817 1085 3881 in
1108 3813 1388 3881 reformationibus
1405 3813 1570 3880 Francisei
1592 3813 1630 3879 de

388 3917 533 3986 Bononia
556 3925 683 4002 captum
707 3929 741 3986 et
764 3921 941 3987 consultum
956 3919 1026 3999 fuit,
1050 3919 1134 4002 quod
1151 3921 1364 3985 instrumenta
1378 3917 1562 3984 examinata
1576 3936 1631 3999 per

387 4023 622 4091 examinatores
645 4026 783 4091 minores
805 4028 890 4090 xxxi·
910 4025 1001 4091 annis
1024 4025 1088 4092 sint
1118 4022 1210 4089 firma
1232 4029 1266 4090 et
1288 4023 1399 4088 uiolari
1414 4041 1488 4105 *uon
1510 4023 1631 4104 possint

336 4156 339 4162 ·
388 4132 421 4193 et
443 4128 527 4209 quod
551 4128 592 4194 de
616 4135 723 4195 cetero
746 4132 980 4196 examinatores
1002 4149 1062 4194 xxv
1085 4130 1176 4194 annis
1199 4127 1324 4210 possint
1343 4125 1419 4208 eligi
1434 4133 1470 4193 et
1485 4144 1631 4194 exercere

387 4229 525 4298 oificium
548 4237 582 4297 et
603 4233 716 4300 sedere
739 4235 780 4300 ad
805 4235 981 4302 sententias
1012 4233 1140 4315 quando
1163 4231 1261 4298 fuerit
1284 4235 1502 4313 opportunum
1526 4230 1630 4312 aliquo

391 4340 512 4403 statuto
535 4355 599 4402 non
623 4337 781 4404 obstante.

386 4467 593 4478 -——--—

435 4527 556 4592 1Οοᾶ.
580 4530 731 4592 uliud:
765 4529 869 4612 „Quod
891 4531 998 4607 nodus,
1028 4531 1077 4605 qni
1102 4529 1229 4605 nonsit,
1262 4531 1434 4604 compareat
1463 4533 1634 4603 procurator

390 4615 507 4676 nomine
529 4618 662 4694 alicuius,
686 4619 735 4680 uel
754 4619 948 4678 aduocatus“.
972 4618 1060 4678 (lod.
1084 4616 1190 4677 acad.
1213 4617 1241 4675 A
1258 4616 1348 4676 habet
1369 4615 1503 4691 glossam
1525 4632 1633 4690 marg:

393 4703 527 4778 „Ilioque
557 4708 604 4764 ost
633 4703 806 4764 iudicandus
836 4708 869 4763 ut
898 4703 1023 4764 babetur
1052 4703 1127 4764 libro
1157 4703 1198 4778 iij.
1223 4720 1288 4778 cap.
1313 4701 1389 4764 xcix.
1414 4702 1470 4762 sub
1501 4701 1631 4762 rubrica:

391 4788 683 4866 fflQmm“
1409 4783 1424 4811 ”
