3416 5350
354 457 414 518 154

353 658 430 724 bina
452 657 485 724 in
508 659 617 727 decem
639 657 729 725 libris
752 663 785 726 et
807 659 1004 744 precipiatur
1026 661 1056 727 ei
1078 679 1136 743 per
1158 663 1350 742 potestatem
1373 664 1407 726 et
1441 661 1595 727 rectorem

353 761 438 844 dicte
461 763 609 838 ciuitstis
640 764 727 848 quod
748 764 819 846 ipsa
839 764 971 831 recedat
992 764 1033 831 de
1057 765 1150 832 domo
1175 783 1234 830 sua
1256 764 1402 847 predicta
1425 769 1460 830 et
1483 763 1512 829 si
1534 782 1593 830 non

353 867 523 934 recesserit
553 868 585 932 in
613 869 750 934 termino
772 867 833 935 sibi
863 869 1055 950 assiguando
1077 887 1137 950 per
1158 874 1312 935 rectorem
1335 867 1422 950 dicte
1446 867 1592 948 ciuitatis,

317 956 321 968 '
350 967 521 1054 fustigetur
542 989 599 1052 per
622 972 784 1038 ciuitatem
808 977 842 1038 et
864 973 904 1039 de
926 972 995 1054 ipsa
1017 972 1147 1038 ciuitate
1169 971 1349 1054 expellatur
1371 971 1427 1053 ita,
1453 969 1540 1054 quod
1561 970 1593 1036 in

353 1092 392 1139 ea
412 1074 499 1140 nullo
522 1080 666 1158 tempore
688 1075 791 1158 possit
811 1075 965 1143 habitare.

351 1285 420 1330 cnr.
444 1287 533 1328 mn.
557 1287 600 1330 nn
621 1285 712 1330 snus
734 1265 965 1332 sonusmus¹
987 1289 1030 1330 na
1051 1288 1107 1330 nm
1125 1288 1187 1330 unu
1201 1287 1303 1330 socru
1317 1287 1379 1329 m
1394 1261 1591 1330 mmsuu’.

395 1401 479 1467 Item
501 1405 657 1469 stntntum
679 1407 713 1469 et
735 1405 914 1470 ordinatum
938 1408 998 1485 est,
1022 1405 1107 1484 quod
1130 1403 1243 1486 siquis
1259 1405 1408 1468 inuentus
1424 1401 1525 1468 fuerit
1538 1419 1592 1484 per
1700 1457 1701 1466 2

347 1502 499 1572 familiam
522 1507 700 1588 potestatis,
731 1509 784 1574 uel
814 1508 946 1575 rectoris
970 1514 1096 1591 pertore
1126 1525 1215 1574 arma
1236 1525 1295 1589 per
1317 1505 1498 1593 ciuitatem,
1521 1523 1591 1571 cre·

352 1605 452 1674 datur¹
470 1609 529 1676 soli
552 1610 730 1678 inuentioni
752 1631 810 1678 seu
832 1613 978 1679 relationi
1002 1611 1135 1678 ahcuius
1157 1629 1197 1676 ex
1211 1609 1331 1676 familis
1346 1610 1520 1692 potestatis
1542 1608 1592 1676 uel
1699 1591 1701 1682 ἶ

350 1712 485 1779 rectoris
509 1713 593 1795 dicte
617 1715 767 1797 ciuitatis,
791 1716 860 1783 sine
882 1716 989 1798 aliqua
1010 1715 1213 1798 probotione3
1237 1720 1269 1781 et
1290 1714 1484 1782 minuentns
1499 1711 1592 1778 fuerit
1700 1703 1701 1728 ³

350 1833 421 1882 cum
444 1817 539 1882 amus
562 1818 650 1896 ciuis,
686 1820 739 1885 uel
771 1820 931 1886 habitator
954 1819 1075 1903 Spalati
1098 1821 1152 1898 ita,
1185 1818 1269 1901 quod
1298 1819 1332 1883 in
1360 1819 1433 1902 ipss
1462 1817 1592 1884 ciuitate
1699 1841 1701 1886 ς

350 1919 474 1986 habitet
496 1938 567 1986 cum
589 1921 710 1988 familia
733 1942 792 1990 sua
814 1929 848 1990 et
869 1924 988 1990 habere
1011 1943 1101 1989 arms
1122 1923 1270 1990 inuentus
1285 1921 1383 1988 merit
1409 1919 1590 2000 offensane,
1699 1931 1701 1966 ³

349 2025 501 2105 puniatur
523 2025 666 2106 qualibet
687 2027 758 2093 uice
780 2027 813 2092 in
835 2028 900 2092 xl‘·
924 2027 1023 2093 soldis
1046 2031 1079 2093 et
1101 2026 1217 2108 perdat
1239 2045 1329 2092 arma
1350 2031 1384 2094 et
1404 2027 1539 2093 uenient
1559 2027 1591 2091 in
1699 2021 1701 2120 j

354 2143 532 2194 commune.
556 2128 590 2194 Si
613 2148 689 2196 uero
713 2128 831 2196 fuerint
855 2149 943 2197 arma
966 2129 1155 2208 defensoria,
1179 2129 1328 2212 puniatur
1348 2131 1382 2194 in
1403 2130 1471 2195 ns
1496 2129 1590 2196 soldis

352 2235 386 2298 et
408 2230 523 2312 perdat
545 2250 632 2298 arma
662 2237 696 2298 et
725 2233 895 2300 deueniant
925 2234 958 2298 in
991 2251 1157 2300 commune
1180 2232 1313 2315 Spelat'n
1347 2233 1393 2298 Et
1422 2234 1451 2298 si
1480 2232 1590 2314 aliqn'n

351 2351 415 2401 non
445 2335 627 2416 permiserit
659 2355 692 2404 se
715 2337 824 2404 circari
849 2345 882 2404 et
903 2337 1039 2404 scrutari
1068 2356 1126 2420 pro
1160 2337 1265 2422 armis,
1301 2337 1532 2404 condemnetur
1559 2339 1590 2402 in

352 2437 454 2504 tribus
475 2438 564 2504 libris
586 2445 621 2505 et
642 2441 668 2507 si
692 2441 732 2508 de
754 2447 848 2508 nocte
870 2441 949 2508 erit⁸
971 2441 1151 2524 duplicetur
1172 2457 1266 2523 pena.

396 2539 431 2607 Si
461 2527 539 2610 uero
573 2543 689 2627 aliquis
719 2545 881 2630 aufugerit
909 2552 985 2612 ante
1014 2545 1165 2615 familiam
1195 2544 1366 2628 potestatis
1397 2553 1433 2611 et
1461 2545 1590 2614 rectoris

352 2645 493 2712 ciuitatis
518 2644 651 2729 Spalati,
676 2649 802 2730 quando
825 2651 917 2717 uadit
936 2667 994 2732 per
1009 2649 1172 2715 ciuitatem
1190 2648 1336 2715 circando
1351 2649 1407 2716 nel
1422 2649 1591 2718 cenitando

349 2767 408 2832 pro
427 2752 532 2830 mmis,
548 2751 581 2816 in
596 2752 660 2817 xp.
680 2753 778 2819 seldis
794 2755 946 2838 puniatur
960 2759 993 2821 et
1008 2753 1247 2836 condemnetur,
1271 2752 1360 2818 saluo
1377 2754 1422 2819 si¹
1436 2753 1471 2819 in
1490 2753 1590 2820 eundo

349 2854 403 2919 uel
426 2853 590 2921 redeundo
613 2854 699 2923 foras
723 2864 814 2924 extra
836 2858 998 2924 ciuitatem
1019 2855 1141 2940 Spoleti
1172 2856 1288 2938 aliquis
1316 2855 1415 2924 fuerh
1445 2857 1590 2924 iuuentus

351 2975 440 3024 arma
461 2963 602 3043 portare,
626 2959 667 3026 ad
690 2959 806 3027 dictam
829 2980 946 3047 penam
970 2979 1033 3027 non
1057 2965 1212 3028 teneatur.

393 3061 431 3126 In
453 3059 633 3128 forensibus
657 3070 788 3146 propter
810 3063 944 3132 Selaucs
967 3071 1001 3132 et
1023 3065 1101 3132 alios
1120 3063 1275 3149 forenses,
1299 3065 1353 3146 qui
1370 3065 1506 3130 ueniunt
1519 3083 1589 3130 cnm
1699 3077 1701 3120 λ

354 3165 450 3231 armis
474 3165 515 3230 ad
538 3165 700 3233 ciuitatem
723 3165 857 3251 Spoleti,
886 3169 1021 3236 maxime
1044 3170 1120 3251 qiua
1140 3167 1282 3250 hospicie
1300 3186 1363 3234 non
1378 3169 1545 3235 inueniunt
1559 3169 1592 3234 in

353 3267 483 3334 ciuitate
507 3266 629 3351 Spalati
652 3273 825 3356 commode,
853 3271 956 3355 quod⁶
978 3273 1039 3339 hoc
1060 3276 1224 3338 remaneat
1246 3271 1279 3336 in
1300 3270 1503 3352 prouidentia
1523 3289 1591 3339 reo-

349 3370 429 3438 toris
452 3372 537 3453 dicte
561 3373 700 3440 ciuitatis
722 3373 755 3440 in
777 3376 1015 3443 condemnando
1037 3375 1125 3458 ipsos
1148 3374 1302 3441 forenses.

391 3474 442 3540 Illi
465 3481 581 3561 cutem,
605 3477 647 3543 ad
671 3496 804 3560 quorum
828 3479 957 3545 domum
979 3479 1032 3547 uel
1048 3479 1158 3546 domos
1176 3479 1236 3561 ipsi
1257 3477 1403 3546 forenses
1418 3479 1592 3548 descednnt

351 3583 384 3646 et
405 3572 620 3662 hospitentur,
644 3601 701 3648 seu
724 3588 898 3662 morantur,
921 3587 1091 3652 teneantur
1113 3583 1302 3650 denuntiare
1324 3601 1433 3650 corum
1458 3584 1590 3652 testibus
1700 3575 1701 3604 ³

350 3681 429 3765 ipsis
452 3683 666 3769 presentibus,
691 3685 776 3766 quod
799 3706 890 3754 erma
911 3705 974 3754 non
995 3691 1127 3770 portent
1147 3706 1207 3770 per
1229 3687 1393 3755 ciuitatem
1415 3707 1476 3754 nec
1494 3685 1590 3754 offen·

349 3787 445 3866 soria,
458 3803 529 3853 nec
551 3785 747 3868 defensoria;
771 3791 856 3872 quod
878 3792 905 3857 si
925 3790 1031 3858 facere
1054 3789 1270 3875 negligerent⁸
1291 3796 1326 3859 et
1347 3789 1494 3860 forenses
1516 3809 1586 3858 curn

348 3890 443 3958 annia
472 3891 595 3958 inuenti
624 3891 742 3959 fuerint
770 3895 802 3959 in
832 3895 961 3962 ciuitate
984 3893 1106 3978 Spalati
1134 3915 1192 3978 per
1220 3893 1375 3962 familiam
1403 3895 1582 3979 potestatis,

348 3993 410 4073 ille,
441 3993 475 4059 in
497 3994 586 4062 cuius
608 3996 701 4063 domo
724 3996 793 4080 ipse
815 3997 950 4066 forensis
974 3999 1178 4067 descenderit
1205 3999 1257 4066 nel
1280 3999 1459 4082 hospitatus
1482 3997 1585 4080 fuerit,

348 4097 379 4162 in
400 4097 472 4162 xxi·
495 4097 594 4164 soldis
615 4099 757 4180 qualibet
778 4101 848 4168 uice
871 4103 1105 4182 condemnetur,
1137 4103 1277 4187 exceptis
1300 4101 1510 4170 familiaribus
1532 4103 1585 4170 do

351 4199 429 4266 mini
450 4199 525 4266 bani
547 4206 582 4268 et
604 4201 721 4268 domini
737 4206 859 4271 comitis
878 4205 1008 4288 Georgij
1026 4211 1059 4272 et
1074 4207 1198 4273 comitis
1212 4207 1310 4286 Petri,
1334 4207 1389 4288 qui
1403 4209 1587 4274 remaneant

354 4305 387 4370 in
410 4303 610 4388 prouidentia
632 4309 802 4389 potestatis
825 4315 856 4376 et
880 4307 1058 4376 offitialium
1081 4309 1167 4390 dicte
1190 4309 1340 4377 ciuitatis.

394 4444 405 4482 ¹
429 4447 487 4526 Ap.
511 4446 639 4524 LJ‘nb.:
667 4448 852 4528 „portante“.
945 4447 1065 4513 'Ood
1089 4452 1195 4514 acad.
1216 4451 1260 4514 A:
1286 4453 1351 4532 ,De
1370 4451 1588 4514 extrahentibus

348 4551 431 4596 arma
451 4534 482 4594 in
496 4535 597 4610 platea
615 4535 710 4595 musti
730 4536 883 4615 Laurentij
907 4539 956 4600 nel
978 4541 1072 4600 sancti
1094 4537 1246 4615 DomniJ⁸.
1312 4536 1323 4574 ³
1344 4540 1437 4601 Deest
1458 4539 1488 4600 in
1511 4538 1585 4600 cod

349 4620 456 4681 eoad.
472 4621 498 4680 B
514 4624 606 4696 etap.
622 4620 732 4698 Ljub.
792 4620 804 4655 ⁴
826 4623 936 4688 ibid:
961 4625 1061 4708 „quod
1083 4623 1139 4684 si“.
1198 4621 1310 4686 *con
1329 4625 1435 4688 acad
1452 4627 1494 4687 B:
1512 4619 1585 4708 ,et‘.

351 4704 441 4784 ‘Ap
464 4705 594 4784 njis:
618 4707 850 4786 ',neglexerint“.
1700 4737 1701 4740 ¹
