<?xml version="1.0" encoding="UTF-8"?>
<!DOCTYPE html PUBLIC "-//W3C//DTD XHTML 1.0 Transitional//EN"
    "http://www.w3.org/TR/xhtml1/DTD/xhtml1-transitional.dtd">
<html xmlns="http://www.w3.org/1999/xhtml" xml:lang="en" lang="en">
 <head>
  <title>
</title>
<meta http-equiv="Content-Type" content="text/html;charset=utf-8" />
  <meta name='ocr-system' content='tesseract 3.04.00' />
  <meta name='ocr-capabilities' content='ocr_page ocr_carea ocr_par ocr_line ocrx_word'/>
</head>
<body>
  <div class='ocr_page' id='page_1' title='image "./statutaetlegesc00yuggoog_0099.png"; bbox 0 0 3396 5402; ppageno 0'>
   <div class='ocr_carea' id='block_1_1' title="bbox 727 1281 822 1400">
    <p class='ocr_par' dir='ltr' id='par_1_1' title="bbox 727 1281 822 1400">
     <span class='ocr_line' id='line_1_1' title="bbox 727 1281 822 1400; baseline 0.021 -12"><span class='ocrx_word' id='word_1_1' title='bbox 727 1281 822 1400; x_wconf 89' lang='grc' dir='ltr'><strong>ΙΙΙ.</strong></span> 
     </span>
    </p>
   </div>
   <div class='ocr_carea' id='block_1_2' title="bbox 148 1485 1394 1788">
    <p class='ocr_par' dir='ltr' id='par_1_2' title="bbox 148 1485 1394 1788">
     <span class='ocr_line' id='line_1_2' title="bbox 148 1485 1394 1642; baseline 0.003 -10"><span class='ocrx_word' id='word_1_2' title='bbox 148 1525 886 1642; x_wconf 76' lang='lat' dir='ltr'><strong><em>ennonnunlonns</em></strong></span> <span class='ocrx_word' id='word_1_3' title='bbox 940 1485 1394 1642; x_wconf 77' lang='lat' dir='ltr'><strong><em>connunns</em></strong></span> 
     </span>
     <span class='ocr_line' id='line_1_3' title="bbox 529 1683 1019 1788; baseline 0 -2"><span class='ocrx_word' id='word_1_4' title='bbox 529 1683 1019 1788; x_wconf 73' lang='lat' dir='ltr'><strong><em>cunenses</em></strong></span> 
     </span>
    </p>
   </div>
   <div class='ocr_carea' id='block_1_3' title="bbox 95 1977 1394 2480">
    <p class='ocr_par' dir='ltr' id='par_1_3' title="bbox 143 1977 1394 2274">
     <span class='ocr_line' id='line_1_4' title="bbox 152 1977 1394 2064; baseline -0.001 -19"><span class='ocrx_word' id='word_1_5' title='bbox 152 1977 260 2058; x_wconf 72' lang='lat' dir='ltr'><strong><em>,Hae</em></strong></span> <span class='ocrx_word' id='word_1_6' title='bbox 292 1988 366 2048; x_wconf 79' lang='lat' dir='ltr'><strong><em>suni</em></strong></span> <span class='ocrx_word' id='word_1_7' title='bbox 400 1977 650 2064; x_wconf 75' lang='lat' dir='ltr'><strong><em>Resernmeionee</em></strong></span> <span class='ocrx_word' id='word_1_8' title='bbox 685 1979 863 2044; x_wconf 83' lang='lat' dir='ltr'><strong><em>Omnnnnis</em></strong></span> <span class='ocrx_word' id='word_1_9' title='bbox 900 1979 1056 2044; x_wconf 77' lang='lat' dir='ltr'><strong><em>Ourznlae</em></strong></span> <span class='ocrx_word' id='word_1_10' title='bbox 1088 1979 1315 2044; x_wconf 76' lang='lat' dir='ltr'><strong><em>authentieetae</em></strong></span> <span class='ocrx_word' id='word_1_11' title='bbox 1336 1999 1394 2064; x_wconf 87' lang='lat' dir='ltr'><strong><em>per</em></strong></span> 
     </span>
     <span class='ocr_line' id='line_1_5' title="bbox 143 2081 1392 2168; baseline 0 -20"><span class='ocrx_word' id='word_1_12' title='bbox 143 2083 318 2168; x_wconf 72' lang='lat' dir='ltr'><strong><em>priuileeie</em></strong></span> <span class='ocrx_word' id='word_1_13' title='bbox 339 2081 494 2164; x_wconf 76' lang='lat' dir='ltr'><strong><em>Dunelie,</em></strong></span> <span class='ocrx_word' id='word_1_14' title='bbox 517 2105 555 2148; x_wconf 78' lang='lat' dir='ltr'><strong><em>en</em></strong></span> <span class='ocrx_word' id='word_1_15' title='bbox 578 2084 657 2147; x_wconf 85' lang='lat' dir='ltr'><strong><em>libro</em></strong></span> <span class='ocrx_word' id='word_1_16' title='bbox 675 2085 808 2168; x_wconf 83' lang='lat' dir='ltr'><strong><em>papiree</em></strong></span> <span class='ocrx_word' id='word_1_17' title='bbox 830 2085 865 2148; x_wconf 88' lang='lat' dir='ltr'><strong><em>in</em></strong></span> <span class='ocrx_word' id='word_1_18' title='bbox 884 2083 1072 2148; x_wconf 70' lang='lat' dir='ltr'><strong><em>membranis</em></strong></span> <span class='ocrx_word' id='word_1_19' title='bbox 1094 2083 1239 2150; x_wconf 81' lang='lat' dir='ltr'><strong><em>redactae</em></strong></span> <span class='ocrx_word' id='word_1_20' title='bbox 1253 2083 1291 2148; x_wconf 82' lang='lat' dir='ltr'><strong><em>de</em></strong></span> <span class='ocrx_word' id='word_1_21' title='bbox 1305 2103 1392 2148; x_wconf 83' lang='lat' dir='ltr'><strong><em>mnn-</em></strong></span> 
     </span>
     <span class='ocr_line' id='line_1_6' title="bbox 146 2185 1392 2274; baseline 0 -22"><span class='ocrx_word' id='word_1_22' title='bbox 146 2187 224 2252; x_wconf 77' lang='lat' dir='ltr'><strong><em>daeo</em></strong></span> <span class='ocrx_word' id='word_1_23' title='bbox 254 2185 417 2274; x_wconf 73' lang='lat' dir='ltr'><strong><em>Maqnifiei</em></strong></span> <span class='ocrx_word' id='word_1_24' title='bbox 446 2195 474 2254; x_wconf 81' lang='lat' dir='ltr'><strong><em>et</em></strong></span> <span class='ocrx_word' id='word_1_25' title='bbox 507 2186 656 2252; x_wconf 77' lang='lat' dir='ltr'><strong><em>Generosi</em></strong></span> <span class='ocrx_word' id='word_1_26' title='bbox 677 2185 719 2252; x_wconf 90' lang='lat' dir='ltr'><strong><em>D.</em></strong></span> <span class='ocrx_word' id='word_1_27' title='bbox 742 2185 892 2272; x_wconf 75' lang='lat' dir='ltr'><strong><em>Stephani</em></strong></span> <span class='ocrx_word' id='word_1_28' title='bbox 921 2186 1049 2272; x_wconf 74' lang='lat' dir='ltr'><strong><em>Mepeei,</em></strong></span> <span class='ocrx_word' id='word_1_29' title='bbox 1081 2207 1142 2272; x_wconf 83' lang='lat' dir='ltr'><strong><em>pro</em></strong></span> <span class='ocrx_word' id='word_1_30' title='bbox 1171 2185 1392 2252; x_wconf 83' lang='lat' dir='ltr'><strong><em>Illustriseimo</em></strong></span> 
     </span>
    </p>

    <p class='ocr_par' dir='ltr' id='par_1_4' title="bbox 95 2288 1391 2480">
     <span class='ocr_line' id='line_1_7' title="bbox 144 2288 1391 2358; baseline -0.002 -2"><span class='ocrx_word' id='word_1_31' title='bbox 144 2289 232 2356; x_wconf 80' lang='lat' dir='ltr'><strong><em>Due.</em></strong></span> <span class='ocrx_word' id='word_1_32' title='bbox 266 2289 358 2358; x_wconf 85' lang='lat' dir='ltr'><strong><em>Dem.</em></strong></span> <span class='ocrx_word' id='word_1_33' title='bbox 399 2289 598 2358; x_wconf 76' lang='lat' dir='ltr'><strong><em>Vmetiamm</em></strong></span> <span class='ocrx_word' id='word_1_34' title='bbox 631 2297 684 2356; x_wconf 77' lang='lat' dir='ltr'><strong><em>ete.</em></strong></span> <span class='ocrx_word' id='word_1_35' title='bbox 720 2291 820 2358; x_wconf 78' lang='lat' dir='ltr'><strong><em>dietae</em></strong></span> <span class='ocrx_word' id='word_1_36' title='bbox 854 2289 1000 2356; x_wconf 62' lang='lat' dir='ltr'><strong><em>&amp;enitatis</em></strong></span> <span class='ocrx_word' id='word_1_37' title='bbox 1030 2299 1058 2356; x_wconf 82' lang='lat' dir='ltr'><strong><em>et</em></strong></span> <span class='ocrx_word' id='word_1_38' title='bbox 1089 2289 1217 2356; x_wconf 68' lang='lat' dir='ltr'><strong><em>[senne</em></strong></span> <span class='ocrx_word' id='word_1_39' title='bbox 1261 2288 1391 2356; x_wconf 77' lang='lat' dir='ltr'><strong><em>Comitis</em></strong></span> 
     </span>
     <span class='ocr_line' id='line_1_8' title="bbox 95 2388 874 2480; baseline -0.004 -20"><span class='ocrx_word' id='word_1_40' title='bbox 95 2388 97 2402; x_wconf 87' lang='lat'>&#39;</span> <span class='ocrx_word' id='word_1_41' title='bbox 668 2391 874 2480; x_wconf 54' lang='lat' dir='ltr'><strong><em>annuens!</em></strong></span> 
     </span>
    </p>
   </div>
   <div class='ocr_carea' id='block_1_4' title="bbox 499 2623 1050 2672">
    <p class='ocr_par' dir='ltr' id='par_1_5' title="bbox 499 2623 1050 2672">
     <span class='ocr_line' id='line_1_9' title="bbox 499 2623 1050 2672; baseline -0.005 -4"><span class='ocrx_word' id='word_1_42' title='bbox 499 2625 566 2668; x_wconf 73' lang='lat' dir='ltr'><strong><em>OAP.</em></strong></span> <span class='ocrx_word' id='word_1_43' title='bbox 589 2625 611 2668; x_wconf 92' lang='lat'><strong><em>1.</em></strong></span> <span class='ocrx_word' id='word_1_44' title='bbox 635 2623 903 2672; x_wconf 62' lang='lat' dir='ltr'><strong><em>mucusque!</em></strong></span> <span class='ocrx_word' id='word_1_45' title='bbox 925 2625 1050 2668; x_wconf 75' lang='lat' dir='ltr'><strong><em>nemus.</em></strong></span> 
     </span>
    </p>
   </div>
   <div class='ocr_carea' id='block_1_5' title="bbox 147 2755 1393 3048">
    <p class='ocr_par' dir='ltr' id='par_1_6' title="bbox 147 2755 1393 3048">
     <span class='ocr_line' id='line_1_10' title="bbox 196 2755 1392 2841; baseline -0.002 -17"><span class='ocrx_word' id='word_1_46' title='bbox 196 2759 289 2838; x_wconf 74' lang='lat' dir='ltr'><strong><em>Item,</em></strong></span> <span class='ocrx_word' id='word_1_47' title='bbox 324 2759 410 2840; x_wconf 87' lang='lat' dir='ltr'><strong><em>qued</em></strong></span> <span class='ocrx_word' id='word_1_48' title='bbox 440 2759 618 2841; x_wconf 83' lang='lat' dir='ltr'><strong><em>quicunque</em></strong></span> <span class='ocrx_word' id='word_1_49' title='bbox 641 2759 730 2824; x_wconf 83' lang='lat' dir='ltr'><strong><em>vadit</em></strong></span> <span class='ocrx_word' id='word_1_50' title='bbox 751 2759 783 2822; x_wconf 94' lang='lat' dir='ltr'><strong><em>in</em></strong></span> <span class='ocrx_word' id='word_1_51' title='bbox 805 2756 970 2824; x_wconf 84' lang='lat' dir='ltr'><strong><em>seruitium</em></strong></span> <span class='ocrx_word' id='word_1_52' title='bbox 993 2755 1174 2822; x_wconf 85' lang='lat' dir='ltr'><strong><em>Communis</em></strong></span> <span class='ocrx_word' id='word_1_53' title='bbox 1196 2757 1307 2834; x_wconf 84' lang='lat' dir='ltr'><strong><em>modo,</em></strong></span> <span class='ocrx_word' id='word_1_54' title='bbox 1341 2757 1392 2822; x_wconf 87' lang='lat' dir='ltr'><strong><em>vel</em></strong></span> 
     </span>
     <span class='ocr_line' id='line_1_11' title="bbox 147 2859 1393 2946; baseline -0.002 -18"><span class='ocrx_word' id='word_1_55' title='bbox 147 2867 274 2946; x_wconf 81' lang='lat' dir='ltr'><strong><em>postes,</em></strong></span> <span class='ocrx_word' id='word_1_56' title='bbox 298 2861 394 2928; x_wconf 78' lang='lat' dir='ltr'><strong><em>sedet</em></strong></span> <span class='ocrx_word' id='word_1_57' title='bbox 416 2861 457 2929; x_wconf 85' lang='lat' dir='ltr'><strong><em>ed</em></strong></span> <span class='ocrx_word' id='word_1_58' title='bbox 480 2880 637 2943; x_wconf 86' lang='lat' dir='ltr'><strong><em>expensas</em></strong></span> <span class='ocrx_word' id='word_1_59' title='bbox 654 2859 837 2927; x_wconf 84' lang='lat' dir='ltr'><strong><em>Communis</em></strong></span> <span class='ocrx_word' id='word_1_60' title='bbox 853 2865 887 2926; x_wconf 86' lang='lat' dir='ltr'><strong><em>et</em></strong></span> <span class='ocrx_word' id='word_1_61' title='bbox 902 2878 963 2926; x_wconf 89' lang='lat' dir='ltr'><strong><em>nen</em></strong></span> <span class='ocrx_word' id='word_1_62' title='bbox 980 2860 1098 2926; x_wconf 77' lang='lat' dir='ltr'><strong><em>hebeat</em></strong></span> <span class='ocrx_word' id='word_1_63' title='bbox 1113 2859 1199 2926; x_wconf 86' lang='lat' dir='ltr'><strong><em>eliud</em></strong></span> <span class='ocrx_word' id='word_1_64' title='bbox 1215 2860 1256 2926; x_wconf 86' lang='lat' dir='ltr'><strong><em>de</em></strong></span> <span class='ocrx_word' id='word_1_65' title='bbox 1278 2859 1393 2926; x_wconf 76' lang='lat' dir='ltr'><strong><em>salerio</em></strong></span> 
     </span>
     <span class='ocr_line' id='line_1_12' title="bbox 147 2963 1032 3048; baseline -0.005 -16"><span class='ocrx_word' id='word_1_66' title='bbox 147 2970 185 3032; x_wconf 81' lang='lat' dir='ltr'><strong><em>et</em></strong></span> <span class='ocrx_word' id='word_1_67' title='bbox 208 2965 294 3048; x_wconf 86' lang='lat' dir='ltr'><strong><em>qued</em></strong></span> <span class='ocrx_word' id='word_1_68' title='bbox 316 2983 397 3031; x_wconf 81' lang='lat' dir='ltr'><strong><em>nnus</em></strong></span> <span class='ocrx_word' id='word_1_69' title='bbox 419 2983 481 3032; x_wconf 85' lang='lat' dir='ltr'><strong><em>non</em></strong></span> <span class='ocrx_word' id='word_1_70' title='bbox 504 2970 698 3047; x_wconf 80' lang='lat' dir='ltr'><strong><em>sggrsuetur</em></strong></span> <span class='ocrx_word' id='word_1_71' title='bbox 720 2965 801 3048; x_wconf 86' lang='lat' dir='ltr'><strong><em>plus,</em></strong></span> <span class='ocrx_word' id='word_1_72' title='bbox 825 2981 918 3044; x_wconf 89' lang='lat' dir='ltr'><strong><em>quem</em></strong></span> <span class='ocrx_word' id='word_1_73' title='bbox 943 2963 1032 3030; x_wconf 87' lang='lat' dir='ltr'><strong><em>elius.</em></strong></span> 
     </span>
    </p>
   </div>
   <div class='ocr_carea' id='block_1_6' title="bbox 151 3175 1394 3348">
    <p class='ocr_par' dir='ltr' id='par_1_7' title="bbox 151 3175 1394 3348">
     <span class='ocr_line' id='line_1_13' title="bbox 151 3175 1394 3240; baseline -0.003 0"><span class='ocrx_word' id='word_1_74' title='bbox 151 3195 224 3240; x_wconf 74' lang='lat' dir='ltr'><strong><em>eu.</em></strong></span> <span class='ocrx_word' id='word_1_75' title='bbox 247 3195 281 3235; x_wconf 91' lang='lat'><strong><em>11.</em></strong></span> <span class='ocrx_word' id='word_1_76' title='bbox 316 3193 583 3239; x_wconf 73' lang='lat' dir='ltr'><strong><em>mesmesonun</em></strong></span> <span class='ocrx_word' id='word_1_77' title='bbox 616 3194 776 3238; x_wconf 78' lang='lat' dir='ltr'><strong><em>sneunuus</em></strong></span> <span class='ocrx_word' id='word_1_78' title='bbox 809 3175 900 3236; x_wconf 77' lang='lat'>1426.</span> <span class='ocrx_word' id='word_1_79' title='bbox 923 3193 978 3236; x_wconf 81' lang='lat' dir='ltr'><strong><em>nn</em></strong></span> <span class='ocrx_word' id='word_1_80' title='bbox 1004 3175 1051 3236; x_wconf 82' lang='lat'><strong><em>18.</em></strong></span> <span class='ocrx_word' id='word_1_81' title='bbox 1075 3194 1187 3237; x_wconf 81' lang='lat' dir='ltr'><strong><em>nens1s</em></strong></span> <span class='ocrx_word' id='word_1_82' title='bbox 1217 3195 1394 3238; x_wconf 70' lang='lat' dir='ltr'><strong><em>exeussus</em></strong></span> 
     </span>
     <span class='ocr_line' id='line_1_14' title="bbox 179 3295 1367 3348; baseline -0.008 0"><span class='ocrx_word' id='word_1_83' title='bbox 179 3298 354 3348; x_wconf 65' lang='lat' dir='ltr'><strong><em>umens</em></strong></span> <span class='ocrx_word' id='word_1_84' title='bbox 375 3299 435 3344; x_wconf 77' lang='lat' dir='ltr'><strong><em>eme</em></strong></span> <span class='ocrx_word' id='word_1_85' title='bbox 457 3297 638 3342; x_wconf 61' lang='lat' dir='ltr'><strong><em>emuniens</em></strong></span> <span class='ocrx_word' id='word_1_86' title='bbox 661 3298 721 3340; x_wconf 76' lang='lat' dir='ltr'><strong><em>nn</em></strong></span> <span class='ocrx_word' id='word_1_87' title='bbox 743 3297 911 3342; x_wconf 75' lang='lat' dir='ltr'><strong><em>sonsum</em></strong></span> <span class='ocrx_word' id='word_1_88' title='bbox 934 3297 1102 3342; x_wconf 68' lang='lat' dir='ltr'><strong><em>secunus!</em></strong></span> <span class='ocrx_word' id='word_1_89' title='bbox 1123 3295 1237 3340; x_wconf 73' lang='lat' dir='ltr'><strong><em>nonme</em></strong></span> <span class='ocrx_word' id='word_1_90' title='bbox 1259 3297 1367 3340; x_wconf 80' lang='lat' dir='ltr'><strong><em>usses.</em></strong></span> 
     </span>
    </p>
   </div>
   <div class='ocr_carea' id='block_1_7' title="bbox 145 3423 1396 4240">
    <p class='ocr_par' dir='ltr' id='par_1_8' title="bbox 145 3423 1396 4240">
     <span class='ocr_line' id='line_1_15' title="bbox 197 3423 1394 3513; baseline -0.001 -16"><span class='ocrx_word' id='word_1_91' title='bbox 197 3431 260 3498; x_wconf 84' lang='lat' dir='ltr'><strong><em>Pro</em></strong></span> <span class='ocrx_word' id='word_1_92' title='bbox 296 3430 411 3513; x_wconf 75' lang='lat' dir='ltr'><strong><em>quum</em></strong></span> <span class='ocrx_word' id='word_1_93' title='bbox 445 3431 592 3513; x_wconf 77' lang='lat' dir='ltr'><strong><em>expensis</em></strong></span> <span class='ocrx_word' id='word_1_94' title='bbox 620 3429 741 3496; x_wconf 80' lang='lat' dir='ltr'><strong><em>hebere</em></strong></span> <span class='ocrx_word' id='word_1_95' title='bbox 769 3429 886 3495; x_wconf 81' lang='lat' dir='ltr'><strong><em>debent</em></strong></span> <span class='ocrx_word' id='word_1_96' title='bbox 918 3423 1053 3510; x_wconf 80' lang='lat' dir='ltr'><strong><em>quilibet</em></strong></span> <span class='ocrx_word' id='word_1_97' title='bbox 1084 3429 1310 3509; x_wconf 83' lang='lat' dir='ltr'><strong><em>embeseieter‚</em></strong></span> <span class='ocrx_word' id='word_1_98' title='bbox 1345 3430 1394 3496; x_wconf 88' lang='lat' dir='ltr'><strong><em>eui</em></strong></span> 
     </span>
     <span class='ocr_line' id='line_1_16' title="bbox 150 3531 1395 3616; baseline -0.002 -14"><span class='ocrx_word' id='word_1_99' title='bbox 150 3533 307 3602; x_wconf 69' lang='lat' dir='ltr'><strong><em>assedere</em></strong></span> <span class='ocrx_word' id='word_1_100' title='bbox 329 3533 515 3616; x_wconf 82' lang='lat' dir='ltr'><strong><em>eontigerit,</em></strong></span> <span class='ocrx_word' id='word_1_101' title='bbox 549 3550 650 3614; x_wconf 82' lang='lat' dir='ltr'><strong><em>usque</em></strong></span> <span class='ocrx_word' id='word_1_102' title='bbox 670 3533 712 3598; x_wconf 82' lang='lat' dir='ltr'><strong><em>ed</em></strong></span> <span class='ocrx_word' id='word_1_103' title='bbox 733 3532 832 3598; x_wconf 82' lang='lat' dir='ltr'><strong><em>millis</em></strong></span> <span class='ocrx_word' id='word_1_104' title='bbox 854 3551 948 3598; x_wconf 86' lang='lat' dir='ltr'><strong><em>vnum</em></strong></span> <span class='ocrx_word' id='word_1_105' title='bbox 971 3532 1082 3616; x_wconf 79' lang='lat' dir='ltr'><strong><em>procul</em></strong></span> <span class='ocrx_word' id='word_1_106' title='bbox 1104 3551 1124 3598; x_wconf 81' lang='lat' dir='ltr'><strong><em>s</em></strong></span> <span class='ocrx_word' id='word_1_107' title='bbox 1147 3531 1302 3614; x_wconf 73' lang='lat' dir='ltr'><strong><em>curzule,</em></strong></span> <span class='ocrx_word' id='word_1_108' title='bbox 1337 3551 1395 3616; x_wconf 87' lang='lat' dir='ltr'><strong><em>pro</em></strong></span> 
     </span>
     <span class='ocr_line' id='line_1_17' title="bbox 146 3635 1393 3720; baseline 0 -16"><span class='ocrx_word' id='word_1_109' title='bbox 146 3635 299 3720; x_wconf 75' lang='lat' dir='ltr'><strong><em>expensis</em></strong></span> <span class='ocrx_word' id='word_1_110' title='bbox 328 3637 431 3704; x_wconf 78' lang='lat' dir='ltr'><strong><em>vietus</em></strong></span> <span class='ocrx_word' id='word_1_111' title='bbox 454 3643 489 3704; x_wconf 81' lang='lat' dir='ltr'><strong><em>et</em></strong></span> <span class='ocrx_word' id='word_1_112' title='bbox 511 3637 694 3720; x_wconf 86' lang='lat' dir='ltr'><strong><em>prouisione</em></strong></span> <span class='ocrx_word' id='word_1_113' title='bbox 721 3635 822 3720; x_wconf 85' lang='lat' dir='ltr'><strong><em>ipsius</em></strong></span> <span class='ocrx_word' id='word_1_114' title='bbox 851 3653 1009 3718; x_wconf 77' lang='lat' dir='ltr'><strong><em>personae</em></strong></span> <span class='ocrx_word' id='word_1_115' title='bbox 1037 3635 1129 3702; x_wconf 86' lang='lat' dir='ltr'><strong><em>solid.</em></strong></span> <span class='ocrx_word' id='word_1_116' title='bbox 1160 3637 1317 3704; x_wconf 77' lang='lat' dir='ltr'><strong><em>sexdecim</em></strong></span> <span class='ocrx_word' id='word_1_117' title='bbox 1341 3637 1393 3704; x_wconf 86' lang='lat' dir='ltr'><strong><em>die</em></strong></span> 
     </span>
     <span class='ocr_line' id='line_1_18' title="bbox 147 3739 1394 3826; baseline 0.001 -19"><span class='ocrx_word' id='word_1_118' title='bbox 147 3739 304 3824; x_wconf 77' lang='lat' dir='ltr'><strong><em>quolibet.</em></strong></span> <span class='ocrx_word' id='word_1_119' title='bbox 341 3741 402 3819; x_wconf 82' lang='lat' dir='ltr'><strong><em>Qui</em></strong></span> <span class='ocrx_word' id='word_1_120' title='bbox 433 3759 511 3807; x_wconf 84' lang='lat' dir='ltr'><strong><em>vero</em></strong></span> <span class='ocrx_word' id='word_1_121' title='bbox 545 3741 699 3808; x_wconf 76' lang='lat' dir='ltr'><strong><em>secesserit</em></strong></span> <span class='ocrx_word' id='word_1_122' title='bbox 728 3747 762 3807; x_wconf 81' lang='lat' dir='ltr'><strong><em>et</em></strong></span> <span class='ocrx_word' id='word_1_123' title='bbox 782 3741 830 3805; x_wconf 87' lang='lat' dir='ltr'><strong><em>ire</em></strong></span> <span class='ocrx_word' id='word_1_124' title='bbox 853 3740 1022 3822; x_wconf 79' lang='lat' dir='ltr'><strong><em>mntigerit</em></strong></span> <span class='ocrx_word' id='word_1_125' title='bbox 1054 3739 1138 3806; x_wconf 77' lang='lat' dir='ltr'><strong><em>ultre</em></strong></span> <span class='ocrx_word' id='word_1_126' title='bbox 1169 3740 1394 3826; x_wconf 73' lang='lat' dir='ltr'><strong><em>minianum,</em></strong></span> 
     </span>
     <span class='ocr_line' id='line_1_19' title="bbox 147 3843 1396 3927; baseline 0 -15"><span class='ocrx_word' id='word_1_127' title='bbox 147 3843 273 3912; x_wconf 80' lang='lat' dir='ltr'><strong><em>hebere</em></strong></span> <span class='ocrx_word' id='word_1_128' title='bbox 306 3843 423 3912; x_wconf 80' lang='lat' dir='ltr'><strong><em>debent</em></strong></span> <span class='ocrx_word' id='word_1_129' title='bbox 444 3845 496 3912; x_wconf 86' lang='lat' dir='ltr'><strong><em>die</em></strong></span> <span class='ocrx_word' id='word_1_130' title='bbox 518 3843 661 3926; x_wconf 85' lang='lat' dir='ltr'><strong><em>quolibet</em></strong></span> <span class='ocrx_word' id='word_1_131' title='bbox 681 3863 741 3927; x_wconf 86' lang='lat' dir='ltr'><strong><em>pro</em></strong></span> <span class='ocrx_word' id='word_1_132' title='bbox 763 3843 829 3910; x_wconf 87' lang='lat' dir='ltr'><strong><em>suis</em></strong></span> <span class='ocrx_word' id='word_1_133' title='bbox 852 3845 999 3926; x_wconf 78' lang='lat' dir='ltr'><strong><em>expensis</em></strong></span> <span class='ocrx_word' id='word_1_134' title='bbox 1033 3843 1136 3913; x_wconf 83' lang='lat' dir='ltr'><strong><em>vietus</em></strong></span> <span class='ocrx_word' id='word_1_135' title='bbox 1159 3847 1193 3910; x_wconf 80' lang='lat' dir='ltr'><strong><em>et</em></strong></span> <span class='ocrx_word' id='word_1_136' title='bbox 1215 3843 1396 3926; x_wconf 88' lang='lat' dir='ltr'><strong><em>prouisione</em></strong></span> 
     </span>
     <span class='ocr_line' id='line_1_20' title="bbox 145 3947 1393 4032; baseline -0.002 -15"><span class='ocrx_word' id='word_1_137' title='bbox 145 3966 229 4017; x_wconf 84' lang='lat' dir='ltr'><strong><em>sues</em></strong></span> <span class='ocrx_word' id='word_1_138' title='bbox 262 3965 418 4030; x_wconf 78' lang='lat' dir='ltr'><strong><em>personne</em></strong></span> <span class='ocrx_word' id='word_1_139' title='bbox 439 3953 474 4013; x_wconf 78' lang='lat' dir='ltr'><strong><em>vt</em></strong></span> <span class='ocrx_word' id='word_1_140' title='bbox 495 3965 593 4030; x_wconf 83' lang='lat' dir='ltr'><strong><em>snpra</em></strong></span> <span class='ocrx_word' id='word_1_141' title='bbox 623 3947 718 4014; x_wconf 84' lang='lat' dir='ltr'><strong><em>solid.</em></strong></span> <span class='ocrx_word' id='word_1_142' title='bbox 753 3947 875 4032; x_wconf 81' lang='lat' dir='ltr'><strong><em>viginti.</em></strong></span> <span class='ocrx_word' id='word_1_143' title='bbox 909 3947 959 4014; x_wconf 88' lang='lat' dir='ltr'><strong><em>De</em></strong></span> <span class='ocrx_word' id='word_1_144' title='bbox 982 3947 1053 4032; x_wconf 80' lang='lat' dir='ltr'><strong><em>slijs</em></strong></span> <span class='ocrx_word' id='word_1_145' title='bbox 1082 3965 1160 4014; x_wconf 82' lang='lat' dir='ltr'><strong><em>vero</em></strong></span> <span class='ocrx_word' id='word_1_146' title='bbox 1192 3947 1340 4032; x_wconf 80' lang='lat' dir='ltr'><strong><em>expensis</em></strong></span> <span class='ocrx_word' id='word_1_147' title='bbox 1361 3949 1393 4014; x_wconf 91' lang='lat' dir='ltr'><strong><em>in</em></strong></span> 
     </span>
     <span class='ocr_line' id='line_1_21' title="bbox 145 4049 1396 4135; baseline 0 -18"><span class='ocrx_word' id='word_1_148' title='bbox 145 4049 266 4117; x_wconf 79' lang='lat' dir='ltr'><strong><em>itinere</em></strong></span> <span class='ocrx_word' id='word_1_149' title='bbox 299 4049 442 4134; x_wconf 88' lang='lat' dir='ltr'><strong><em>ipsorum</em></strong></span> <span class='ocrx_word' id='word_1_150' title='bbox 475 4051 759 4135; x_wconf 84' lang='lat' dir='ltr'><strong><em>embsseieterum,</em></strong></span> <span class='ocrx_word' id='word_1_151' title='bbox 794 4052 878 4117; x_wconf 82' lang='lat' dir='ltr'><strong><em>sieut</em></strong></span> <span class='ocrx_word' id='word_1_152' title='bbox 906 4049 1206 4131; x_wconf 63' lang='lat' dir='ltr'><strong><em>assequemini,</em></strong></span> <span class='ocrx_word' id='word_1_153' title='bbox 1242 4069 1323 4133; x_wconf 86' lang='lat' dir='ltr'><strong><em>eque</em></strong></span> <span class='ocrx_word' id='word_1_154' title='bbox 1346 4050 1396 4118; x_wconf 84' lang='lat' dir='ltr'><strong><em>vel</em></strong></span> 
     </span>
     <span class='ocr_line' id='line_1_22' title="bbox 146 4154 1198 4240; baseline -0.003 -18"><span class='ocrx_word' id='word_1_155' title='bbox 146 4156 258 4240; x_wconf 79' lang='lat' dir='ltr'><strong><em>beree,</em></strong></span> <span class='ocrx_word' id='word_1_156' title='bbox 282 4160 317 4221; x_wconf 84' lang='lat' dir='ltr'><strong><em>et</em></strong></span> <span class='ocrx_word' id='word_1_157' title='bbox 338 4155 411 4240; x_wconf 79' lang='lat' dir='ltr'><strong><em>slijs</em></strong></span> <span class='ocrx_word' id='word_1_158' title='bbox 434 4155 599 4238; x_wconf 87' lang='lat' dir='ltr'><strong><em>similibus,</em></strong></span> <span class='ocrx_word' id='word_1_159' title='bbox 622 4161 787 4222; x_wconf 74' lang='lat' dir='ltr'><strong><em>remaneat</em></strong></span> <span class='ocrx_word' id='word_1_160' title='bbox 807 4154 840 4219; x_wconf 90' lang='lat' dir='ltr'><strong><em>in</em></strong></span> <span class='ocrx_word' id='word_1_161' title='bbox 862 4155 1044 4236; x_wconf 84' lang='lat' dir='ltr'><strong><em>prouisione</em></strong></span> <span class='ocrx_word' id='word_1_162' title='bbox 1067 4155 1198 4240; x_wconf 83' lang='lat' dir='ltr'><strong><em>mnsilij.</em></strong></span> 
     </span>
    </p>
   </div>
   <div class='ocr_carea' id='block_1_8' title="bbox 357 4383 1196 4430">
    <p class='ocr_par' dir='ltr' id='par_1_9' title="bbox 357 4383 1196 4430">
     <span class='ocr_line' id='line_1_23' title="bbox 357 4383 1196 4430; baseline -0.005 -2"><span class='ocrx_word' id='word_1_163' title='bbox 357 4384 425 4428; x_wconf 74' lang='grc' dir='ltr'><strong>ΟΑΡ.</strong></span> <span class='ocrx_word' id='word_1_164' title='bbox 448 4385 496 4428; x_wconf 89' lang='lat'><em>111.</em></span> <span class='ocrx_word' id='word_1_165' title='bbox 520 4385 674 4430; x_wconf 74' lang='lat' dir='ltr'><strong><em>mom</em></strong></span> <span class='ocrx_word' id='word_1_166' title='bbox 697 4383 924 4428; x_wconf 62' lang='lat' dir='ltr'><strong><em>emmunim</em></strong></span> <span class='ocrx_word' id='word_1_167' title='bbox 946 4385 1017 4428; x_wconf 74' lang='lat' dir='ltr'><strong><em>snm</em></strong></span> <span class='ocrx_word' id='word_1_168' title='bbox 1039 4385 1196 4428; x_wconf 75' lang='lat' dir='ltr'><strong><em>monum.</em></strong></span> 
     </span>
    </p>
   </div>
   <div class='ocr_carea' id='block_1_9' title="bbox 145 4515 1394 4807">
    <p class='ocr_par' dir='ltr' id='par_1_10' title="bbox 145 4515 1394 4807">
     <span class='ocr_line' id='line_1_24' title="bbox 193 4515 1390 4600; baseline 0.002 -18"><span class='ocrx_word' id='word_1_169' title='bbox 193 4517 273 4583; x_wconf 82' lang='lat' dir='ltr'><strong><em>Item</em></strong></span> <span class='ocrx_word' id='word_1_170' title='bbox 296 4517 330 4582; x_wconf 88' lang='lat' dir='ltr'><strong><em>iu</em></strong></span> <span class='ocrx_word' id='word_1_171' title='bbox 348 4517 464 4588; x_wconf 88' lang='lat' dir='ltr'><strong><em>eodem</em></strong></span> <span class='ocrx_word' id='word_1_172' title='bbox 488 4516 619 4588; x_wconf 76' lang='lat' dir='ltr'><strong><em>sensilis</em></strong></span> <span class='ocrx_word' id='word_1_173' title='bbox 640 4522 778 4600; x_wconf 80' lang='lat' dir='ltr'><strong><em>ceptum,</em></strong></span> <span class='ocrx_word' id='word_1_174' title='bbox 802 4518 969 4583; x_wconf 74' lang='lat' dir='ltr'><strong><em>obtentum</em></strong></span> <span class='ocrx_word' id='word_1_175' title='bbox 984 4521 1019 4582; x_wconf 83' lang='lat' dir='ltr'><strong><em>et</em></strong></span> <span class='ocrx_word' id='word_1_176' title='bbox 1033 4515 1192 4584; x_wconf 81' lang='lat' dir='ltr'><strong><em>firmatum</em></strong></span> <span class='ocrx_word' id='word_1_177' title='bbox 1214 4515 1283 4592; x_wconf 82' lang='lat' dir='ltr'><strong><em>fuit,</em></strong></span> <span class='ocrx_word' id='word_1_178' title='bbox 1304 4516 1390 4600; x_wconf 85' lang='lat' dir='ltr'><strong><em>quod</em></strong></span> 
     </span>
     <span class='ocr_line' id='line_1_25' title="bbox 146 4619 1394 4708; baseline 0 -22"><span class='ocrx_word' id='word_1_179' title='bbox 146 4621 343 4704; x_wconf 81' lang='lat' dir='ltr'><strong><em>quicumque</em></strong></span> <span class='ocrx_word' id='word_1_180' title='bbox 365 4639 454 4703; x_wconf 81' lang='lat' dir='ltr'><strong><em>puer,</em></strong></span> <span class='ocrx_word' id='word_1_181' title='bbox 491 4619 542 4686; x_wconf 84' lang='lat' dir='ltr'><strong><em>vel</em></strong></span> <span class='ocrx_word' id='word_1_182' title='bbox 564 4619 689 4687; x_wconf 88' lang='lat' dir='ltr'><strong><em>iuuenis</em></strong></span> <span class='ocrx_word' id='word_1_183' title='bbox 713 4621 809 4688; x_wconf 83' lang='lat' dir='ltr'><strong><em>inerit</em></strong></span> <span class='ocrx_word' id='word_1_184' title='bbox 831 4621 936 4704; x_wconf 87' lang='lat' dir='ltr'><strong><em>elique</em></strong></span> <span class='ocrx_word' id='word_1_185' title='bbox 960 4619 1027 4686; x_wconf 89' lang='lat' dir='ltr'><strong><em>sine</em></strong></span> <span class='ocrx_word' id='word_1_186' title='bbox 1050 4619 1179 4692; x_wconf 74' lang='lat' dir='ltr'><strong><em>licentia</em></strong></span> <span class='ocrx_word' id='word_1_187' title='bbox 1197 4621 1308 4708; x_wconf 76' lang='lat' dir='ltr'><strong><em>petiis,</em></strong></span> <span class='ocrx_word' id='word_1_188' title='bbox 1342 4621 1394 4693; x_wconf 77' lang='lat' dir='ltr'><strong><em>uel</em></strong></span> 
     </span>
     <span class='ocr_line' id='line_1_26' title="bbox 145 4723 1394 4807; baseline -0.006 -9"><span class='ocrx_word' id='word_1_189' title='bbox 145 4723 275 4806; x_wconf 75' lang='lat' dir='ltr'><strong><em>mutuis.</em></strong></span> <span class='ocrx_word' id='word_1_190' title='bbox 296 4723 348 4794; x_wconf 72' lang='lat' dir='ltr'><strong><em>vel</em></strong></span> <span class='ocrx_word' id='word_1_191' title='bbox 369 4723 523 4802; x_wconf 77' lang='lat' dir='ltr'><strong><em>meierum</em></strong></span> <span class='ocrx_word' id='word_1_192' title='bbox 548 4741 688 4807; x_wconf 84' lang='lat' dir='ltr'><strong><em>suorum,</em></strong></span> <span class='ocrx_word' id='word_1_193' title='bbox 711 4743 775 4794; x_wconf 86' lang='lat' dir='ltr'><strong><em>non</em></strong></span> <span class='ocrx_word' id='word_1_194' title='bbox 787 4723 988 4799; x_wconf 71' lang='lat' dir='ltr'><strong><em>obseruando</em></strong></span> <span class='ocrx_word' id='word_1_195' title='bbox 1003 4742 1111 4794; x_wconf 76' lang='lat' dir='ltr'><strong><em>seeum</em></strong></span> <span class='ocrx_word' id='word_1_196' title='bbox 1127 4723 1285 4806; x_wconf 66' lang='lat' dir='ltr'><strong><em>mindens,</em></strong></span> <span class='ocrx_word' id='word_1_197' title='bbox 1308 4725 1394 4806; x_wconf 88' lang='lat' dir='ltr'><strong><em>quod</em></strong></span> 
     </span>
    </p>
   </div>
   <div class='ocr_carea' id='block_1_10' title="bbox 0 0 1705 5402">
    <p class='ocr_par' dir='ltr' id='par_1_11' title="bbox 0 0 1705 5402">
     <span class='ocr_line' id='line_1_27' title="bbox 0 0 1705 5402; baseline 0 0"><span class='ocrx_word' id='word_1_198' title='bbox 0 0 1705 5402; x_wconf 95' lang='lat' dir='ltr'><strong><em> </em></strong></span> 
     </span>
    </p>
   </div>
  </div>
 </body>
</html>
