3434 5368
350 421 393 479 40

345 623 446 690 bladis
470 629 502 688 et
522 623 555 688 in
579 622 682 706 rebus,
707 621 809 703 (cuis
832 639 931 704 pene
961 622 1203 688 extrahatur
1233 625 1363 705 primo
1386 621 1582 704 capitale,

347 728 394 793 de
427 727 593 792 residuo
628 729 743 806 uero)
767 726 792 792 si
816 732 981 792 accusator
1015 728 1138 792 uenerit
1160 728 1200 793 ad
1221 735 1388 808 patronum
1411 733 1444 792 et
1467 726 1586 792 dixerit

345 831 581 904 maliiactorenr,
605 835 756 912 patronus
777 849 846 895 cum
863 836 1046 896 accusatore
1070 832 1278 914 (habeant)
1303 839 1367 898 tres
1384 832 1528 914 partes;¹
1553 837 1587 896 et

346 939 372 1003 si
389 942 555 1003 accusator
572 935 694 1000 uenerit
710 935 751 999 ad
767 937 895 1014 curiam,
919 935 1149 1001 manifestando
1166 937 1412 1016 malefactorem,
1428 943 1587 1018 patronus

346 1041 463 1108 habeat
496 1040 596 1106 solum
633 1041 761 1106 terciam
794 1046 916 1121 partem
940 1047 972 1105 et
994 1058 1158 1107 commuue
1191 1059 1261 1106 cum
1286 1046 1469 1107 accusatore
1504 1041 1588 1106 duas

345 1151 467 1228 partem
505 1150 538 1209 et
560 1144 587 1208 si
610 1143 777 1208 tradiderit
799 1144 935 1225 aliquam
960 1163 1125 1226 personam
1147 1145 1299 1224 bominis,
1333 1151 1463 1228 propter
1498 1144 1587 1226 quod

345 1249 441 1316 fuerit
463 1249 610 1328 bominis,
646 1254 775 1329 propter
809 1249 893 1330 quod
917 1248 1012 1314 fuerit
1046 1250 1163 1316 furtiue
1197 1257 1339 1316 extracta
1361 1251 1401 1316 de
1422 1251 1532 1315 insula
1555 1255 1589 1314 et

347 1356 406 1419 sibi
428 1354 594 1436 probatum
619 1351 715 1416 inerit
735 1368 791 1432 per
814 1357 907 1416 vuum
930 1353 1076 1419 idoneum
1100 1360 1225 1430 testem,
1260 1355 1284 1419 si
1308 1355 1457 1420 fueritin
1481 1355 1587 1420 serui-

346 1458 465 1536 tudiue,
500 1459 649 1522 restituat
671 1463 806 1538 patrono
829 1475 986 1538 yperpera
1009 1460 1131 1540 uiginti,
1166 1461 1217 1524 uel
1240 1461 1358 1525 seruiat
1380 1461 1409 1524 ei
1433 1457 1588 1540 quamdiu

348 1563 523 1630 restituerit
545 1581 681 1627 seruum.
706 1561 757 1626 uel
774 1562 935 1640 ancillam,
960 1569 994 1627 et
1009 1563 1035 1627 si
1051 1563 1146 1628 fuerit
1161 1563 1251 1641 liber,
1275 1563 1327 1629 uel
1344 1565 1454 1644 libera,
1479 1563 1589 1630 soluat

349 1667 625 1750 propinquioribus
649 1667 689 1730 de
712 1667 875 1748 parentela
907 1686 1064 1748 yperpera
1098 1668 1227 1750 triginta
1250 1673 1282 1734 et
1305 1669 1345 1733 sit
1375 1669 1406 1732 iu
1426 1665 1590 1734 'seruitute

349 1771 394 1836 illi
416 1772 608 1854 propinquo;
642 1778 674 1835 ot
698 1773 723 1834 si
748 1789 809 1836 nou
832 1774 974 1852 potuerit
996 1772 1130 1858 soluere,
1163 1773 1276 1854 perdat
1299 1793 1392 1838 vnum
1416 1775 1533 1856 pedem
1556 1779 1589 1838 et
1682 1843 1684 1854 ,

349 1876 548 1942 nihilominus
573 1877 614 1940 sit
637 1876 666 1939 in
692 1877 860 1958 seruitute,
895 1893 989 1956 quarn
1012 1877 1065 1940 diu
1088 1878 1262 1944 restituerit
1294 1896 1462 1959 personam
1485 1877 1588 1943 tradi-

350 1986 431 2060 tam;
456 1987 488 2046 et
510 1981 535 2046 si
558 1979 683 2062 fugerit,
708 1979 749 2043 sit
772 1980 802 2043 in
825 1981 932 2046 banuo
955 1982 1148 2062 perpetuati,
1184 1987 1217 2047 et
1239 1981 1353 2063 perdat
1374 1981 1480 2048 omnia
1503 1981 1589 2047 bona
1682 2005 1684 2016 ¹

352 2105 418 2171 sua,
443 2085 482 2152 de
505 2085 618 2165 quibus
641 2085 756 2148 dentur
770 2085 1045 2165 propinquioribus
1061 2105 1216 2168 yperpera
1231 2087 1360 2168 triginta
1376 2091 1408 2150 et
1424 2087 1587 2150 residuum

352 2189 500 2257 deueniat
522 2189 552 2254 iu
576 2207 748 2254 commuue.
1221 2219 1224 2226 -

673 2405 739 2446 ΜΡ.
764 2406 830 2446 ῙιΠΙ.
854 2406 895 2446 ΒΕ
918 2405 1142 2447 anamundaro
1165 2405 1260 2448 sams.

394 2521 474 2592 bem
497 2525 649 2586 statutum
666 2529 699 2585 et
714 2521 892 2587 ordinatum
907 2526 965 2600 est,
991 2523 1075 2602 quod
1091 2522 1263 2586 secundum
1286 2521 1369 2602 quod
1392 2519 1590 2587 ordinauerit

351 2627 455 2706 curia,
489 2625 541 2691 uel
564 2625 662 2690 maior
686 2645 758 2707 pars
781 2627 866 2690 curie
898 2646 994 2708 super
1017 2625 1100 2691 facto
1125 2627 1215 2704 salio,
1252 2626 1438 2691 obseruator
1461 2627 1493 2690 iu
1517 2643 1589 2706 per-

989 2731 1002 2758 0

351 2737 491 2813 potuum.

641 2891 707 2936 ΟΔΡ.
731 2893 793 2935 LIV.
817 2895 858 2935 DE
881 2894 1089 2937 Pnaeussrouu
1112 2893 1295 2935 INFANOIUM.

398 3009 477 3074 Item
501 3009 685 3085 statuimus,
721 3010 805 3090 quod
828 3009 929 3074 infans
952 3029 971 3075 a
994 3009 1230 3091 quatuordecim
1254 3009 1342 3074 anuis
1365 3013 1398 3072 et
1420 3007 1521 3085 iufra,
1556 3012 1589 3074 et

356 3111 473 3180 fendna
495 3113 647 3187 similiter,
671 3115 734 3197 qui,
758 3114 810 3179 uei
833 3133 894 3195 que
909 3112 1019 3178 fecerit
1041 3112 1161 3194 aliquid
1184 3113 1224 3178 de
1248 3110 1408 3194 maleficiJs
1431 3112 1589 3192 prenomi-

356 3217 441 3281 natis
457 3217 489 3280 in
504 3217 643 3298 presenti
664 3217 821 3282 uolumine
841 3223 1038 3294 statutorum,
1063 3227 1224 3283 remaneat
1238 3217 1269 3280 in
1285 3215 1488 3298 prouideucia
1502 3213 1590 3280 curie

356 3327 389 3386 et
411 3322 501 3402 parui
525 3321 662 3400 consilij,
697 3322 737 3386 ad
759 3322 949 3404 puniendum
974 3341 1060 3398 errru,
1092 3322 1143 3386 nel
1166 3341 1252 3398 eam,
1287 3325 1381 3402 prout
1403 3320 1448 3384 eis
1472 3319 1587 3384 iustius
1682 3385 1684 3406 Ε

357 3424 524 3491 uidebitur.

648 3591 714 3632 OAP.
738 3591 787 3632 ΙΝ.
811 3591 852 3632 ΒΕ
875 3591 1173 3634 Rhasrnmmaxrmus
1196 3590 1293 3632 DEUM.

401 3725 480 3790 Item
504 3724 682 3804 statuimus,
707 3727 790 3805 qnod
814 3728 841 3790 si
863 3727 933 3808 quis
957 3726 1224 3808 blasphemauerit
1246 3725 1358 3798 Deum,
1389 3724 1439 3790 uel
1463 3731 1590 3788 sanctos
1682 3725 1684 3814 ξ

358 3848 432 3895 suos
455 3827 506 3892 uel
530 3836 727 3896 sacramenta
750 3831 883 3896 ecclesie
904 3837 937 3896 ct
960 3832 1128 3911 probatum
1151 3829 1245 3895 fuerit
1260 3849 1318 3910 per
1334 3847 1427 3893 vnum
1444 3829 1590 3894 idoneum
1683 3899 1684 3904 ἵ

358 3937 481 4010 testem,
515 3933 618 3998 soluat
639 3953 830 4016 yperperum
854 3953 949 3998 vnum
972 3937 1053 4000 etsi
1076 3954 1138 4000 non
1161 3934 1278 4015 poterit
1310 3932 1433 3998 soluere
1456 3931 1496 3997 de
1520 3951 1589 4014 pre-

357 4037 456 4122 senti,
491 4037 607 4118 ligetur
630 4039 670 4103 ad
693 4039 817 4122 palum,
853 4045 885 4104 et
909 4045 973 4103 stet
995 4059 1051 4121 per
1073 4058 1165 4103 virum
1197 4039 1278 4103 diem
1302 4037 1427 4119 ligatus.
1462 4036 1506 4100 Et
1528 4035 1589 4110 ille,
1682 4087 1684 4100 ,

358 4140 411 4221 qui
433 4138 691 4226 manifestarent,
716 4143 833 4208 babeat
855 4141 1058 4210 medietatem
1081 4143 1185 4209 banni.

404 4333 414 4368 ¹
432 4337 475 4395 Co
486 4338 512 4396 d.
538 4337 616 4410 Cap.
634 4341 793 4412 corruptam
809 4340 857 4397 hio
872 4340 930 4398 loco
946 4340 1061 4413 praebet
1076 4340 1239 4398 lectionem:
1267 4339 1386 4412 „perdat
1401 4337 1592 4410 quadruplum

358 4424 388 4483 in
404 4423 496 4482 bladis
513 4427 540 4481 et
556 4426 582 4482 in
600 4425 692 4502 rebus,
710 4443 863 4498 quarum
879 4429 972 4485 diras
988 4429 1136 4500 partes,
1160 4428 1183 4484 si
1201 4427 1348 4484 accusator
1363 4426 1473 4483 uenerit
1489 4425 1524 4484 ad
1543 4442 1591 4498 pa·

358 4513 470 4570 tronum
488 4513 515 4570 ot
532 4513 634 4570 dixerit
656 4511 870 4590 malifactorarn,
894 4517 1027 4587 patronus
1051 4531 1113 4572 oum
1136 4515 1299 4572 accusatore
1324 4515 1383 4570 tres
1406 4511 1519 4586 partes“
1540 4516 1589 4570 eto.

358 4598 517 4658 Lectionum
534 4598 607 4658 hano
622 4601 658 4657 ad
673 4601 765 4658 instar
781 4602 946 4680 scotomiae,
963 4602 991 4658 in
1007 4618 1058 4674 cap
1084 4601 1149 4658 xlx.
1177 4602 1236 4683 „Dc
1253 4599 1427 4660 latronibus“
1446 4600 1530 4670 latae,
1555 4598 1589 4656 ad

302 4705 306 4714 ’
360 4702 445 4760 quam
461 4687 489 4744 ot
504 4687 677 4760 praescripta
692 4685 777 4762 hujus
793 4705 854 4762 cap.
871 4691 1009 4762 spectant,
1027 4689 1228 4750 emundandam
1243 4703 1304 4748 esse
1320 4687 1487 4746 censuimus.
