3436 5362
1577 391 1578 394 ¹
1650 367 1713 416 *a

1599 417 1708 454 ,ν,

1381 457 1422 520 47
1639 497 1659 506 --
1685 503 1716 523 t

1691 541 1699 562 ι’

1684 563 1690 576 ἱ

1681 587 1698 608 *a

174 651 266 732 quod
280 652 343 732 ipsi
359 652 499 718 debeant
513 653 653 735 incipere
676 673 786 720 eorum
810 654 986 720 custodiam
1002 655 1034 720 iu
1049 655 1203 721 Kalendis
1219 657 1292 724 talis
1308 659 1427 724 mensis
1501 659 1506 668 '

180 760 217 820 et
238 756 325 836 quod
357 755 497 822 debeant
525 757 609 822 omni
640 761 733 824 nocte
764 758 864 838 ipsam
896 759 1074 824 custodiam
1104 759 1210 824 lacere
1239 779 1297 842 per
1326 767 1429 828 toturn

177 859 301 924 dictum
322 878 464 926 mensem
480 865 514 925 et
528 861 719 942 quicumque
744 880 808 928 non
830 861 929 928 fuerit
950 869 1096 944 repertus
1120 863 1161 928 ad
1180 864 1298 946 ipsam¹
1322 873 1429 931 custo·

179 961 267 1026 diam
291 965 353 1029 sibi
375 965 567 1046 impositam,
598 984 655 1047 pro
680 965 763 1030 omni
792 967 989 1048 nocteque
1011 985 1075 1032 non
1098 975 1184 1032 esset
1213 969 1363 1036 inuentus
1386 971 1427 1035 ad

177 1066 301 1148 ipsam⁹
324 1069 500 1134 custodiam
523 1087 581 1150 per·
603 1069 754 1134 familiam
778 1069 854 1136 dicti
870 1071 986 1136 domini
1010 1071 1188 1150 potcstatis,
1212 1072 1318 1138 soluat
1341 1091 1426 1140 com-

179 1173 267 1236 muni
281 1170 480 1253 Spalatensi³
495 1173 633 1254 quinque
650 1174 768 1250 soldos,
785 1175 845 1238 nisi
861 1174 1007 1240 habuerit
1022 1177 1138 1241 iustum
1156 1176 1424 1261 impedimentum,

179 1273 266 1355 quod
289 1275 407 1340 iustum
438 1276 714 1358 impedimentum*
736 1283 884 1344 teneatur
914 1280 1050 1360 probare
1080 1279 1226 1346 adminus
1248 1299 1306 1362 per
1329 1301 1426 1348 unum

180 1383 296 1444 testem
313 1385 344 1444 et
368 1397 538 1461 persuum
564 1387 805 1446 sacramentum.
830 1381 942 1446 Dictus
966 1387 1072 1448 nutem
1096 1381 1237 1449 otfitialis
1258 1404 1316 1466 pro
1341 1387 1425 1453 dicto

181 1500 264 1546 anno
295 1482 416 1548 babere
447 1483 605 1550 debeata
628 1503 793 1550 contmune
822 1504 880 1566 pro
904 1503 962 1550 suo
986 1486 1103 1552 salario
1126 1489 1224 1552 xxxl·
1237 1489 1344 1556 soldos
1367 1509 1425 1572 pro

179 1585 323 1665 quolibet
350 1605 469 1652 mense.
505 1587 549 1651 Et
578 1589 663 1668 quod
692 1589 732 1652 ad
764 1589 880 1654 dictam
909 1591 1085 1656 custodiam
1115 1590 1291 1658 faciendam
1321 1594 1426 1660 nullus

178 1687 320 1754 forensis
335 1709 393 1772 pro
409 1691 515 1771 aliquo
531 1693 602 1756 ciue
619 1693 734 1758 debeat
756 1694 812 1776 ire,
838 1693 895 1759 sed
919 1693 993 1759 dicti
1017 1695 1167 1761 custodes
1191 1697 1330 1763 debeant
1352 1717 1426 1766 esse

180 1794 268 1859 ciues
291 1800 326 1860 et
347 1795 546 1862 habitatores
570 1796 654 1876 dicte
679 1797 817 1863 ciuitatis
838 1795 960 1878 Spalati
977 1805 1010 1864 et
1025 1800 1162 1865 maiores
1188 1802 1293 1879 etate⁶
1317 1802 1425 1870 decem

181 1903 216 1962 et
239 1903 311 1964 octo
334 1918 499 1965 annorum.

439 2131 506 2174 cu.
530 2131 583 2172 nn.
608 2133 650 2172 DE
671 2133 782 2175 FUB'HS
807 2134 969 2176 oommssm
992 2136 1034 2176 DE
1056 2135 1165 2179 NOGTE.

222 2244 303 2310 Item
328 2252 484 2312 statutum
500 2253 533 2312 et
549 2247 729 2313 ordinatum
745 2253 805 2329 est,
830 2249 915 2330 quod
932 2251 958 2313 si
974 2250 1103 2330 aliquod
1125 2249 1244 2316 furtum
1268 2251 1308 2318 de
1330 2258 1423 2318 nocte

178 2346 273 2416 fieret
294 2349 328 2414 in
350 2350 481 2417 ciuitate
498 2350 620 2433 Spoleti
645 2351 684 2416 dc
709 2353 877 2432 segetibus
901 2353 1109 2419 existentibus
1132 2355 1172 2418 ad
1198 2357 1349 2420 marinam
1373 2357 1424 2423 uel

178 2452 220 2518 de
239 2452 312 2535 alijs
334 2454 441 2532 rebus,
472 2453 653 2522 ualentibus
684 2456 787 2520 minus
819 2462 947 2521 centum
977 2457 1076 2524 soldis
1100 2465 1134 2524 et
1155 2475 1218 2522 non
1249 2459 1353 2540 possit
1373 2479 1425 2526 re·

177 2557 276 2637 periri
300 2557 495 2641 malefactor,
520 2560 606 2639 quod
626 2559 701 2624 dicti
725 2561 873 2626 custodes
896 2559 980 2626 illius
1004 2561 1073 2640 loci,
1097 2561 1152 2627 ubi
1170 2562 1288 2627 dictum
1304 2562 1423 2629 furtum

177 2659 298 2726 factum
332 2667 427 2740 esset,
463 2667 634 2727 teneantur
664 2663 782 2728 dictum
813 2663 982 2728 damnum
1009 2682 1066 2730 seu
1097 2664 1217 2730 furtum
1252 2669 1424 2733 emendare

176 2781 279 2844 usque
303 2765 343 2830 ad
367 2765 510 2832 ualerem
541 2767 624 2845 dicte
657 2768 846 2847 quantitatis
877 2773 1004 2832 centnm
1038 2768 1209 2850 soldorum,
1241 2772 1283 2834 ad
1306 2770 1366 2836 hoc
1388 2780 1424 2836 ut

179 2866 254 2932 dicti
280 2870 429 2935 custodes
453 2870 493 2936 de
510 2877 602 2936 nocte
626 2871 794 2951 diligenter
816 2871 983 2936 intendant
1006 2872 1046 2936 ad
1070 2873 1245 2938 custodiam
1268 2875 1423 2954 ciuitatis;

177 2969 265 3036 facta
288 2974 480 3053 competenti
503 2974 691 3053 probatione
707 2974 746 3038 ab
763 2973 827 3052 illo,
853 2975 906 3054 qui
931 2976 1070 3052 dixerit⁷‚
1096 2975 1213 3042 furtum
1229 2979 1289 3042 sibi
1305 2977 1424 3044 factum

179 3093 253 3141 esse
277 3075 327 3140 et8
349 3075 465 3142 dictum
490 3077 609 3142 furtum
634 3077 694 3142 sibi
713 3076 831 3142 factum
854 3077 960 3143 luerit.
985 3077 1054 3158 Que
1071 3085 1253 3160 competens
1275 3082 1421 3163 probatio

178 3186 345 3244 remaneat
366 3180 398 3244 in
422 3181 623 3262 prouidentia
646 3181 817 3262 potestatis
841 3201 898 3247 seu
920 3183 1055 3248 rectoris
1078 3183 1214 3248 ciuitatis
1238 3183 1370 3266 Spalati.

620 3413 686 3455 OAP.
711 3413 778 3454 mn.
802 3413 844 3454 DE
866 3413 984 3456 EODEM.

222 3527 306 3594 Item
337 3531 492 3593 statutum
515 3533 548 3594 et
570 3529 750 3594 ordinatum
781 3535 838 3605 est,
870 3529 955 3610 quod
979 3528 1019 3594 ad
1042 3531 1143 3610 ipsam
1177 3529 1352 3596 custodiam
1375 3530 1421 3595 f-

178 3629 324 3697 ciendam
346 3649 409 3695 non
432 3638 600 3697 teneantur
624 3633 765 3714 orphani,
790 3633 885 3711 uiduq
910 3639 943 3698 et
964 3633 1162 3698 miserabiles
1186 3651 1331 3714 persone.
1356 3651 1419 3714 que

180 3754 245 3801 non
277 3735 397 3800 babent
418 3735 449 3799 in
473 3755 582 3800 eorum
614 3737 706 3801 domo
730 3737 780 3802 uel
805 3736 926 3800 familia
957 3737 1095 3818 aliquem
1126 3737 1299 3802 masculum
1332 3737 1420 3802 suffi-

180 3840 317 3905 cientem
334 3841 374 3904 ad
390 3840 490 3920 ipsam
514 3841 701 3906 custodiam.
726 3841 769 3904 Et
784 3841 844 3904 hoc
867 3847 968 3905 totum
993 3849 1156 3907 remaneat
1172 3843 1203 3904 in
1220 3841 1421 3922 prouidentia

178 3943 400 4024 potestatiset
417 3961 473 4023 sup
497 3943 594 4024 curie.
618 3944 680 4026 Alij
705 3963 781 4010 uero
805 3944 1000 4010 habitatores
1023 3945 1107 4024 dicte
1131 3945 1270 4010 ciuitatis
1295 3965 1313 4009 a
1337 3945 1422 4010 dicta

178 4046 326 4112 custodia
348 4046 549 4114 nullomodo
573 4067 607 4113 se
630 4049 760 4114 ualeant
782 4067 943 4114 excusare.

221 4151 314 4230 Item,
340 4151 424 4231 quod
441 4151 516 4216 dicti
541 4154 688 4219 custodes
705 4171 768 4219 non
784 4153 950 4219 discedant
965 4154 1005 4218 ab
1022 4171 1131 4219 eorum
1151 4153 1259 4237 postis,
1284 4153 1322 4216 ad
1341 4171 1421 4232 quaa

179 4293 383 4303 -ιμ--ι--κ-ικ-

226 4363 318 4440 ¹Ap‚
342 4363 469 4440 ajub:
505 4363 661 4438 „dictam“.
754 4359 880 4422 2ibid.
905 4381 930 4422 e.
956 4381 992 4421 m.
1096 4357 1215 4422 8Οοᾱ.
1239 4361 1345 4422 acad.
1369 4361 1423 4421 B.:

182 4445 456 4532 „spalatensium“;
480 4468 528 4526 ap.
553 4452 680 4527 Ljub.:
707 4444 870 4526 „Spalati“.
941 4447 952 4482 ⁴
986 4449 1078 4508 Deest
1100 4449 1128 4506 in
1152 4449 1229 4506 cod.
1254 4449 1359 4507 acad.
1384 4448 1420 4506 A.

182 4537 304 4599 ⁶Ood.
328 4536 434 4596 acad.
457 4537 509 4596 B.:
535 4532 691 4618 „hetate“;
714 4553 763 4611 ap.
786 4536 895 4612 Ljub.
921 4536 1012 4594 deest.
1091 4533 1209 4595 6Οοᾱ.
1242 4536 1345 4594 acad
1378 4535 1420 4592 B:

183 4618 391 4706 ⁷,dampnum“.
484 4621 574 4700 ⁷Ap.
599 4625 726 4699 Ljub.:
760 4621 882 4700 „dixit“.
975 4619 1094 4680 ⁸Cod.
1125 4620 1229 4680 acad.
1261 4622 1286 4679 B
1321 4627 1349 4678 ct
1372 4639 1420 4698 ap.

182 4712 308 4790 Ljub.:
338 4709 465 4785 „quod“.
