3434 5368
1396 510 1435 572 25

401 735 479 782 111.
503 737 567 780 xm.
592 737 634 780 nn
656 737 847 780 1111111111
870 736 1000 780 nucum
1022 713 1216 780 1111111111.ι

238 835 319 899 Item
342 833 527 914 statuimus,
562 835 695 916 quodsi
720 834 833 916 aliquis
860 833 1194 916 piacitaueritcoram
1216 835 1349 914 comite,
1383 835 1437 901 uel

193 937 382 1004 uicecomite
404 939 456 1006 uel
479 940 546 1005 eius
570 941 657 1005 curia
680 939 720 1004 de
734 941 899 1023 yperperis
914 939 955 1021 xij
974 957 1079 1021 supra,
1104 939 1209 1021 possit
1224 943 1349 1022 pettere
1364 958 1437 1022 par·

193 1061 272 1108 uum
296 1043 460 1108 consilinm
482 1049 517 1108 vt
539 1061 610 1110 esse
632 1043 749 1110 debeat
769 1045 861 1110 simul
885 1061 956 1110 cum
979 1044 1095 1110 comite
1118 1049 1245 1110 etcum
1268 1042 1333 1108 suis
1356 1043 1437 1108 iudi·

191 1145 287 1212 cibus
309 1146 350 1212 ad
373 1145 492 1212 dictum
515 1147 665 1229 placitum
689 1148 901 1230 iudicandum,
925 1147 1013 1215 saluo
1036 1147 1121 1230 quod
1143 1149 1176 1212 in
1198 1147 1283 1214 dicto
1306 1145 1436 1215 consilio

192 1249 248 1314 nel
271 1249 387 1316 iudicio
410 1251 479 1316 sine
502 1253 664 1318 sentencia
685 1251 800 1334 aliquis
824 1251 865 1319 de
887 1253 954 1318 suis
969 1252 1154 1336 propinquis
1169 1269 1241 1318 esse
1256 1269 1319 1317 non
1334 1250 1437 1333 possit

191 1353 359 1434 usquead
381 1354 513 1420 tercium
544 1354 693 1437 gradum,
730 1355 819 1422 saluo
843 1361 950 1422 tamen
983 1355 1103 1422 bonore
1126 1359 1159 1421 et
1181 1355 1250 1422 iure
1285 1353 1361 1422 dicti
1384 1371 1436 1419 co·

191 1455 281 1521 mitis
303 1459 338 1521 et
360 1459 527 1525 comitatus
550 1477 612 1524 non
636 1464 782 1526 teneatur
805 1461 836 1525 in
860 1460 944 1526 dicto
975 1465 1113 1540 statuto,
1129 1459 1131 1464 '
1150 1460 1224 1542 qnia
1246 1459 1364 1524 dictum
1387 1461 1438 1524 est

190 1557 227 1623 in
248 1559 320 1644 atio,
345 1559 430 1642 qnod
448 1557 516 1627 fleri
539 1562 645 1628 debet.

397 1739 464 1782 oar.
488 1737 567 1782 xvn.
590 1739 633 1782 on
654 1723 897 1785 noommmmm
913 1737 1050 1786 11111111
1071 1713 1229 1786 1111111.ἱ

239 1835 322 1902 Item
355 1839 524 1906 statuimus
554 1858 612 1922 per
634 1859 709 1918 nos,
743 1841 877 1921 quodsi
900 1841 1013 1924 eiiquis
1047 1845 1157 1906 noster
1188 1838 1266 1908 ciuis
1300 1837 1359 1906 ibit
1380 1856 1439 1920 per

191 1943 337 2004 nostram
358 1940 495 2007 insulam
518 1948 551 2008 et
573 1943 684 2008 inisset
706 1943 746 2008 ad
769 1944 890 2010 bestias
910 1943 1044 2010 alicuius
1058 1944 1194 2012 hominis
1213 1947 1248 2010 et
1262 1939 1439 2026 accepisset

192 2048 361 2125 capretum
376 2045 429 2111 uel
445 2046 604 2130 agnellum
627 2046 773 2132 aliquem,
797 2048 958 2130 quoditie,
983 2049 1036 2130 qui
1056 2047 1199 2132 accipiet,
1223 2047 1327 2114 soluat
1341 2063 1436 2110 vnum

192 2165 395 2230 yper-perum.

622 2277 690 2322 OAP·
714 2277 805 2320 xvm.
828 2277 870 2320 DE
892 2279 1008 2322 EODEM.

239 2371 320 2438 Item
343 2373 371 2440 si
393 2375 571 2492 accepisset
603 2375 737 2442 bostiam
760 2376 801 2442 de
832 2393 914 2444 anno
936 2377 969 2442 in
991 2376 1053 2444 alio
1087 2381 1194 2444 natam
1225 2374 1310 2458 quod
1332 2372 1437 2441 111111

192 2491 371 2568 yperperos
393 2495 434 2560 113
458 2479 485 2545 si
508 2477 654 2546 dominus
676 2479 730 2544 uel
752 2484 862 2562 pastor
884 2498 919 2546 se
942 2480 1150 2546 lamentasset
1172 2497 1222 2558 eo,
1245 2478 1329 2561 quod
1344 2476 1438 2544 detur

193 2575 277 2644 tides
299 2579 426 2646 domino
448 2581 501 2647 uel
523 2582 644 2664 pastori
666 2583 756 2648 ouius
778 2582 839 2648 erit
860 2581 966 2648 bestia
989 2583 1058 2650 siue
1080 2583 1184 2649 bestie
1206 2586 1240 2648 et
1263 2579 1348 2663 quod
1372 2579 1435 2646 sol·

192 2681 305 2745 nstin
327 2681 501 2750 continenti
535 2691 609 2750 ante
643 2685 802 2750 racionem
825 2689 859 2751 et
880 2685 906 2750 si
930 2703 993 2750 non
1028 2685 1177 2752 sciuisset
1198 2685 1230 2749 in
1253 2682 1435 2762 continenti,

193 2783 281 2863 quod
304 2785 409 2851 soluat
431 2787 569 2869 quinque
590 2805 764 2872 yperperos
780 2793 814 2856 et
829 2787 914 2871 quod
931 2787 1104 2872 supradicti
1127 2789 1266 2870 quinquo
1288 2785 1437 2870 yperperi

195 2886 261 2952 sint
283 2891 317 2954 11
339 2906 411 2955 esse
445 2889 583 2959 debeant
616 2892 790 2959 communis
822 2911 880 2974 per
902 2891 1105 2959 medietatem
1127 2896 1162 2960 et
1183 2891 1247 2958 alia
1280 2889 1437 2958 medietas

194 2990 364 3074 pemeniat
385 2991 511 3060 domino
534 2995 643 3061 bestie.

498 3171 566 3215 ΟΑΡ.
589 3167 656 3216 nx.
679 3169 722 3216 D!
743 3169 953 3218 ΓΙΒΟΠΕΒῙΟΠ
974 3171 1130 3217 ennom.

238 3263 319 3332 Item
342 3265 475 3336 dicimus
498 3271 582 3352 quod
606 3269 633 3336 si
656 3277 765 3352 quator
782 3271 896 3353 aliquis
912 3271 1121 3354 percussisset
1135 3267 1273 3353 aliquem
1289 3269 1329 3337 de
1345 3275 1437 3352 petra

193 3365 307 3435 uelde
330 3369 466 3438 11111111
488 3373 529 3440 de
552 3373 658 3456 aliqua
680 3393 778 3460 amna,
802 3375 887 3456 quod
909 3379 1017 3456 portet
1034 3375 1121 3440 illam
1137 3389 1261 3455 penam,
1284 3389 1347 3456 que
1362 3391 1435 3440 oon·

194 3469 316 3538 tinetnr
335 3474 368 3538 in
390 3481 510 3541 statuto
544 3478 715 3544 communis
737 3483 771 3544 et
793 3477 819 3543 11
842 3495 904 3544 non
939 3455 1074 3543 haberet
1108 3476 1190 3542 mdo
1220 3477 1348 3543 soluere
1379 3493 1438 3559 per

196 3575 373 3655 quemlibet
394 3595 540 3660 grossum
563 3585 628 3645 stet
650 3597 708 3662 per
729 3597 824 3646 vnum
848 3579 932 3646 diem
955 3579 987 3644 in
1010 3597 1148 3646 carcere.

489 3755 556 3802 on.
580 3757 634 3800 XX.
657 3758 699 3800 DE
720 3758 802 3811 EQUO
825 3757 963 3802 nam
986 3757 1142 3802 Momm.

238 3851 318 3918 Item
342 3852 483 3939 dicimus,
507 3855 592 3937 quod
614 3855 641 3922 si
663 3855 777 3938 aliquis
800 3855 894 3922 bomo
916 3856 1089 3923 dimisisset
1109 3854 1247 3938 aliquem
1262 3873 1379 3938 equum
1395 3854 1436 3920 de

192 3956 267 4035 iilis,
293 3956 348 4040 qui
370 3957 514 4038 equitant
534 3959 567 4023 in
590 3959 696 4042 aliquo
720 3977 831 4042 campo
854 3961 894 4026 de
917 3959 1021 4026 tritico
1044 3965 1078 4026 et
1099 3958 1195 4027 iaciat
1215 3959 1364 4025 damnum
1380 3957 1435 4023 aii-

190 4062 287 4142 quod,
301 4060 385 4143 quod
397 4061 503 4128 soluat
515 4063 653 4144 quinque
662 4081 837 4144 yperperos
848 4063 902 4128 uei
915 4064 1091 4146 accepisset
1105 4063 1147 4129 de
1164 4061 1323 4129 frumento
1339 4080 1436 4128 cause

192 4165 290 4232 dandi
313 4181 409 4246 super
431 4164 550 4230 dictum
573 4183 689 4248 equum
712 4167 764 4233 uel
787 4184 886 4248 equos
902 4171 936 4234 et
950 4167 1036 4247 quod
1052 4185 1149 4248 super
1164 4166 1283 4232 dictum
1297 4165 1436 4232 bannum

189 4269 362 4350 perueniat
382 4267 539 4335 medietas
561 4269 716 4335 communi
739 4275 773 4337 et
794 4269 858 4336 1111
879 4269 1034 4337 medietas
1048 4269 1094 4336 illi
1110 4269 1200 4336 ouius
1222 4275 1274 4336 est
1295 4267 1437 4336 bladum.

242 4421 311 4487 ι(11.
328 4443 390 4502 cap.
408 4421 510 4488 LXIX.
527 4426 643 4488 Stntuti.

239 4508 253 4545 ²
266 4513 416 4585 Praesens,
439 4529 473 4572 ao
487 4515 637 4588 sequentia
651 4531 741 4588 usqne
757 4515 794 4573 nd
809 4515 894 4574 tinem
909 4514 1036 4589 capitula
1057 4515 1162 4575 desunt
1183 4529 1229 4589 ap.
1243 4513 1378 4574 Horma
1387 4531 1436 4588 yr,

188 4615 284 4673 neque
299 4615 345 4674 ap.
362 4599 405 4674 111
416 4599 503 4660 ubic
517 4600 724 4672 inscribuntur,
740 4603 927 4676 quapropter
944 4618 977 4662 ea
991 4601 1147 4662 seeundum
1161 4600 1320 4674 materiam,
1336 4599 1367 4660 in
1378 4599 1433 4662 sin·

187 4685 268 4763 gulis
283 4687 500 4761 pertractatam,
515 4686 724 4764 inscripsimus.

710 4818 917 4836 ᾑ-η
