3398 5354
343 442 406 516 236

341 653 538 740 Stephanum
569 658 745 741 predictum
770 658 938 738 notarium,
969 661 1121 724 currente·
1145 673 1228 722 anno
1257 659 1291 721 et
1318 653 1478 721 indicione
1501 671 1581 736 pre
1691 699 1693 726 .

339 763 442 842 dictis,
467 763 519 831 die
539 763 606 829 xri
612 765 635 846 j.
659 763 792 846 predicti
816 763 934 830 mensis
956 763 1074 845 marcij.
1692 763 1693 776 ¹

381 971 419 1036 In
441 973 566 1039 nomine
588 973 704 1039 domini
729 991 828 1038 amen.
853 970 944 1037 Anno
968 971 1141 1036 natiuitatis
1163 969 1307 1036 eiusdem
1328 968 1466 1035 Moccv
1489 967 1576 1033 indi·
1691 951 1693 986 ³

382 1179 453 1245 Hoc
470 1185 519 1246 est
537 1181 694 1261 quoddam
709 1185 862 1246 statutum
881 1177 1005 1256 lactum,
1030 1177 1173 1258 editum¹,
1198 1179 1407 1268 compositum
1422 1195 1460 1242 ac
1475 1177 1578 1241 etiarn

339 1284 536 1351 declaratum
559 1305 617 1368 per
639 1285 799 1369 egregium
822 1291 856 1350 et
873 1290 1036 1366 potentem
1051 1284 1154 1348 uirum
1169 1281 1329 1349 dominum
1344 1280 1579 1348 Pantalcouem

340 1387 520 1454 lastiniano
551 1389 591 1455 de
612 1389 765 1474 Venetijs,
795 1388 1013 1456 honorabilem
1047 1388 1192 1455 comitem
1223 1387 1361 1452 ciuitatis
1385 1383 1509 1478 Spoleti
1546 1391 1581 1451 et
1691 1391 1693 1458 j

340 1491 462 1560 nobiles
492 1494 591 1578 uiros,
622 1493 780 1560 dominum
809 1494 937 1559 Petrum
971 1491 1151 1576 Gamurtij²,
1180 1491 1340 1558 dominum
1362 1489 1580 1557 Theodosium
1691 1477 1693 1568 i

337 1595 472 1678 Alberti,
505 1598 663 1666 dominum
695 1597 827 1664 Joauem
858 1597 1018 1678 Vulcine³,
1051 1597 1209 1663 dominum
1240 1596 1419 1679 Philippum
1449 1595 1580 1678 Doymi
1691 1591 1693 1652 ἶ

343 1701 503 1768 dominum
533 1701 691 1768 Andream
722 1703 818 1784 Dese,
850 1701 1008 1770 dominum
1038 1702 1205 1766 Petraeam
1234 1700 1320 1767 Petri
1351 1707 1386 1767 et
1415 1701 1581 1766 dominum
1692 1695 1693 1698 ’

339 1805 527 1872 Nicolieiam
550 1806 664 1890 Duymi
694 1807 884 1891 Paruoslai⁴,
916 1805 1075 1888 sapientes
1106 1806 1276 1888 deputatos
1306 1823 1404 1888 super
1434 1803 1579 1872 declaro·

340 1911 429 1978 tione
452 1912 586 1993 predicti
609 1912 719 1978 statuti
742 1931 780 1978 ex
803 1913 935 1978 arbitrio
957 1911 1004 1978 eis
1028 1927 1175 1978 concesso
1203 1927 1261 1991 per
1288 1909 1450 1976 consilium
1481 1927 1579 1990 gene·

341 2015 422 2097 rale,
444 2025 539 2098 prout
560 2017 599 2082 de
617 2017 759 2099 predicto
782 2017 914 2082 arbitrio
936 2021 1070 2096 apparet
1092 2015 1257 2081 euidenter
1279 2021 1390 2080 tenore
1414 2013 1578 2080 cuiusdam

343 2119 575 2188 reformationis
598 2121 681 2203 facte
705 2122 737 2186 in
760 2121 889 2187 consilio
912 2125 986 2185 ante
1009 2119 1102 2204 dicto,
1132 2123 1224 2200 eapte
1247 2137 1305 2200 per
1326 2118 1464 2184 bellotae
1486 2135 1578 2200 prns-

342 2243 439 2307 peras
471 2231 504 2290 et
526 2227 680 2293 secundas
712 2227 921 2308 quadraginta
943 2241 1068 2302 nouem,
1099 2224 1249 2288 inuentae
1271 2223 1304 2287 in
1326 2222 1455 2288 bussolo
1477 2222 1578 2287 rubeo

343 2329 394 2395 del
417 2329 487 2413 sie,
518 2331 784 2396 contrariantibus
808 2349 865 2412 per
887 2329 1023 2396 bellotae
1051 2329 1192 2411 xxxiij,
1223 2329 1369 2394 inuentae
1391 2328 1423 2391 in
1447 2326 1577 2392 bussulo

341 2433 424 2498 nallo
448 2434 499 2500 del
522 2452 600 2500 nou
622 2442 655 2502 et
676 2437 793 2516 scripte
814 2452 871 2515 per
897 2452 947 2498 me
963 2435 1120 2499 notarium
1135 2431 1371 2515 infrascriptum
1387 2431 1446 2497 sub
1462 2430 1575 2496 eodem

343 2557 426 2604 anno
451 2545 484 2605 et
503 2539 660 2606 indicione
682 2545 716 2605 et
737 2540 788 2604 die
811 2539 930 2605 decimo
955 2545 1067 2605 octauo
1092 2537 1213 2620 marciJ.

386 2642 485 2711 Cuius
517 2645 643 2728 quidem
666 2643 776 2711 statuti
801 2649 893 2710 tenor
915 2661 972 2726 per
994 2642 1135 2709 ordinem
1158 2642 1208 2708 hic
1232 2639 1364 2708 inferius
1387 2640 1577 2706 declaratur.

342 2878 409 2922 oue.
434 2879 476 2920 vr.
510 2878 552 2921 un
582 2877 831 2922 roseneerorunue
862 2877 928 2918 narr
956 2875 1070 2918 nrursre
1100 2873 1313 2933 commus,
1343 2849 1449 2925 ernau⁶
1478 2871 1577 2914 nuru

863 2940 1061 3015 scemorensi

382 3063 463 3128 Item
487 3069 641 3130 statutum
664 3067 698 3128 ct
720 3062 897 3128 ordinatum
921 3067 980 3146 est,
1009 3060 1095 3144 quod
1117 3059 1144 3126 si
1166 3059 1275 3139 frater,
1298 3071 1407 3140 nepos,
1430 3058 1484 3123 uel
1506 3076 1575 3124 car·

339 3168 420 3233 nalis
453 3167 658 3234 consobrinus
689 3168 757 3232 siue
779 3167 1028 3252 consanguineus
1057 3165 1154 3232 uellet
1176 3164 1315 3231 uendere
1338 3162 1378 3227 de
1404 3162 1577 3244 possessio-

341 3270 434 3336 nibus
456 3269 600 3336 indiuisis
623 3271 850 3353 communibus,
881 3271 933 3336 uel
957 3271 1076 3352 diuisis,
1112 3268 1164 3335 uel
1195 3267 1291 3334 etiam
1315 3266 1477 3348 acquisitis
1499 3284 1576 3348 qno·

342 3391 476 3456 cumque
506 3375 627 3455 modo,·
642 3375 769 3442 racione
798 3377 850 3442 uel
882 3394 993 3459 causa3
1028 3393 1091 3441 uou
1121 3373 1222 3456 possit
1244 3371 1315 3454 alijs
1337 3371 1486 3452 uendere,
1516 3369 1578 3436 nisi

341 3477 443 3557 fratri,
467 3479 584 3562 nepoti,
608 3480 661 3545 uel
684 3481 802 3546 carnali
824 3480 1011 3546 consobrino
1035 3479 1103 3546 siue
1125 3475 1360 3560 consanguineo
1385 3493 1441 3556 pro
1463 3473 1576 3540 eodem

343 3583 465 3664 precio,
488 3601 546 3665 pro
569 3602 631 3667 quo
655 3583 726 3665 alijs
749 3583 887 3651 uendere
915 3585 1022 3666 possit,
1054 3584 1082 3650 si
1108 3583 1167 3664 ipsi
1191 3599 1297 3648 emere
1320 3581 1505 3646 uoluissent.
1534 3577 1578 3642 Et

344 3687 371 3751 si
395 3687 455 3768 ipsi
477 3705 583 3756 emere
606 3687 789 3766 noluissent,
821 3694 895 3754 tunc
917 3707 968 3754 res
998 3687 1180 3754 diuiduntur
1208 3690 1242 3750 et
1262 3689 1376 3767 postea
1399 3683 1577 3748 uendentur

343 3791 533 3874 cuicumque
555 3792 714 3858 uenditori
736 3791 898 3874 placuerit.
922 3790 1018 3858 Curia
1039 3809 1116 3858 uero
1137 3791 1163 3856 si
1185 3789 1246 3872 ipsi
1267 3791 1352 3855 inter
1373 3807 1409 3855 se
1430 3785 1575 3852 diuidere

343 3895 565 3978 nequiuiseeut
587 3901 734 3963 teneatur
756 3897 832 3962 dare
855 3896 1019 3962 diuisores.

384 3999 466 4066 Item
488 3999 642 4078 addimus,
674 4000 757 4083 quod
779 4001 806 4066 si
822 3999 1059 4082 propinquiores
1075 3996 1249 4065 uenditoris
1265 4013 1367 4078 usque
1381 3996 1431 4062 in⁷
1446 3992 1577 4060 tercium

342 4105 475 4187 gradum
501 4105 782 4187 consanguinitatis
806 4105 857 4170 uel
881 4105 1128 4188 propinqurtatis
1154 4103 1301 4186 existant,
1331 4101 1454 4168 uellent
1477 4100 1577 4181 ipsam

342 4209 573 4290 possessionem
588 4199 638 4274 ἰίι8
654 4228 689 4275 se
705 4209 823 4276 habere
834 4227 891 4291 pro
903 4211 1021 4292 precio,
1037 4227 1094 4292 pro
1107 4227 1170 4291 quo
1183 4214 1232 4275 est
1243 4206 1383 4290 uendite
1400 4204 1525 4287 possint,
1548 4200 1577 4268 si

342 4313 509 4394 noluerint,
526 4332 596 4380 eam
607 4313 787 4396 reaccipere
802 4314 842 4379 ab
856 4321 1008 4397 emptore,
1025 4313 1079 4396 qui
1093 4331 1163 4380 eam
1179 4311 1309 4378 emisset
1319 4309 1404 4376 iufra
1415 4326 1508 4374 uuum
1519 4323 1575 4372 an·
1691 4309 1693 4312 ’

343 4434 427 4496 num,
451 4419 730 4514 computanduma
746 4423 888 4500 tempore
903 4417 1092 4484 uenditionis
1106 4417 1167 4484 hoc
1186 4416 1291 4499 modo,
1314 4413 1473 4492 uidehcet,
1496 4408 1578 4493 qnod

391 4557 510 4621 ¹(lod.
534 4562 640 4622 acad.
663 4561 707 4621 B:
732 4555 911 4644 „heditum“.
967 4557 1052 4637 ²Ap.
1076 4559 1206 4638 ujus:
1231 4555 1385 4634 „canent
1436 4553 1576 4616 ⁸ibid.:

349 4645 510 4726 „Volanp“.
593 4643 821 4724 ⁴,Paruoslai‘
846 4649 929 4708 deest
949 4647 1041 4708 ibid.
1126 4643 1377 4708 ⁵God.acad.
1400 4643 1443 4704 B:
1469 4633 1573 4718 ,tnm‘.

351 4728 429 4790 ⁶0f.
452 4749 521 4806 pag.
549 4735 619 4793 115.
643 4734 711 4796 adn.
736 4731 768 4812 5)
851 4731 863 4768 ⁷
884 4733 942 4811 Ap.
965 4734 1090 4812 hjnb.:
1115 4731 1205 4817 ,ad“.
1288 4728 1434 4793 ⁸ibid.:
1459 4726 1577 4810 ,inter⁰.
