3416 5350
321 363 430 430 XVIII

366 607 406 618 -
434 571 543 637 Prima
564 537 699 652 proinde
714 569 795 634 haec
810 574 1004 635 statutorum
1028 575 1062 636 et
1083 571 1189 658 legum
1213 571 1348 638 civitatis
1371 570 1559 653 Spalatensis

325 677 423 743 editio
446 675 547 742 codici
575 675 663 740 acad.
688 671 715 738 Α
739 673 896 754 innititur,
920 676 965 740 ita
987 679 1025 740 ut
1047 676 1116 758 ejus
1139 693 1175 741 se
1197 675 1375 756 scripturae
1398 677 1560 742 accuratis·
1681 735 1682 740 ,

324 780 404 846 sime
437 779 587 862 applicet.
627 777 698 855 Quo
729 777 844 843 melius
873 778 1019 860 singulae
1048 785 1241 846 statutorum
1271 783 1381 862 partes
1412 779 1560 848 internos-

322 889 443 964 cantur,
477 881 721 964 inscriptionem
747 887 884 964 utroque
916 887 1038 949 statuto
1070 889 1167 964 atque
1198 883 1456 950 reformationem
1486 884 1559 951 libro
1681 885 1682 894 ’

323 989 468 1071 apposui,
496 987 735 1054 distinctionem
759 1005 836 1052 vero
861 987 1002 1069 capitum
1026 987 1058 1052 in
1080 988 1308 1070 paragraphus,
1339 1006 1421 1071 quae
1442 989 1475 1053 in
1498 989 1560 1055 cod.
1681 1047 1682 1054 ,

322 1091 435 1159 Chiud.
459 1095 631 1174 reperitur,
656 1091 864 1157 omittendam
888 1110 959 1158 esse
983 1092 1103 1173 putavi.
1137 1091 1305 1159 Lectiones
1337 1093 1454 1159 codicis
1477 1093 1560 1159 acad.
1681 1107 1682 1110 ’

322 1195 351 1261 Α
374 1216 444 1263 cum
469 1196 635 1263 codicibus
657 1196 774 1263 ceteris
804 1197 986 1278 comparavi
1018 1196 1254 1277 lectionemque
1279 1196 1457 1262 'vadetates
1487 1213 1562 1278 quae
1681 1203 1683 1210 ”

323 1301 462 1382 quidem,
488 1300 572 1382 quod
599 1319 657 1382 per
673 1305 878 1366 transennam
902 1317 1027 1384 moneo,
1051 1301 1140 1366 leves
1156 1306 1238 1380 sunt,
1262 1301 1295 1365 in
1311 1299 1562 1367 adnotationibus

324 1406 499 1488 explanavi.

366 1509 508 1575 Indicam
533 1508 742 1590 capitulorum
766 1508 1001 1591 alphabeticum
1024 1527 1062 1575 ex
1077 1509 1148 1591 ipso
1164 1508 1276 1576 Chiud.
1293 1510 1403 1578 codice
1426 1509 1563 1594 recipere
1681 1595 1683 1606 Ι

187 1648 191 1653 ·
250 1702 253 1706 ,
325 1631 388 1680 non
411 1632 483 1678 sum
506 1631 613 1694 ausus,
646 1612 721 1694 quia
750 1612 791 1678 ad
814 1632 866 1679 res
890 1613 986 1695 ipsas,
1018 1632 1101 1695 quae
1130 1611 1163 1678 in
1192 1613 1323 1679 statutis
1357 1615 1561 1694 continentur,

327 1716 532 1798 explicandas
554 1717 780 1784 nihilomnino
812 1717 961 1800 prodest,
996 1719 1064 1800 ejus
1096 1724 1204 1784 tamen
1232 1719 1303 1785 loco
1336 1719 1464 1785 editioni
1493 1717 1563 1784 huic

325 1827 455 1902 praeter
477 1822 617 1904 capitum
639 1821 776 1887 indicem
801 1823 881 1890 duos
912 1821 1034 1888 indices
1057 1821 1288 1906 alphabeticos,
1312 1841 1420 1890 rerum
1443 1841 1561 1904 nempe,

329 1941 412 2006 quae
436 1927 592 2008 gravioris
616 1931 692 1992 sunt
717 1927 867 1993 momenti
890 1931 987 2007 atque
1007 1944 1213 2008 personarum
1236 1933 1269 1993 et
1292 1929 1435 1994 lucorum
1458 1925 1562 1992 adieci.
1683 2015 1684 2026 ἢ

370 2027 534 2096 Glossario
558 2031 696 2113 denique
720 2031 817 2098 verba
841 2029 1032 2109 difficiliora,
1060 2047 1143 2112 quae
1165 2026 1387 2110 obversantur,
1413 2031 1562 2113 interpre·
1682 2083 1684 2118 ,

325 2132 387 2198 tari
410 2139 544 2200 conatus
568 2152 648 2199 snm.

219 2335 220 2340 Ἰ
372 2235 524 2304 Ceterum
548 2240 738 2320 opusculum
765 2239 826 2305 hoc
847 2239 879 2304 in
902 2237 1064 2321 publicum
1094 2241 1252 2316 emittens,
1285 2237 1392 2306 facere
1414 2257 1476 2306 non
1496 2255 1563 2321 pos·
1683 2291 1685 2310 .

324 2357 405 2423 surm,
431 2343 508 2424 quin
531 2344 617 2410 viros
640 2343 751 2410 doctos
777 2343 851 2409 Sim.
876 2343 1057 2426 Ljubidium
1087 2347 1121 2409 et
1142 2342 1185 2408 ld.
1210 2343 1420 2410 Glavinidium
1450 2342 1565 2424 gratias

326 2463 415 2512 meas
439 2464 559 2530 easque
582 2449 814 2515 sincerissimas
835 2454 873 2514 ut
894 2449 998 2513 animo
1024 2446 1181 2514 benevolo
1204 2447 1370 2530 recipiant,
1394 2465 1488 2529 quam
1508 2445 1562 2512 hu·

325 2567 511 2618 rnanrssrme
533 2571 652 2642 rogem.

374 2652 555 2737 Zagrabiae
577 2655 688 2724 Idibus
711 2655 786 2722 Maii
809 2653 1133 2724 MDCCCLXXVIII.
