3416 5350
207 595 276 640 MP·
299 595 389 639 xm.
411 597 494 648 Quom
516 593 705 641 adnostros
727 595 791 639 Noli
812 595 936 638 rmus
951 593 1077 638 rasum
1098 571 1157 637 121²
1179 593 1272 638 ΒΟΠΙΒ
1286 593 1450 638 Homonoia.

249 711 332 778 Item
354 717 510 779 statutum
532 719 565 779 et
588 711 769 778 ordinatum
790 715 850 794 est,
874 709 1008 792 quodsi
1032 709 1145 791 aliquis
1174 709 1370 776 commiserit
1394 709 1451 777 ho·

204 815 367 882 micidium
390 817 443 882 uel
465 813 656 882 maleficium
686 816 783 895 aliud,
815 819 948 897 propter
979 815 1064 896 quod
1093 816 1179 880 bona
1209 813 1285 879 sua²²
1318 813 1452 895 destrui,

205 920 259 986 uel
291 921 449 1002 publicari
479 919 636 986 communi
659 917 782 1001 Spalati
812 914 984 985 deberent⁸
1014 923 1048 985 et
1078 917 1194 999 aliquis
1226 917 1367 998 colonus,
1399 917 1451 984 uel
1568 927 1569 930 ’

207 1023 374 1090 laborator
394 1023 598 1100 laborarent,
623 1022 723 1089 donec
745 1021 903 1104 pereipiat
925 1039 1015 1088 suam
1035 1025 1159 1102 partem
1183 1022 1223 1086 de
1240 1020 1450 1102 dutichonis,

206 1145 265 1194 seu
289 1127 330 1194 de
352 1127 518 1210 fructibus,
549 1144 629 1209 quos
652 1125 749 1192 debet
769 1125 889 1192 habere
911 1143 970 1207 pro
1002 1125 1085 1191 dicto
1118 1123 1287 1208 laborerio,
1318 1123 1372 1190 uel
1394 1123 1451 1190 fiat
1574 1163 1575 1166 =
1627 1165 1628 1168 =
1659 1125 1689 1164 ²

207 1229 385 1310 extimaoio,
414 1230 574 1296 fructuum
597 1235 632 1295 et
650 1231 822 1296 secundum
845 1230 930 1311 quod
945 1228 1065 1295 fructus
1082 1227 1200 1295 fuerint
1215 1227 1357 1295 extimati
1380 1233 1449 1294 tan·
1497 1293 1499 1298 .

209 1335 354 1401 tumdem
377 1353 544 1402 commune
573 1333 751 1400 satisfaciat
780 1333 973 1411 laboratori3
1007 1339 1041 1399 et
1063 1333 1193 1414 posteo²
1222 1349 1388 1399 commune
1410 1331 1450 1398 de

206 1438 300 1505 dictis
322 1439 414 1505 bonis
437 1437 535 1504 faciat
556 1437 641 1504 uelle
664 1455 765 1503 suum.
1105 1421 1111 1434 '

249 1540 404 1608 Similiter
427 1541 455 1606 si
479 1561 559 1610 uxor
581 1549 668 1608 esset
690 1539 925 1606 usufructuaria
946 1541 1102 1607 bonorum
1119 1538 1168 1604 sui
1185 1539 1290 1604 mariti
1306 1537 1449 1623 attilius,

207 1645 261 1712 uel
272 1643 340 1711 filia
353 1650 411 1711 aut
421 1645 556 1712 heredes
569 1645 710 1712 defuncti
723 1645 954 1711 committerent
971 1643 1100 1725 aliquod
1115 1641 1303 1709 maleficium
1319 1646 1450 1724 propter

208 1749 294 1831 qnod
315 1747 402 1815 bona
425 1748 580 1816 deberent
602 1749 725 1815 destrui
748 1748 818 1814 uel²
847 1746 1001 1830 publicari
1031 1747 1186 1813 communi
1210 1745 1344 1828 Spalsti,
1375 1751 1451 1810 tunc

207 1857 281 1919 ante
305 1870 472 1919 commune
495 1852 663 1934 prouideat
685 1851 820 1933 mulieri,
844 1852 930 1933 quod
952 1851 1055 1934 possit
1079 1849 1242 1916 commode
1257 1849 1377 1915 habere
1392 1847 1450 1914 uli·

209 1961 318 2022 ments
339 1973 441 2036 usque
462 1955 512 2021 in²
533 1961 669 2022 mortem
691 1974 798 2036 suam3
832 1963 866 2022 et
887 1961 963 2020 tunc
985 1955 1026 2020 de
1048 1954 1141 2020 bonis
1163 1952 1261 2018 faciat
1283 1969 1450 2018 commune

207 2059 359 2141 quicquid
380 2059 458 2139 nult
493 2066 551 2126 aut
572 2059 658 2126 bona
678 2077 742 2125 non
765 2060 973 2125 destruantur
995 2059 1126 2124 uiuente
1155 2075 1255 2122 uxore
1276 2055 1332 2140 ita,
1363 2053 1448 2136 quod

205 2181 285 2229 uxor
315 2161 356 2229 de
386 2162 480 2228 dictis
502 2162 594 2229 bonis
617 2162 720 2244 possit
742 2161 909 2245 possidere
936 2161 1064 2228 thorum
1087 2179 1144 2240 sue
1167 2159 1334 2226 uiduitatis
1357 2163 1448 2226 etse

205 2261 395 2331 alimentare
418 2265 460 2332 de
483 2264 576 2332 dictis
598 2265 702 2333 bonis.

304 2510 373 2555 GAP·
396 2511 487 2554 xxvl.
510 2511 552 2554 DE
574 2509 775 2555 muamus
797 2511 913 2554 DOHUU
935 2511 998 2554 ΠΜ
1019 2509 1141 2554 rusam
1163 2509 1350 2554 ΟΟΗΗὈῊΕΜ.

248 2627 331 2694 Item
362 2631 517 2694 statutum
548 2631 582 2692 et
609 2626 790 2692 ordinatum
819 2633 879 2707 est
918 2626 1003 2710 quod
1035 2627 1063 2692 si
1093 2624 1191 2707 aliqui
1224 2625 1364 2692 habeant
1392 2623 1449 2690 ali·

205 2748 301 2812 quam
332 2730 458 2797 domum
491 2748 689 2798 communem
719 2737 753 2796 et
782 2749 866 2797 unus
894 2731 1010 2796 habet²
1039 2735 1164 2813 partem
1197 2731 1393 2822 superiorem
1416 2729 1449 2795 et

205 2833 289 2900 alter
310 2832 426 2900 habet⁸
447 2837 571 2916 partem
592 2832 776 2899 inferiorem
791 2839 826 2900 et
845 2833 909 2913 ille,
933 2835 987 2916 qui
1003 2833 1101 2906 hebet
1115 2837 1239 2915 partem
1253 2831 1448 2912 inferiorem,

206 2936 421 3004 committeret
442 2937 572 3021 aliquod
595 2933 793 3014 maleficium,
825 2941 956 3019 proptor
986 2937 1072 3018 quod
1106 2937 1192 3002 bono
1213 2954 1273 3002 sua
1294 2937 1449 3003 deberent

207 3039 340 3121 destrui,
374 3040 426 3108 uel
456 3040 610 3122 publicari
640 3041 797 3108 communi
829 3039 970 3124 Spoleti:
999 3047 1077 3107 tunc
1105 3046 1162 3106 aut
1191 3057 1356 3106 commune
1384 3059 1449 3107 non

207 3144 354 3211 destruat
385 3151 509 3226 partem
541 3143 732 3223 inferiorem,
767 3145 820 3211 uel
849 3145 925 3226 per⁹
955 3146 1055 3211 bonos
1088 3152 1122 3211 ot
1153 3142 1274 3225 legales
1304 3142 1448 3210 homines

207 3245 309 3314 faciat
330 3248 474 3315 extimari
499 3253 622 3331 partem
645 3248 841 3330 superiorem
857 3254 890 3315 ot
908 3255 1062 3336 quantum
1077 3246 1174 3314 fuerit
1188 3247 1348 3326 extimata,
1373 3246 1449 3314 dare

206 3350 326 3418 debeat
347 3351 403 3431 illi,
434 3354 523 3417 euius
554 3357 604 3417 est
633 3369 708 3432 pars
738 3352 883 3434 superior
906 3358 939 3419 et
961 3359 1073 3434 postea
1095 3352 1135 3418 de
1157 3356 1227 3417 tota
1248 3351 1341 3416 domo
1364 3368 1449 3418 com·

205 3471 302 3520 mune
324 3452 422 3519 faciat
444 3454 594 3535 quicquid
617 3455 697 3531 uult,
722 3455 797 3537 quia
819 3456 912 3522 alteri
928 3473 986 3538 per
1001 3456 1139 3521 alterum
1155 3453 1298 3536 iniquo²⁰
1312 3455 1449 3521 conditio

207 3575 272 3625 non
294 3556 413 3624 debeat
436 3555 568 3624 afferi¹¹.

248 3659 294 3726 Et
314 3660 400 3726 idem
421 3661 590 3727 statuimus
614 3667 648 3728 et
671 3678 837 3728 censemus
860 3663 893 3728 in
914 3663 986 3742 illis,
1010 3661 1064 3744 qui
1086 3661 1208 3727 hahent
1227 3660 1366 3743 aliquam
1382 3665 1448 3726 tur-

206 3764 277 3844 rim,
302 3763 355 3830 uel
377 3763 504 3830 domum
525 3781 732 3844 communem,
755 3783 818 3848 quq
841 3765 1005 3833 commode
1020 3783 1083 3830 non
1098 3769 1233 3848 possent
1251 3763 1397 3831 diuidi¹²:
1422 3764 1449 3829 si

207 3869 290 3935 alter
312 3885 352 3934 ex
374 3868 468 3950 socijs
491 3867 577 3934 dicta
598 3867 754 3936 maleficia
776 3869 999 3949 committeret,
1023 3875 1100 3935 tunc
1121 3869 1251 3951 procedi
1268 3868 1385 3935 debeat
1407 3868 1449 3933 ad

207 3971 445 4038 estimationem
476 3975 510 4036 et
541 3969 792 4038 satisfactionem
821 3971 999 4038 faciendam
1033 3971 1079 4037 illi
1112 3973 1263 4051 consorti,
1298 3973 1352 4054 qui
1386 3989 1449 4037 non

206 4074 363 4144 commisit
385 4072 583 4157 maleficium,
607 4080 702 4156 prout
724 4075 869 4158 superius
892 4080 943 4142 ost
965 4093 1159 4156 expressum.

259 4263 608 4346 ²Ap.Ljub.:„in“.
708 4259 1226 4345 ²00d.aoad.ss:„debeant².
1327 4265 1516 4328 ⁸Deest'

208 4355 306 4416 ibid.
371 4348 726 4434 ⁴ibid.:„prpterea“.
786 4349 1034 4436 ²ioid.:„et².
1096 4348 1450 4431 ⁶Ap.Ljub.:„ad“.

211 4439 224 4476 ⁷
247 4441 338 4502 cod.
362 4441 470 4503 acad.
493 4440 519 4500 Β
544 4445 574 4500 et
596 4458 644 4516 ap.
660 4439 788 4516 ujus:
815 4439 973 4517 „habeat“.
1032 4435 1160 4512 iibid.
1182 4457 1207 4500 e.
1231 4457 1269 4502 m.
1329 4436 1341 4472 ⁰
1362 4440 1455 4499 Deest

208 4544 257 4604 ap.
280 4527 397 4604 Ljub.
482 4523 619 4588 1⁰Ood.
644 4525 748 4587 acad.
772 4523 813 4587 A:
841 4519 1018 4601 „unquam“.
1106 4521 1135 4557 ¹¹
1157 4523 1265 4587 ibid:
1292 4525 1451 4604 „auferri“.

212 4609 240 4648 ¹²
261 4613 350 4674 Ood.
374 4612 478 4673 acad.
502 4612 543 4674 B:
571 4611 709 4696 „uendi“.

460 4725 463 4732 ·
1326 4708 1346 4744 ss*

1627 267 1654 286 ,rm
1667 273 1668 276 =
1680 266 1688 281 's

1628 317 1675 358 na

1388 365 1429 432 14
1482 375 1486 380 ·

1429 369 1448 432 7
1566 445 1568 448 .
1621 401 1678 450 δ”-ζ.

1599 467 1605 478 ⁴
1646 473 1647 480 ²
1680 476 1686 487 a

1651 507 1665 524 ἃ
