3396 5402
464 676 531 718 ΟΔΡ.
556 675 620 718 om.
643 677 685 718 DE
706 675 859 718 munnulus
882 673 1117 718 ms'rmonnnls.

219 793 301 857 item
326 793 506 871 statuimus
530 794 614 874 quod
637 810 800 857 commune
816 810 872 857 seu
892 791 1030 874 regimen
1054 792 1169 857 debeat
1190 790 1294 856 lacere
1317 809 1410 856 vnum

174 897 351 977 oilleialem
377 898 430 979 qui
452 897 550 964 iustet
572 903 605 962 et
627 897 773 963 emendet
793 897 934 978 quolibet
949 915 1056 962 meuse
1073 915 1244 976 mensuras,
1261 903 1406 976 stateras,

174 1002 332 1069 balantias
356 1006 390 1066 et
412 1019 521 1066 omnes
555 1002 633 1068 alias
667 1019 832 1068 mensuras
856 1007 888 1066 et
910 1002 936 1066 si
959 1002 1028 1082 quIs
1050 1018 1111 1066 non
1146 1007 1271 1068 teneret
1299 1001 1408 1079 iustae,

174 1107 281 1174 soluat
302 1124 458 1189 yperpera
475 1108 536 1172 duo
559 1124 616 1188 pro
639 1106 779 1188 qualibet
802 1106 870 1172 uice
892 1111 925 1172 et
944 1105 1083 1188 qnalibet
1106 1124 1253 1172 mensura
1268 1113 1301 1172 et
1316 1123 1407 1172 aceu-

176 1217 265 1277 sator
286 1210 403 1276 habeat
424 1210 553 1276 tertiam
575 1217 706 1292 partem.

382 1407 448 1452 oar.
474 1407 533 1450 orv.
557 1407 723 1450 nanneno
746 1407 949 1450 nonnunrruno
972 1408 1014 1450 an
1037 1385 1202 1452 mennam¹

217 1507 299 1574 Item
321 1507 498 1589 malumus,
522 1509 606 1590 quod
629 1507 655 1574 si
678 1505 804 1588 aliquod
827 1507 987 1590 nauiqum
1003 1525 1146 1589 paruum,
1170 1509 1238 1575 siue
1259 1525 1407 1590 magnum

172 1614 300 1679 ueniunt
321 1615 353 1678 in
375 1619 503 1696 portum
527 1612 671 1696 Cereale,
695 1613 747 1678 uel
778 1611 818 1676 ad
842 1612 975 1692 aliquem
999 1611 1100 1678 locum
1123 1613 1223 1678 insule
1246 1619 1408 1679 oneratum

170 1717 269 1784 blodo
292 1719 514 1800 cuiuscumque
537 1720 673 1800 generis,
697 1723 729 1783 el
751 1717 853 1782 insula
875 1717 997 1800 eguerit
1011 1718 1115 1798 blado,
1139 1719 1277 1801 regmen
1292 1718 1409 1784 habent

171 1823 375 1889 liberatatem
398 1821 532 1890 faciendi
556 1841 728 1889 exonerare
762 1822 1010 1901 tantummodi,
1043 1827 1192 1903 quantum
1227 1823 1287 1888 sibi
1320 1823 1408 1887 uide-

172 1928 260 1994 bitur
282 1947 380 2010 vsque
402 1929 442 1993 ad
465 1929 664 1994 medIetatem
688 1929 803 2007 oneris
835 1933 868 1994 et
888 1927 964 1994 dare
986 1933 1119 2009 patrono
1148 1928 1342 2012 magneinum
1377 1933 1409 1993 at

172 2034 341 2099 bastasios.
377 2034 421 2098 Et
443 2033 515 2099 tells
544 2039 695 2115 patronus
727 2035 846 2099 uendat
867 2033 1010 2098 minutim
1046 2034 1163 2098 olintum
1194 2033 1320 2098 bladum
1351 2051 1408 2114 pro

170 2139 291 2221 precio,
315 2139 398 2220 qnod
427 2139 485 2204 sibi
502 2139 639 2220 placebit
654 2145 687 2202 et
703 2139 818 2203 dietum
835 2139 973 2220 precium
990 2156 1051 2202 nou
1067 2137 1167 2220 possit
1182 2155 1332 2216 creseere,
1351 2137 1409 2202 sed

172 2245 349 2308 diminuere
371 2245 424 2320 sio,
450 2249 484 2308 et
506 2261 633 2325 semper
655 2244 762 2308 vltimo
785 2245 899 2326 precio,
925 2261 987 2325 quo
1011 2242 1168 2322 uenditor,
1193 2243 1307 2308 debeat
1332 2261 1407 2308 uen-

172 2349 252 2414 dere
274 2367 353 2430 pena
386 2367 609 2431 yperperorum
645 2349 755 2429 uiginti
789 2349 936 2430 quinque,
972 2365 1102 2429 quorum
1140 2347 1237 2413 torulo
1259 2365 1333 2428 pars
1368 2347 1409 2412 sit

172 2455 352 2518 accusantis
365 2459 398 2518 at
410 2453 471 2518 dne
483 2453 664 2518 eommunis.
677 2452 779 2517 Allam
792 2452 992 2519 medietatem
1004 2453 1106 2534 possit
1116 2459 1243 2534 portare
1256 2457 1408 2534 patronus

174 2576 374 2640 quocumque
396 2557 457 2624 sibi
479 2559 641 2640 placuerit.

353 2754 419 2800 OAP.
445 2755 493 2798 OV-
515 2755 557 2796 DE
579 2755 655 2797 mun
677 2755 818 2800 naaman
839 2755 916 2798 NON
939 2729 1232 2799 ΟΟΝῙΠΗῙΕΗῙΝ.9

218 2856 300 2920 Item
322 2855 500 2933 statuimus
524 2856 608 2936 quod
630 2855 735 2920 nullus
759 2856 861 2936 possit
883 2859 1010 2936 portare
1026 2854 1066 2920 ad
1084 2853 1281 2923 uendendum
1298 2853 1406 2920 uiuum

170 2961 300 3028 forense
312 2961 352 3026 ad
366 2960 499 3026 insulam
512 2959 645 3042 Cureule
657 2979 738 3043 pena
750 2978 975 3043 yperperorum
991 2959 1251 3043 uigintiqumque,
1274 2976 1407 3040 quomm

169 3065 326 3132 medietas
349 3065 391 3130 sit
414 3065 585 3130 eommunis
618 3071 651 3128 et
684 3065 746 3129 alia
770 3065 969 3129 aoerrsatoris.
992 3063 1146 3129 Volumus
1172 3069 1286 3146 tamen,
1322 3065 1406 3146 quod

169 3189 232 3252 pro
265 3189 322 3236 vsu
357 3169 468 3235 domus
503 3169 634 3250 quilibet
656 3169 757 3250 possit
788 3169 929 3250 sculpere
962 3187 1060 3250 usquo
1093 3168 1134 3232 ad
1167 3187 1260 3232 vnum
1295 3167 1405 3234 barile.

171 3275 257 3340 Item
279 3275 433 3352 uolumus,
456 3274 541 3354 quod
564 3273 589 3336 si
612 3275 644 3338 in
678 3275 805 3338 ciuitate
829 3279 862 3338 et
882 3273 986 3338 insula
1008 3277 1094 3338 esset
1128 3271 1257 3338 caristia
1279 3277 1312 3338 et
1341 3291 1405 3340 non

170 3384 258 3446 esset
280 3378 320 3444 de
353 3378 426 3442 uino
449 3377 552 3443 Insula
588 3383 622 3442 ot
645 3378 756 3458 aliquIs
791 3377 889 3443 uellet
911 3377 1095 3456 conducere,
1118 3377 1255 3458 regimen
1288 3376 1406 3442 habeat

169 3485 350 3552 libertatem
374 3483 468 3548 dandi
490 3483 651 3549 lieenaIam
675 3483 848 3566 portandi.³

319 3682 384 3726 uun.
409 3679 470 3723 orr.
493 3682 535 3724 nn
557 3681 749 3724 nmrnrnronn
772 3681 913 3724 naamon
935 3679 985 3724 nn
1007 3656 1262 3724 andoenum*

213 3783 295 3848 Item
315 3783 491 3864 statuimus,
523 3782 606 3863 quod
637 3799 707 3846 enm
731 3781 900 3847 dixerimus
935 3799 1031 3863 supra
1053 3780 1093 3846 de
1115 3779 1262 3846 carnibus
1295 3778 1401 3845 irninis

170 3887 364 3966 castrutium,
389 3887 472 3968 quod
496 3886 579 3952 dlete
602 3904 710 3951 carnes
732 3885 911 3951 uendantnr
945 3885 1082 3966 denarijs
1112 3883 1200 3949 outo⁵
1232 3901 1402 3965 paruorum

221 4046 289 4108 ¹Ol.
306 4048 392 4107 edam
404 4064 477 4121 nap.
491 4045 606 4106 LXXII.
624 4047 659 4104 ol
676 4063 751 4120 oap.
767 4046 878 4106 LXXX.
896 4046 1055 4124 statuti,
1072 4060 1122 4103 nee
1137 4059 1190 4102 non
1207 4059 1281 4118 oap.
1301 4043 1404 4104 nxdv.

170 4134 509 4194 Reformationum.

219 4217 331 4281 'Deest
345 4221 374 4280 in
391 4222 470 4282 (lod.
488 4223 570 4296 cap.

221 4303 287 4367 ills.
305 4309 421 4368 inferius
444 4327 516 4384 oap.
534 4308 688 4369 CXXXVI.
705 4308 855 4368 Statuti
872 4323 934 4366 oum
958 4321 1061 4380 oapp.
1086 4303 1214 4365 LXXXI.
1239 4307 1275 4364 et
1305 4303 1403 4364 xnlx.

169 4395 329 4543 Rifssffl
351 4485 381 4543 rn
403 4483 483 4546 oon.
514 4484 593 4560 oap.
625 4483 666 4544 or.
690 4483 776 4544 etiam
799 4500 873 4560 οη).
897 4481 1013 4542 nxxn.
1038 4478 1150 4540 nxxx.
1174 4481 1211 4539 et
1232 4477 1398 4540 uxrxm.

170 4571 328 4734 Stgttluatp.
352 4657 512 4719 LXXXIII.
546 4659 695 4719 statuti
730 4657 851 4732 pretinm
885 4657 1009 4716 denam
1044 4655 1219 4716 donariorum
1252 4670 1403 4730 parvorum

170 4745 317 4807 statuitur.
