3396 5402
324 455 385 516 120

318 659 520 744 Septembris,
543 662 574 725 in
596 678 657 742 quo
680 661 814 725 termino
841 659 973 742 quilibet
994 664 1142 724 teneatur
1163 676 1328 735 renouare,
1359 675 1553 740 praeparare

316 771 350 832 et
371 767 403 830 iu
426 766 535 831 ordine
571 783 689 846 ponere
723 765 903 842 simiacum,
938 764 1022 845 qnod
1044 763 1098 828 illo
1121 781 1203 828 anno
1233 762 1380 829 babitare
1409 762 1556 834 voluerit,

318 888 418 951 usque
441 887 502 952 qno
525 868 603 933 illud
625 869 799 934 habitatum
822 867 936 948 luerit,
960 874 1063 950 poena
1085 887 1313 950 yperperorum
1335 867 1475 950 quinque
1497 885 1554 949 pro

320 973 463 1056 quolibet
484 981 518 1039 at
539 975 607 1038 vice
630 974 779 1055 qualibet.
815 974 906 1038 Etsi
930 975 1000 1055 quis
1022 973 1114 1056 plura
1137 974 1267 1040 simiaca
1288 972 1437 1038 babuerit
1460 989 1556 1054 super

319 1079 479 1144 territorio
503 1077 701 1160 Communis,
738 1097 819 1160 qnae
841 1079 930 1160 ipsae
959 1097 1022 1143 uon
1044 1077 1220 1156 babitaret,
1254 1097 1317 1144 nou
1348 1078 1456 1144 valeat
1483 1077 1555 1160 alijs

319 1185 428 1262 vitare,
452 1184 526 1264 quin
548 1189 582 1248 at
604 1183 657 1266 alij
681 1183 795 1248 inillis
818 1183 972 1248 habitent.
996 1183 1039 1248 Et
1062 1184 1223 1249 simiacum
1245 1183 1338 1249 modo
1358 1182 1466 1265 aliquo
1484 1179 1555 1248 fieri

318 1304 382 1352 non
404 1288 514 1369 possit,
537 1288 596 1352 nisi
619 1287 712 1368 longe
734 1307 754 1352 a
776 1287 875 1352 vineis
898 1287 1043 1353 ariminus
1065 1305 1124 1368 per
1145 1287 1268 1352 miliare
1291 1305 1386 1352 vnum
1402 1289 1434 1352 in
1449 1285 1554 1366 Blata,

319 1393 352 1457 in
381 1391 452 1474 alijs
482 1410 557 1458 vero
586 1391 670 1456 uillis
702 1410 760 1473 per
789 1391 911 1458 miliare
946 1391 1109 1456 dimidium
1132 1411 1152 1455 a
1173 1381 1310 1473 quatuor
1341 1393 1462 1470 veutia;
1498 1408 1557 1456 nec

318 1513 430 1561 nemus
452 1495 590 1562 incidere
614 1496 780 1562 causales
804 1493 939 1562 faciendi
963 1514 1059 1577 super
1081 1496 1241 1561 territorio
1266 1493 1459 1574 Communis,
1494 1496 1557 1560 uisi

318 1600 459 1666 incidens
480 1605 598 1666 terram
620 1603 781 1684 propriam
803 1619 906 1683 poena
926 1619 1155 1682 yperperorum
1177 1599 1296 1666 decem.
1327 1600 1369 1666 lit
1392 1601 1556 1666 simiacnm

318 1707 456 1788 positum
479 1725 576 1788 super
598 1707 757 1774 territorio
782 1705 963 1771 Communis
997 1711 1161 1770 remaneat
1182 1723 1309 1786 semper
1325 1713 1405 1787 post
1427 1705 1557 1772 diuisio-

319 1829 392 1876 nem
413 1817 577 1892 pastorum
600 1813 730 1893 pastori,
755 1812 808 1892 qui
832 1811 923 1893 plura
945 1810 1094 1876 animalia
1115 1810 1249 1876 baberet
1270 1812 1353 1875 inter
1376 1811 1490 1877 socios.
1514 1810 1559 1874 Et

319 1916 352 1980 in
374 1915 511 2000 simiam,
534 1921 568 1981 vt
590 1934 686 1997 supra
708 1934 804 1997 super
825 1915 986 1980 territorio
1010 1912 1192 1980 Communis
1214 1915 1335 1997 posito,
1370 1915 1502 1980 dimisso
1524 1922 1558 1980 et

321 2017 461 2086 relaxato
477 2019 653 2085 inhabitato
669 2037 727 2100 per
742 2025 807 2084 tres
823 2037 932 2097 annos,
949 2018 1053 2084 nullus
1069 2024 1180 2100 petere
1195 2020 1295 2101 possit
1310 2019 1369 2085 sibi
1385 2019 1556 2086 actionem.

324 2200 390 2243 GAP·
414 2200 565 2244 ouxxvm.
595 2201 637 2242 DE
659 2201 755 2263 pocla,
786 2200 840 2241 VBI
862 2201 947 2241 11111111
969 2200 1033 2242 NON
1055 2199 1168 2242 PO'PEST
1190 2201 1256 2261 MS,
1279 2201 1339 2243 11110
1360 2201 1446 2244 Inrita
1470 2200 1556 2242 rom.

362 2299 452 2386 Item,
487 2299 571 2380 qnod
593 2299 698 2364 nullus
721 2300 814 2364 modo
837 2298 942 2380 aliquo
966 2298 1098 2378 audeat,
1132 2298 1183 2363 vel
1197 2267 1390 2380 *praesumat
1411 2298 1557 2366 incidere

322 2405 370 2470 las
401 2411 435 2470 et
466 2406 570 2488 ignem
603 2405 764 2487 imponere
800 2423 895 2486 super
927 2405 1087 2470 territorio
1124 2402 1306 2469 Communis
1344 2403 1556 2486 infrascripto,

321 2507 470 2574 videlicet
503 2509 679 2592 incipiendo
710 2515 868 2591 apuncta
896 2508 1020 2589 Raxan,
1058 2526 1156 2591 usque
1186 2509 1226 2575 ad
1257 2508 1419 2576 Gherdam
1452 2509 1558 2575 lucam

321 2613 482 2680 districtus
503 2613 617 2681 Blatae
639 2620 671 2681 et
693 2635 713 2681 a
735 2613 880 2682 Stretbia
901 2615 991 2691 luca,
1025 2633 1123 2696 vsque
1146 2614 1306 2680 Priualam
1339 2633 1443 2697 poena
1465 2633 1559 2697 yper-

321 2737 469 2800 perorum
492 2721 742 2803 vigintiquinque
764 2738 821 2802 pro
845 2719 987 2801 qaobbet
1009 2725 1043 2784 et
1064 2720 1132 2786 vice
1154 2719 1305 2801 qnalibet.

357 2900 424 2943 OAP.
448 2899 573 2943 onxm.
597 2901 638 2942 DE
660 2901 786 2944 abnuant
809 2901 933 2946 muitum
957 2900 1078 2946 OON'PBA
1100 2899 1309 2943 Paoxmomrs
1333 2899 1524 2944 Damnonion.

364 2999 455 3079 item,
480 3000 612 3082 quodsi
637 3000 721 3082 quod
756 3001 905 3065 damnum
935 3001 1131 3083 reperiretur
1154 2999 1352 3076 feredatum
1376 3001 1408 3064 in
1431 2999 1561 3082 quibus·

327 3121 460 3185 cumque
482 3104 609 3170 utilibus
634 3125 690 3188 per
712 3105 860 3170 animalia
883 3124 1098 3188 quaecumque
1120 3111 1154 3172 et
1176 3106 1325 3170 damnum
1348 3123 1462 3188 passus
1485 3122 1561 3186 pro·

322 3209 399 3275 bare
422 3227 484 3275 non
518 3210 651 3275 valuerit
674 3211 713 3275 de
736 3211 814 3292 ipsis
838 3210 984 3276 damnum
1009 3211 1171 3293 dantibus,
1206 3209 1264 3276 sed
1295 3210 1443 3275 damnum
1467 3227 1561 3274 suum

323 3316 535 3380 monstauerit
558 3314 720 3382 evidenter
743 3319 777 3380 et
799 3333 942 3380 accusam
964 3313 1075 3380 facerit
1098 3322 1208 3382 contra
1229 3315 1399 3398 proximos,
1423 3313 1468 3379 ibi
1482 3331 1557 3394 pro-

323 3417 469 3499 pinquius
492 3437 707 3500 quaecumque
730 3419 879 3485 animalia
901 3420 1080 3486 detinentes
1104 3425 1137 3486 et
1158 3419 1230 3485 illos
1253 3419 1480 3485 monstrauerit
1502 3437 1561 3500 per

323 3528 424 3588 testes
446 3541 517 3589 esse
539 3524 744 3606 proximiores
774 3525 859 3606 loco,
893 3526 944 3590 vbi
968 3525 1115 3590 da'mnnm
1145 3525 1254 3590 datum
1276 3529 1342 3604 est,
1378 3530 1454 3588 tnnc
1476 3523 1560 3590 tales

320 3628 525 3710 proximiores
547 3635 717 3694 teneantur
740 3629 944 3694 succumbere
966 3649 1087 3712 poenae
1110 3635 1143 3695 et
1166 3630 1271 3695 damni
1293 3629 1558 3708 emendationem,

321 3735 382 3798 nisi
398 3752 432 3799 se
448 3734 625 3800 excusando
642 3735 782 3816 legitime
804 3733 1017 3816 probauerint,
1040 3755 1097 3817 per
1115 3735 1193 3800 alios
1209 3735 1312 3816 ipsum
1328 3735 1476 3800 damnum
1491 3733 1560 3800 lora

324 3839 443 3917 datam,
468 3837 625 3904 antelios
647 3839 690 3903 ibi
713 3857 812 3920 prope
841 3840 1022 3919 postulasse
1044 3847 1078 3903 et
1100 3840 1247 3904 animalia
1281 3839 1456 3906 detinuisse
1480 3845 1559 3903 tnnc

322 3942 477 4026 temporis
501 3942 605 4007 damni
627 3943 716 4022 illati,
750 3948 803 4008 ant
826 3943 904 4008 alios
928 3944 970 4008 ibi
993 3963 1064 4010 asse
1087 3945 1302 4026 proximiores,
1336 3962 1399 4026 quo
1422 3945 1560 4024 probato

324 4047 388 4112 sint
410 4047 580 4129 probantes
614 4047 751 4114 absoluti
774 4055 806 4114 et
828 4048 1058 4114 condemnandi
1091 4049 1218 4114 veniant
1240 4048 1302 4133 illi,
1338 4054 1448 4114 contra
1480 4065 1560 4129 quos

328 4151 507 4218 huiusmodi
540 4152 685 4234 probatio
720 4151 804 4218 lacta
836 4151 946 4228 fuerit,
981 4153 1021 4217 ad
1051 4153 1302 4220 emendationem
1338 4152 1443 4218 dauroi
1464 4161 1496 4218 et
1520 4152 1560 4217 ad

324 4273 459 4340 poenam
483 4257 569 4322 iuxta
591 4255 725 4323 formam
750 4255 868 4322 Statuti
892 4255 1057 4321 Gurzulae.

499 4437 565 4480 OAP·
590 4437 704 4480 Olim·
727 4437 769 4478 DE
791 4436 908 4480 nnuma
930 4437 1177 4480 nsnmmonunu
1199 4437 1386 4482 DAHNORUM.

366 4537 456 4614 Item,
481 4537 565 4617 quod
596 4537 624 4602 si
654 4536 724 4616 quis
758 4540 880 4617 peteret
910 4554 1014 4602 coram
1044 4536 1210 4618 regimine,
1245 4541 1301 4602 aut
1321 4541 1412 4617 parte
1447 4535 1558 4602 maiori

322 4642 483 4724 regiminis
517 4643 720 4708 estimatores
750 4641 811 4706 sibi
842 4641 987 4723 deputam
1017 4643 1218 4709 estimaturos
1253 4639 1380 4722 aliquod
1414 4639 1560 4704 damnum

325 4764 415 4814 suum
438 4751 493 4812 aut
514 4747 675 4815 reuisuros
694 4745 957 4814 existimationem
977 4744 1185 4827 malefactam,
1210 4749 1276 4812 mm
1292 4763 1350 4827 per
1365 4743 1446 4810 alios
1464 4743 1561 4826 depu-
