3388 5356
739 665 814 708 xun.
839 664 935 708 AO'l'US
959 663 1221 709 annumeratus

366 744 448 814 sigilli
467 744 614 798 communie
634 743 915 800 0311313331313313
934 759 1033 814 capsae
1052 745 1202 799 communis
1224 745 1300 798 iuxta
1324 759 1426 799 morem
1450 745 1579 814 patrissat

734 833 827 901 uigore
844 831 933 901 legum
952 847 985 886 ac
1003 831 1234 886 consuetudinum.

412 954 452 1020 In
479 955 597 1020 Christi
619 956 750 1020 nornine.
773 955 882 1020 Arnen.

411 1079 501 1145 Auno
524 1077 699 1143 natiuitatis
723 1077 866 1142 eiusdem
889 1077 1012 1142 MDnui.
1037 1077 1207 1145 indictione
1238 1079 1287 1161 in,
1319 1079 1371 1144 die
1400 1097 1474 1144 uero
1494 1078 1580 1160 primo

371 1183 487 1248 mensis
509 1182 584 1264 Maij
609 1187 714 1248 actum
738 1181 796 1247 sub
819 1181 905 1265 logia
927 1181 1066 1246 marinae
1086 1199 1191 1248 coram
1206 1180 1372 1264 magnifico
1399 1187 1429 1248 et
1445 1201 1582 1265 generoso

370 1289 495 1355 domino
520 1285 692 1352 Melchiore
714 1285 819 1350 Natali
843 1285 957 1351 comite
981 1283 1136 1351 Curzuiaa
1167 1287 1348 1369 dignissimo
1380 1287 1581 1368 praesentibus

369 1392 587 1474 infrascriptis,
612 1409 668 1472 per
690 1409 740 1456 me
762 1389 932 1456 Antonium
957 1409 985 1471 q.
1010 1390 1125 1456 domiui
1148 1390 1271 1456 Paridis
1294 1392 1427 1457 iudicem
1451 1391 1582 1456 maiorem

369 1506 402 1564 et
425 1497 635 1578 antiquiorem
657 1502 873 1578 presentatum
897 1501 930 1561 et
953 1496 1061 1560 datum
1085 1495 1292 1562 131111331133
1314 1495 1461 1562 Andreae
1483 1495 1581 1561 11303-

368 1601 502 1668 nauellis
525 1607 686 1682 tamquam
708 1600 802 1664 iudici
826 1601 935 1666 maiori
958 1605 991 1665 et
1013 1601 1184 1681 antiquiori
1206 1603 1381 1667 successori
1412 1619 1481 1666 1333
1509 1602 1583 1666 iusta

370 1727 489 1773 morem
511 1707 634 1788 patriae
657 1705 792 1788 sigillum
818 1723 989 1770 commums
1007 1703 1171 1790 03113133,
1188 1705 1336 1772 uidelicet
1350 1706 1484 1788 sigilium
1499 1704 1583 1770 sancti

372 1811 471 1876 Marci
494 1811 534 1878 de
556 1809 694 1876 Gurzula
723 1819 756 1874 et
778 1809 838 1876 hoc
868 1811 977 1891 uigore
1006 1810 1085 1893 legis
1114 1811 1146 1874 iu
1176 1828 1259 1876 nouo
1282 1810 1442 1874 uolumine
1469 1809 1506 1875 ad
1526 1829 1583 1892 cap.

368 1915 480 1982 LXXI.
504 1915 589 1998 quod
613 1915 653 1980 de
676 1914 778 1980 iudice
801 1916 841 1979 ad
864 1915 999 1980 iudicem
1032 1915 1071 1980 de
1093 1920 1236 1996 tempore
1264 1917 1296 1980 iu
1329 1923 1453 1998 tempus
1482 1917 1581 1982 debeat

370 2023 439 2088 dari
462 2027 496 2086 et
517 2020 716 2102 praesentari
737 2020 854 2084 dictum
877 2019 1013 2102 sigillum
1038 2020 1139 2085 sancti
1162 2020 1259 2085 Marci
1283 2003 1456 2086 communis
1479 2019 1582 2085 Curzu-

372 2127 438 2204 lae;
455 2131 488 2192 31
503 2124 647 2190 3113111131·
662 2123 735 2188 dedi
750 2130 783 2190 et
798 2123 981 2206 consignaui
1000 2125 1101 2190 eidem
1117 2123 1243 2190 domino
1259 2125 1405 2191 Andreae
1420 2126 1510 2190 iudici
1524 2142 1582 2189 neo
1666 2175 1668 2214 ἐ

370 2231 546 2298 successori
568 2228 688 2294 31333111
705 2247 820 2310 capsae
835 2229 1016 2312 communis,
1033 2248 1129 2312 quarn
1143 2230 1317 2296 habueram
1333 2237 1493 2312 tamquam
1506 2229 1584 2294 iudex

371 2337 473 2401 maior
495 2340 528 2400 et
552 2333 712 2414 antiquior
733 2353 828 2400 unam
851 2335 889 2400 de
911 2335 1013 2400 tribus
1036 2335 1193 2414 clunibus3
1217 2335 1350 2400 alteram
1367 2335 1477 2400 habuit
1498 2352 1584 2399 cane

372 2443 475 2507 rarius
498 2440 670 2505 communis
692 2445 726 2503 et
748 2439 879 2504 aiteram
904 2439 1047 2505 dominus
1071 2457 1175 2506 comes
1197 2441 1308 2522 uigore
1338 2439 1444 2520 legum
1475 2445 1583 2504 31331-

373 2547 589 2623 333131113313;
605 2551 638 2610 31
649 2543 708 2610 hoc
720 2545 941 2626 praesentibus
958 2545 1083 2609 donrino
1094 2544 1253 2626 Pasquale
1269 2543 1424 2609 1313331113
1437 2550 1468 2609 31
1478 2543 1584 2608 133333

370 2651 505 2716 11333113
528 2649 682 2716 iudicibus
704 2650 795 2714 nouis
818 2656 851 2715 et
873 2649 1023 2732 colleghis
1039 2650 1138 2730 ipsius
1155 2649 1271 2714 domini
1293 2648 1440 2714 Andreae
1455 2665 1510 2712 nec
1528 2663 1582 2712 nou
1667 2653 1668 2726 3

369 2755 568 2836 presentibus
591 2753 717 2819 domino
740 2753 910 2819 Francisco
934 2753 1112 2833 Petrouich,
1137 2753 1273 2820 Antonio
1297 2751 1505 2827 Roxeuouich,
1526 2748 1583 2814 113-
1665 2733 1668 2804 t

370 2860 440 2924 rino
463 2860 503 2925 de
526 2859 695 2924 Gabriellis
719 2867 752 2924 et
775 2860 845 2940 alijs
869 2877 963 2939 quam
986 2859 1128 2939 pluribus
1152 2857 1268 2922 circum
1291 2858 1476 2922 astantibus.
1667 2865 1668 2868 ’

795 3073 883 3114 xum.
908 3073 1029 3116 anemio
1052 3073 1176 3115 conssms

369 3153 403 3210 113
420 3153 549 3224 bastasijs
567 3151 661 3208 dandis
679 3151 891 3208 conducentibus
910 3151 1017 3206 bladum
1036 3152 1179 3207 Curzuiam
1197 3151 1232 3208 ad
1250 3167 1385 3221 expensas
1398 3151 1547 3221 commuuis;
1564 3157 1588 3204 et
1666 3173 1668 3188 =

611 3241 765 3309 magazenis
782 3242 867 3309 gratis
886 3256 1058 3310 permenses
1077 3239 1144 3296 duos
1163 3248 1191 3294 31
1210 3257 1264 3296 nou
1282 3240 1363 3294 ultra.
1666 3235 1668 3248 ⁴

415 3365 481 3431 Nus
504 3363 657 3429 Melchior
679 3364 810 3442 Natalis,
836 3365 1127 3454 prolillustrissimo
1151 3365 1255 3431 ducali
1287 3366 1425 3432 dominio
1455 3364 1587 3431 Venetia·
1666 3375 1668 3458 j

370 3489 439 3536 rurn
462 3487 567 3536 comes
591 3469 754 3546 03113133,
778 3470 889 3536 audita
910 3471 1114 3552 requisitione
1137 3457 1254 3536 domini
1270 3469 1385 3535 Marini
1401 3471 1442 3536 de
1457 3469 1586 3536 Gabriel·
1666 3523 1668 3534 .

370 3575 408 3640 lis
432 3575 478 3640 uti
500 3574 693 3656 cammeranj
718 3577 951 3640 communitatis
975 3574 1130 3642 Curzuiae
1158 3576 1316 3640 narrantis
1347 3581 1381 3640 et
1409 3575 1586 3657 exponentia,

371 3699 466 3763 quum
489 3679 539 3757 sit,
563 3679 648 3760 quod
671 3679 748 3744 alias
779 3698 836 3761 per
864 3681 1029 3746 consilium
1058 3680 1155 3746 fuerit
1187 3686 1342 3746 statutum
1372 3684 1406 3745 et
1434 3681 1586 3762 prouisum,

371 3785 455 3866 quod
478 3782 724 3849 conducentibus
747 3783 875 3849 bladum
899 3783 1066 3850 Curzuiam
1090 3785 1204 3850 dentur
1226 3785 1362 3865 bastasij
1388 3789 1421 3850 et
1442 3783 1586 3866 magarani

371 3889 479 3972 gratia,
502 3889 589 3952 311113
610 3887 694 3952 13313
717 3889 885 3968 1113311333,
910 3895 1027 3971 quanto
1050 3895 1194 3971 tempore
1216 3895 1409 3955 mercatores
1426 3895 1586 3954 13331333-

374 3993 461 4058 13331
483 3993 567 4058 dicta
581 4011 752 4076 magazena
767 3995 874 4076 graui;
898 3994 1101 4074 quamobrem
1124 3993 1259 4076 praefati
1279 3993 1408 4058 bladum
1430 3993 1586 4059 conducan-

372 4105 421 4162 tes
436 4103 602 4163 traxerunt
624 4097 656 4161 iu
678 4097 872 4178 coruptelam
890 4100 1095 4179 usquemodo
1113 4099 1248 4166 tenendo
1265 4103 1420 4180 occupata
1434 4115 1587 4180 magnaeus
1667 4159 1668 4168 2

376 4202 608 4267 communitatis
632 4202 673 4266 ad
697 4220 805 4267 eornm
835 4203 959 4268 libitum
989 4222 1059 4268 cum
1087 4203 1274 4285 grauissimo
1297 4202 1412 4268 damno
1434 4199 1586 4268 communis
1667 4227 1668 4266 ς

373 4325 409 4371 33
431 4306 633 4387 singulorum,
658 4325 716 4372 nec
738 4325 801 4372 non
823 4309 1008 4374 sustinendo
1032 4311 1134 4390 pretia
1157 4307 1323 4373 bladorum
1346 4308 1377 4370 in
1401 4305 1585 4382 3331111313·
1666 4295 1668 4320 ³

372 4410 524 4476 ducentes
548 4429 606 4492 per
634 4429 742 4476 eorum
768 4411 921 4476 malitiam
951 4412 1113 4493 occupatis
1143 4413 1288 4478 omnibns
1319 4412 1499 4494 magazenia
1517 4427 1584 4474 oon·
1666 4397 1668 4480 ζ

373 4517 475 4580 1113313
497 4516 600 4596 ipsum
623 4533 787 4580 commuue
810 4517 851 4580 ad
875 4516 1059 4582 soluendum
1076 4515 1214 4582 aifictum
1230 4517 1310 4598 alijs
1327 4533 1425 4580 causa
1440 4513 1584 4580 bladorum

371 4619 662 4700 superuenientium
689 4621 846 4700 quotidie;
870 4627 902 4686 et
918 4622 991 4700 quia
1006 4639 1141 4702 aequum
1166 4626 1216 4686 est
1238 4627 1270 4688 et
1293 4621 1434 4686 iustitiae
1457 4635 1492 4684 ac
1506 4618 1583 4682 hone
1666 4637 1668 4678 1

371 4725 445 4790 31311
476 4741 661 4802 3333331133,
693 4730 729 4789 31
758 4725 841 4790 uude
871 4726 942 4807 ipsa
968 4727 1174 4792 communitas
1197 4725 1277 4791 utile
1306 4743 1370 4791 non
1393 4723 1583 4803 3333333113,
