3396 5402
357 435 397 510 ἧ

354 655 737 738 ehpsorlictotermiuo
771 653 1567 722 dktaacrusanniiirmsitualcffzsiueroin

354 759 448 826 uuit
482 761 603 828 haheat
636 762 1251 844 termioumrausouisqaeqaindetira
1284 759 1570 826 dierumm'inerit

355 865 1568 952 cumrate,umemdmte.oero,aoterusuprsmzanonualest

490 1047 557 1090 UA!-
580 1047 681 1090 mn.
702 1049 745 1090 M
767 1049 960 1092 [mmm
982 1052 1046 1092 1⁰!
1068 1051 1262 1094 mmm
1283 1049 1435 1091 m

398 1147 1573 1230 umanumnsquoouqrauerbemmtueruinnome.uifls

354 1251 494 1330 dotata
516 1252 567 1317 uei
590 1253 623 1317 iu
644 1255 915 1336 quoenmqueaiio
937 1256 1007 1320 Ιοω
1028 1257 1070 1320 de
1093 1255 1186 1323 terro.
1210 1274 1309 1335 unca,
1332 1252 1453 1338 narn,
1476 1252 1575 1334 lapide

355 1357 774 1424 mansuetabat
796 1357 923 1441 aliquod
945 1361 1124 1442 m'gnnmt
1146 1359 1575 1440 nonhaheattestes,primo

352 1461 1575 1548 daredebeatinrameutnmaccnsanti,siestrtdicitetaoeusat,

353 1565 468 1634 deinde
490 1567 1341 1650 muumperfflnnquieriraoeusuusetmresui
1362 1568 1576 1646 iuramentum,

356 1669 383 1736 si
406 1671 525 1750 ium,
542 1673 1175 1741 stinaccusacontraeumcontinetur:
1198 1671 1418 1751 confitetur,
1432 1673 1578 1754 puniatur

355 1775 528 1842 modom
551 1785 682 1856 statuta
705 1787 737 1844 et
768 1779 1014 1858 reformationes„
1045 1782 1071 1845 si
1101 1781 1274 1862 negauerit,
1304 1779 1378 1858 poni
1405 1777 1577 1841 debeatis

355 1881 534 1946 carceribus
556 1887 590 1946 et
622 1882 666 1948 ini
687 1889 753 1949 stet
772 1885 874 1948 tuitus
896 1885 1009 1949 diebus
1030 1893 1065 1949 et
1086 1885 1189 1950 tuitus
1210 1881 1363 1962 menum
1385 1881 1468 1946 etsi
1499 1879 1577 1946 intra

353 1983 471 2050 dictum
494 1985 662 2052 oerninnm
689 1986 864 2066 confitetur,
896 1989 1054 2072 puniatur,
1077 1995 1111 2052 rt
1133 2007 1238 2070 snpra
1261 1989 1288 2052 si
1309 2005 1382 2068 unu,
1403 1985 1496 2050 detur
1519 1984 1576 2050 srti

351 2107 447 2154 vnum
469 2091 613 2156 curulum
636 2095 780 2175 canapris
801 2093 972 2159 secundom
995 2093 1218 2159 monem
1232 2093 1333 2168 emie3
1355 2091 1382 2156 si
1403 2087 1577 2173 confitetur,

352 2193 458 2260 soluat
490 2193 630 2277 duplum,
664 2197 691 2262 si
725 2215 797 2274 non,
831 2198 1018 2262 dimittatur.
1052 2198 1094 2264 Et
1116 2198 1176 2264 hoc
1198 2216 1260 2264 non
1291 2197 1390 2278 possit
1411 2193 1480 2260 fieri
1512 2195 1577 2258 sine

352 2297 441 2364 ouria
462 2297 503 2364 ad
525 2297 661 2382 plenum.

348 2476 417 2520 (rar.
440 2479 550 2522 enm.
581 2481 664 2532 ouon
685 2481 805 2524 suanus
827 2483 1030 2538 amputatus
1051 2483 1154 2526 rusam
1181 2483 1363 2526 sanonum
1385 2483 1443 2524 rao
1464 2480 1577 2522 roam·

905 2550 1017 2613 ιιιιιυε.1

391 2661 470 2728 item
494 2665 671 2744 statuimus,
706 2667 790 2747 quod
811 2668 917 2733 nullus
940 2667 1136 2748 Curculanus
1165 2670 1290 2746 audeat,
1322 2688 1380 2734 nec
1406 2671 1578 2749 presumat,

350 2784 408 2832 nec
431 2769 533 2848 possit
555 2788 734 2856 procurare,
757 2791 815 2838 nec
836 2774 992 2840 aduncare
1014 2793 1072 2856 pro
1087 2776 1193 2855 aliquo
1208 2774 1333 2840 forense
1354 2771 1578 2852 aliquomodo,

352 2870 477 2954 ingenio
511 2873 562 2938 uei
603 2875 829 2944 scaltirimento
863 2879 922 2943 sub
946 2897 1028 2960 pena
1061 2897 1285 2962 pperperornm
1319 2877 1579 2959 uigintiquinque,

352 2975 405 3058 qui
428 2975 597 3044 deneuiaut
618 2980 650 3045 iu
672 2998 844 3062 commune,
867 2983 926 3049 uisi
949 2985 991 3050 sit
1012 2985 1184 3050 aduncatus
1206 2984 1387 3066 communis,
1410 2982 1464 3064 qui
1478 2981 1581 3064 possit

352 3078 507 3148 sinouse
521 3099 579 3164 pro
594 3082 720 3152 forense
732 3087 801 3170 ipso
813 3095 970 3170 presente,
983 3089 1114 3155 absente
1126 3096 1306 3155 autemnon
1318 3088 1376 3153 sub
1388 3087 1473 3152 dicta
1485 3105 1579 3169 pena

416 3259 482 3304 oar.
507 3259 613 3306 oxxrv.
637 3265 719 3317 ouon
740 3267 861 3310 munus
883 3269 1086 3324 consonamus
1109 3269 1210 3312 rossus
1233 3269 1338 3310 armas
1360 3267 1523 3310 munoruus

729 3354 901 3398 oorrrurs
923 3357 963 3397 ru
985 3335 1196 3399 oaossurr.⁹

395 3443 475 3514 Item
498 3449 674 3536 statuimus,
698 3451 782 3532 quod
805 3453 909 3520 nultus
932 3456 1009 3521 ciuis
1034 3453 1228 3536 Cursulanus
1255 3453 1366 3536 possit,
1391 3471 1450 3518 nec
1471 3452 1581 3518 ualeat

351 3565 455 3618 emere
476 3551 622 3621 introitus
645 3557 811 3623 comitatus
826 3577 935 3624 omnes
950 3560 982 3623 in
1004 3577 1157 3642 grossum,
1181 3559 1237 3626 secl
1260 3559 1404 3623 minutim
1428 3557 1468 3622 ad
1491 3576 1576 3622 men-

353 3667 459 3721 suram
482 3673 563 3739 pena
585 3657 771 3726 ducatorum
794 3663 863 3726 auri
885 3663 1121 3745 quinquaginta

408 3831 474 3878 oar.
497 3835 590 3880 cxxv.
613 3837 816 3894 coaonnauun
838 3842 901 3884 uon
923 3843 1025 3884 uossrr
1048 3845 1121 3886 essu
1143 3843 1346 3886 usoouaaroa
1371 3817 1522 3885 oorrrrrs.³

393 3929 473 3998 Item
496 3935 673 4022 statuimus,
696 3938 780 4020 quod
803 3939 907 4006 nullus
938 3939 1132 4022 Curculanus
1161 3941 1264 4023 possit
1293 3959 1364 4007 esse
1394 3945 1580 4022 procurator

351 4033 481 4104 alicuius
503 4039 634 4121 comitis,
658 4059 717 4108 nec
738 4043 778 4110 de
800 4047 1053 4126 possessionibus
1076 4065 1133 4112 seu
1150 4047 1303 4113 reditibus
1318 4065 1353 4112 se
1367 4045 1579 4112 intromittere

349 4155 432 4222 pena
454 4139 639 4210 ducatorum
670 4147 1177 4231 auriquinquaginto‚c0m1nuni
1205 4150 1440 4233 aplicsndorum
1470 4155 1503 4214 et
1530 4166 1581 4214 re-

348 4241 451 4323 gimen
474 4249 619 4313 teneatur
642 4250 814 4331 procedere
835 4259 945 4320 contra
966 4255 1064 4320 talem
1087 4256 1154 4321 sine
1176 4255 1283 4336 aliqua
1305 4253 1519 4320 causacione!

396 4397 405 4438 ¹
423 4403 481 4466 Ed.
497 4403 599 4468 Van:
620 4409 672 4487 ,Q.
689 4427 716 4471 n.
734 4411 762 4474 0.
779 4429 807 4488 p.
824 4430 884 4474 esse
899 4419 1063 4490 procurator
1087 4415 1252 4494 forensium,
1275 4415 1400 4491 exceptis
1424 4431 1474 4490 pro
1497 4430 1582 4490 pras·

348 4491 476 4553 rentibus
499 4491 655 4557 Aduooatis
671 4497 860 4564 mnnunut.

396 4572 409 4612 ²
424 4579 509 4641 Deest
523 4581 551 4642 in
568 4579 645 4644 Cod.
663 4585 741 4660 cap.

397 4659 408 4700 ⁸
423 4665 482 4728 Ed.
499 4667 606 4733 Vens
627 4671 723 4749 „Quod
737 4673 832 4735 nullus
847 4675 1024 4740 Ournulanus
1039 4672 1147 4754 possiu‘
1163 4679 1217 4739 etc.

397 4747 408 4786 ⁴
424 4751 481 4818 Ed.
497 4755 584 4822 Ver.
602 4760 829 4844 „excusationet
