3396 5402
329 391 389 454 102

326 613 456 662 numero
476 593 605 662 fuerunt
626 594 722 678 lxviij.
747 601 873 677 captum
897 592 957 660 fuit
979 598 1013 660 et
1035 591 1239 660 reformatum
1261 610 1321 674 per
1342 591 1483 658 ballotas
1504 589 1563 673 iiij.

326 700 589 767 contrariantibus
620 700 690 782 aliis
713 700 840 782 positis,
875 706 908 766 et
930 699 1067 781 repertis
1088 699 1121 762 in
1144 699 1280 765 bussulo.
1303 696 1419 762 eoloris
1451 696 1564 762 viridis

326 807 366 874 de
388 824 534 890 numero,
564 823 646 887 quae
667 803 797 872 fuerunt
818 825 867 870 xv.
891 804 977 886 qnod
1000 803 1141 886 quilibet,
1178 821 1248 868 enm
1270 803 1377 868 veniet
1397 802 1439 866 ad
1460 801 1564 883 ipsius

325 912 409 977 vitae
430 917 614 990 extremum,
636 911 736 992 possit
757 915 859 976 totam
882 916 916 976 et
936 911 1093 990 integram
1115 913 1237 990 partem
1260 912 1406 989 quartam
1430 925 1563 972 suorum

325 1016 479 1081 bonorum
502 1015 660 1080 stabilium
691 1014 851 1080 dimittere
882 1015 1066 1096 cuicunque
1089 1013 1149 1080 sibi
1170 1013 1329 1080 videbitur
1351 1019 1384 1078 et
1406 1011 1566 1095 placuerit

326 1138 384 1202 pro
407 1137 484 1186 suae
506 1119 597 1185 libitu
619 1118 800 1186 voluntatis.
828 1120 945 1186 Verum
968 1119 1142 1200 posthaec
1163 1119 1336 1200 praedicta,
1360 1118 1445 1200 quod
1467 1123 1565 1200 pater

326 1241 390 1289 non
411 1224 512 1306 possit
533 1224 653 1290 habens
676 1224 782 1307 plures
805 1229 897 1290 natos
920 1224 960 1290 de
982 1225 1080 1306 ipsius
1103 1223 1193 1290 bonis
1208 1224 1337 1305 reliquis
1353 1223 1474 1304 aliquid
1490 1221 1564 1304 plus

328 1329 486 1395 dimittere
509 1329 569 1408 vni,
594 1346 688 1409 qoam
711 1329 997 1394 altenseoundum
1015 1329 1100 1410 qnod
1122 1329 1154 1393 in
1176 1329 1238 1397 alio
1261 1328 1390 1394 Statuto
1412 1329 1445 1392 in
1468 1345 1563 1409 prae-

328 1433 409 1498 senti
431 1433 588 1499 volumine
618 1433 821 1499 continetur.1
854 1433 888 1498 Si
910 1434 1038 1515 quidem
1066 1433 1248 1500 reformatio
1270 1451 1328 1515 pro
1351 1432 1482 1499 satum
1503 1433 1563 1499 ba·

327 1537 442 1604 beatur
464 1541 497 1602 et
518 1539 548 1603 in
571 1539 651 1605 libro
675 1537 873 1604 Statutorum
896 1538 1034 1604 ciuitatis
1057 1537 1214 1604 Curzulae
1236 1538 1330 1604 scribi
1353 1539 1479 1605 debeat
1571 1555 1576 1570 ·

629 1753 695 1796 oar.
720 1753 839 1796 oxxxrr.
862 1755 931 1796 vnn
954 1752 1109 1798 ronrnnnr
1131 1729 1263 1796 nxnna.²

373 1869 453 1936 Item
473 1875 599 1951 captum
623 1869 683 1935 fuit
704 1871 737 1936 in
759 1871 844 1936 dioto
867 1871 1013 1956 oonsilio,
1049 1871 1131 1952 quod
1167 1870 1313 1951 quilibet,
1349 1869 1402 1950 qui
1426 1869 1566 1934 voluerit

329 1979 456 2056 portare
478 1975 583 2039 vinum
607 1975 648 2040 ad
671 1975 867 2042 vendendum
891 1981 981 2042 extra
1002 1977 1137 2042 insulam
1161 1975 1262 2057 possit
1284 1973 1497 2054 vindemiare,
1531 1981 1566 2040 et

330 2077 357 2143 si
378 2078 462 2144 dieat
477 2085 604 2160 portare
619 2081 724 2146 vinum
740 2081 781 2147 od
797 2081 993 2152 vendendum
1010 2088 1100 2147 extra
1114 2085 1147 2146 et
1162 2099 1225 2146 non
1240 2079 1424 2162 portauerit,
1449 2079 1566 2160 perdat

329 2182 553 2250 incontinenti
587 2189 688 2250 totum
723 2187 843 2262 vinum,
876 2188 964 2252 ouius
998 2175 1152 2252 medietas
1174 2185 1216 2250 sit
1239 2183 1423 2250 Communis
1447 2185 1567 2250 atalia

330 2287 530 2354 accusatoris.

586 2485 653 2528 oar.
677 2467 1049 2531 oxxxrn.'ssuar.nrrznn
1072 2465 1305 2532 alerannum*

372 2593 451 2658 Item
474 2593 505 2657 in
528 2593 612 2659 dioto
636 2595 764 2661 consilio
795 2615 869 2677 pars
892 2595 952 2661 fuit
974 2597 1095 2680 posita,
1130 2598 1215 2679 quod
1237 2597 1469 2679 unusquisque,
1505 2599 1559 2678 qni

329 2697 472 2780 voluerit,
496 2700 597 2780 possit
620 2706 812 2785 construere,
836 2720 891 2767 seu
915 2701 1082 2767 aedificare
1099 2703 1236 2788 domum,
1260 2723 1316 2768 seu
1331 2702 1561 2768 habitationem

330 2801 361 2866 in
384 2801 480 2878 valle,
514 2821 595 2884 quae
624 2804 737 2869 dicitur
766 2805 965 2884 Saualatiza3
999 2807 1092 2872 modo
1117 2813 1223 2872 tamen
1255 2807 1315 2872 boc
1348 2805 1561 2890 infrascripto,

330 2905 491 2986 videlicet3
523 2908 606 2989 quod
629 2909 697 2986 ille,
733 2912 785 2990 qui
809 2911 946 2976 voluerit
979 2909 1155 2989 aedificare,
1183 2931 1239 2977 sen
1262 2909 1367 2976 faeere
1402 2908 1563 2975 aedificari

330 3009 468 3089 domum,
490 3029 545 3076 seu
570 3012 806 3098 habitationem,
830 3033 893 3081 non
917 3016 1033 3080 debeat
1055 3015 1148 3080 modo
1171 3016 1276 3098 aliquo
1300 3033 1455 3097 occupare
1475 3015 1563 3080 illum

329 3114 442 3195 locum,
465 3134 637 3198 perquem
661 3120 762 3199 possit
784 3119 933 3200 planities
957 3121 1101 3202 impediri
1124 3127 1156 3186 et
1178 3139 1236 3186 nec
1259 3120 1470 3202 impediantur
1485 3121 1563 3199 loeo,

330 3237 411 3301 quae
435 3226 540 3287 essent
562 3223 703 3301 alterius,
728 3241 786 3289 neo
809 3225 904 3288 etiam
928 3226 997 3290 viae
1020 3223 1217 3310 Communis3
1246 3231 1280 3291 et
1301 3226 1328 3291 si
1350 3225 1421 3306 quis
1444 3223 1563 3292 faceret

331 3331 441 3392 eontra
462 3327 633 3408 praedicta,
656 3327 725 3409 ipso
756 3327 840 3394 laeto
871 3329 1011 3412 regimen
1034 3328 1198 3414 Ourzrrlae,
1230 3331 1315 3412 quod
1338 3349 1395 3414 pro
1418 3335 1563 3413 tempore

330 3433 463 3497 venturo
485 3433 563 3512 erit,
594 3432 710 3499 debeat
732 3439 765 3499 et
787 3439 934 3500 teneatur
957 3435 1041 3500 omni
1063 3453 1159 3500 eausa
1181 3443 1319 3520 remota,
1350 3441 1452 3502 totum
1474 3437 1560 3515 illnd,

331 3535 414 3617 quod
437 3534 519 3601 foret
540 3555 599 3618 per
621 3538 764 3619 quemuis
787 3545 1012 3620 constructum,
1047 3559 1104 3606 seu
1126 3540 1327 3608 aedificatum
1349 3541 1381 3606 in
1404 3542 1562 3624 praeiudi·

330 3640 409 3706 tium
431 3641 671 3722 praedictorum,
695 3643 727 3706 in
750 3644 921 3710 continenti
943 3644 1048 3712 faeere
1071 3645 1192 3711 destrui
1207 3651 1239 3711 et
1261 3646 1453 3727 deguastari.
1479 3644 1561 3728 Cup

333 3749 400 3809 tum
422 3744 482 3810 fuit
504 3765 561 3828 per
583 3747 719 3813 ballotas
742 3747 801 3812 lxx.
825 3751 1000 3815 contrariae
1023 3767 1098 3815 vero
1121 3753 1161 3815 iv.

372 3957 439 4002 oar.
464 3959 590 4002 oxxxrv.
614 3959 830 4004 nnrmnnnnnr
853 3963 886 4003 m
910 3963 1060 4025 oonsrnro,
1083 3965 1123 4006 vn
1145 3965 1210 4007 nou
1231 3965 1355 4008 rossum
1377 3943 1528 4007 vonnnn.⁴

374 4065 454 4132 Item
466 4067 632 4134 Millesimo
648 4069 955 4150 quadringentesimo
971 4069 1091 4136 decimo
1108 4071 1225 4152 quinto,
1242 4072 1417 4139 lndiotione
1432 4091 1515 4138 nona
1531 4081 1564 4139 et

333 4171 385 4238 die
407 4172 516 4238 vltimo
532 4172 705 4256 Februarij.
730 4173 766 4238 In
781 4173 874 4255 pleno
891 4181 925 4240 et
939 4177 1080 4257 generali
1096 4178 1225 4243 oonsilio
1241 4178 1378 4244 ciuitatis
1396 4183 1429 4243 et
1444 4179 1564 4244 insulae

334 4273 490 4342 Curzulae
513 4277 553 4341 ad
575 4295 685 4342 sonum
709 4297 879 4362 campanae
901 4269 1105 4347 more'solito
1129 4287 1330 4366 congregato,
1352 4284 1384 4347 in
1409 4301 1472 4364 quo
1496 4285 1562 4366 qui·
1667 4289 1669 4366 j

379 4417 390 4453 ²
407 4419 447 4480 of.
465 4435 540 4494 oap.
557 4419 704 4482 XXXVII.
721 4422 874 4482 Reform.
890 4426 919 4482 et
935 4423 1059 4498 capitula
1075 4425 1113 4485 ib.
1130 4427 1179 4484 eit.

380 4502 451 4568 ’cf
468 4524 553 4581 supra
568 4523 642 4582 oap.
658 4509 735 4569 xlv.
752 4512 867 4584 alque
882 4511 967 4571 CXX.
985 4511 1144 4573 Reform.

381 4590 449 4656 ³cf.
466 4611 540 4669 cap.
557 4593 645 4656 xen.
663 4595 815 4659 Reform.
832 4599 962 4671 superius
978 4599 1105 4661 ditatum.

382 4677 451 4745 ‘dt
468 4681 543 4744 infra
558 4699 633 4760 eap.
651 4683 802 4746 oxxxlx.
818 4685 974 4748 Reform.
