3376 5392
664 693 728 733 nrx.
751 692 886 734 manaa
908 692 1039 736 nucaurs
1063 680 1157 734 mv·

514 772 547 826 de
565 771 689 842 pecuniis
706 773 819 840 triginta
836 779 865 826 et
882 771 1063 840 quadraginta
1080 787 1130 842 pro
1149 773 1312 828 centenario.

338 879 537 964 Augustiana
560 877 737 944 Barbadico
760 877 821 942 Dei
840 879 948 962 qratia
969 877 1035 941 dax
1064 877 1262 942 Vasatioram
1285 887 1338 944 etc.

338 983 454 1050 Dilecti
476 985 576 1048 nostri
599 980 810 1075 significamus
844 983 945 1061 uobis,
970 981 1056 1062 quod
1078 981 1173 1049 hodie
1195 1003 1264 1048 curn
1281 982 1412 1048 consilio
1428 989 1531 1048 nostro

295 1089 414 1154 Decem
430 1086 672 1155 deliberauimus
688 1093 722 1152 et
737 1087 944 1168 prouidimus‚
968 1085 1053 1167 quod
1071 1086 1111 1151 de
1126 1093 1237 1152 cetero
1254 1105 1362 1152 ornnes
1387 1087 1533 1168 pecuniae

294 1199 422 1259 nostrae
455 1192 586 1275 triginta
614 1196 646 1257 et
675 1191 886 1274 quadraginta
916 1208 973 1272 pro
1003 1193 1185 1256 centenario
1214 1197 1249 1258 et
1280 1199 1443 1257 tensarum
1473 1197 1533 1254 tan

294 1298 387 1374 intus,
412 1314 508 1376 quam
530 1300 628 1373 extra,
654 1295 838 1376 suppositae
854 1295 918 1359 sint
933 1294 1077 1376 praefato
1099 1295 1230 1361 consilio
1246 1302 1366 1380 nostro,
1392 1293 1532 1376 quodque

297 1401 436 1482 deipsis
459 1400 601 1482 pecunijs
624 1399 693 1464 fieri
717 1399 834 1465 debeat
856 1417 914 1480 per
937 1397 1071 1464 offitium
1093 1400 1340 1482 gubernatorum
1357 1407 1533 1465 nostrorum

294 1506 479 1572 introituum
504 1504 544 1570 de
567 1511 709 1584 tempore
732 1503 764 1568 in
787 1511 913 1585 tempus
937 1504 1130 1586 depositum,
1155 1505 1405 1570 conseruandum
1429 1503 1468 1568 de
1486 1521 1531 1568 cc-

143 1600 146 1608 ’
269 1603 362 1704 1ῐθιὊ
395 1609 545 1674 intactum
582 1607 622 1673 ad
654 1627 766 1674 nomen
798 1614 831 1673 et
861 1607 1115 1674 ordinamentum
1149 1609 1249 1691 ipsius
1283 1608 1405 1690 consilij
1437 1607 1532 1673 nostri

292 1713 410 1780 Decem
433 1731 503 1778 cum
526 1711 695 1778 additione.

335 1817 488 1886 Volumus
511 1817 626 1881 idcirco
649 1821 682 1881 et
704 1833 774 1880 cum
797 1816 909 1881 eodem
932 1817 1061 1882 consilio
1084 1817 1175 1882 uobis
1205 1814 1424 1882 efficacissime
1450 1834 1531 1881 man·

293 1923 412 2002 damuS,
436 1921 526 1986 utin
556 1919 775 1998 solutionibus
801 1937 879 1999 quas
904 1920 944 1986 de
967 1926 1072 1986 cetero
1103 1919 1227 1985 iacietis
1258 1920 1446 1986 salariorum
1474 1929 1532 1986 tarn

294 2032 452 2092 rectorum
483 2031 678 2103 uestrorum,
710 2043 805 2106 quam
835 2023 1012 2091 offitialium
1041 2044 1185 2106 suorum,
1209 2043 1272 2090 non
1304 2025 1448 2092 debeatis
1477 2025 1534 2092 illis

294 2131 371 2196 dare
401 2131 461 2196 nisi
488 2137 597 2195 netum
631 2129 818 2194 salariorum
857 2149 1003 2206 suorum;
1042 2131 1205 2196 denarium
1234 2149 1311 2198 uero
1344 2131 1476 2212 triginta
1505 2135 1534 2196 et

262 2304 269 2318 ‚
294 2235 505 2318 quadraginta
526 2253 584 2316 pro
608 2235 790 2300 centonario
813 2239 846 2298 et
865 2240 1028 2300 tansarurn
1052 2234 1217 2300 retinendo
1247 2241 1280 2301 et
1310 2235 1467 2301 mittendo
1497 2235 1534 2300 de

295 2347 437 2420 tompore
460 2340 492 2403 in
514 2345 639 2420 tempus
655 2339 696 2403 ad
713 2337 845 2404 offitium
861 2338 1077 2420 praefatorum
1093 2340 1342 2423 gubernatorum
1358 2347 1536 2404 nostrorum

295 2444 481 2510 introituum
504 2443 608 2508 subito
631 2449 725 2524 prout
747 2443 919 2526 exigentia,
945 2445 977 2508 in
1000 2463 1115 2526 magna
1137 2444 1190 2509 uel
1220 2463 1320 2526 parua
1350 2444 1534 2537 quernae,

295 2549 497 2631 exprimendo
520 2567 647 2630 semper
669 2549 702 2612 in
724 2548 848 2632 litteris,
872 2549 940 2614 siue
957 2551 1122 2632 computis,
1146 2567 1226 2630 quas
1250 2561 1284 2616 et
1305 2567 1388 2628 quae
1407 2549 1536 2614 mittetis

294 2653 335 2720 ad
358 2653 475 2718 dictum
497 2651 640 2734 offitium,
664 2652 799 2731 nomina,
823 2654 1017 2734 quantitates
1033 2659 1066 2719 et
1081 2659 1225 2736 tempora
1240 2653 1285 2719 ita
1304 2653 1537 2735 particulariter

293 2763 327 2823 et
349 2758 506 2841 distincte,
530 2757 615 2838 quod
638 2758 670 2821 in
693 2757 780 2822 libris
804 2757 880 2822 dicti
911 2757 1001 2840 oifitij
1025 2759 1149 2839 possint
1179 2758 1255 2841 poni
1286 2759 1327 2823 ad
1357 2764 1535 2840 computum

297 2868 330 2929 et
352 2863 503 2928 creditum
527 2861 661 2942 illorum,
687 2862 727 2926 de
751 2863 875 2928 ratione
899 2881 1031 2943 quarum
1054 2862 1181 2928 fuerint.

337 2967 407 3033 Hoc
427 2986 505 3034 uero
528 2973 671 3033 nostrum
694 2974 728 3031 et
750 2967 825 3032 dicti
849 2967 971 3050 consilij
987 2967 1087 3034 nostri
1102 2969 1219 3034 Decem
1236 2968 1420 3034 mandatum
1435 2969 1534 3034 inuio·

293 3072 432 3139 labiliter
465 3071 675 3138 obseruabitis
706 3072 763 3137 sub
795 3089 899 3153 poena
927 3073 1150 3154 indignationis
1181 3072 1321 3139 eiusdem
1353 3073 1486 3155 consilij‚
1509 3073 1536 3138 ai

293 3177 535 3260 quoquomodo
566 3176 781 3242 contrafacere
811 3178 1086 3259 praesumpseritis
1118 3179 1279 3260 praesenti
1309 3177 1475 3244 intentioni
1506 3183 1537 3244 et

299 3283 516 3350 ordinamenta
538 3287 657 3347 nostro.

339 3387 474 3454 Demum
497 3405 567 3452 cum
589 3388 701 3452 eodem
726 3386 855 3453 consilio
878 3387 969 3452 uobis
986 3387 1179 3464 mandamus,
1204 3394 1240 3452 ut
1262 3405 1371 3454 omnes
1388 3389 1537 3470 pecunias

294 3492 370 3558 dicti
392 3493 525 3559 nominis
550 3493 648 3558 debiti
669 3493 788 3558 ueteris
811 3493 852 3557 ad
875 3492 956 3557 hanc
979 3509 1078 3572 usque
1103 3492 1184 3557 diem
1200 3498 1348 3558 excutere
1364 3499 1398 3557 et
1412 3493 1537 3557 mittere

294 3598 470 3680 procuretis
492 3598 532 3662 de
554 3605 696 3678 tempore
719 3598 750 3660 in
766 3603 891 3678 tempus
906 3597 947 3662 ad
964 3616 1074 3662 manus
1091 3597 1340 3679 gubernatorum
1355 3601 1534 3662 nostrorum

297 3703 490 3768 introituum.
514 3701 558 3766 Et
571 3708 607 3766 ut
621 3701 806 3783 intelligatis
822 3701 903 3766 bene
919 3700 1090 3767 efficaciam
1103 3701 1280 3783 praesentis
1297 3701 1534 3767 deliberationis

296 3813 433 3892 nostrae,
457 3807 577 3885 scitote,
602 3807 685 3888 quod
707 3824 765 3888 per
788 3805 921 3870 formam
944 3806 1037 3870 ludus
1067 3807 1141 3872 noui
1172 3806 1290 3871 ordinis
1320 3811 1475 3871 statutum
1505 3813 1536 3870 et
1655 3859 1656 3864 ,

295 3913 458 3994 prouisum
480 3917 540 3988 est,
563 3910 648 3992 quod
670 3909 716 3974 illi
739 3911 902 3992 camerarij
926 3911 1017 3976 istius
1050 3916 1083 3976 et
1105 3911 1238 3975 aliarum
1268 3911 1536 3990 communitatum,

295 4017 460 4082 ciuitatum
475 4021 508 4080 et
522 4016 663 4080 locorum
675 4023 865 4093 nostrorum,
877 4015 932 4095 qui
947 4015 1135 4100 acciperent,
1148 4013 1328 4094 retinerent
1341 4015 1395 4080 uel
1411 4015 1535 4098 dispen-

295 4129 404 4188 sarent
426 4121 549 4187 soldum
571 4121 725 4185 dictarum
747 4122 878 4203 triginta
909 4126 941 4185 et
964 4119 1177 4202 quadraginta
1207 4137 1264 4202 pro
1299 4121 1481 4200 centenario
1504 4126 1535 4185 et

296 4232 460 4292 tansarnm
494 4231 605 4292 contra
639 4225 844 4291 intentionem
875 4225 1053 4306 praesentis
1083 4225 1301 4302 ordinamenti‚
1325 4225 1443 4290 cadant
1468 4226 1535 4306 ipso

294 4331 379 4397 iacto
402 4331 485 4396 ultra
507 4349 624 4412 poenas
646 4331 709 4394 iam
732 4331 831 4396 dictas
851 4331 883 4394 in
905 4329 1205 4395 inremissionabiles
1227 4348 1346 4410 poenas
1366 4329 1533 4394 iurantium

297 4441 408 4500 contra
429 4435 517 4518 ipsos
540 4436 739 4518 exequendas
765 4454 823 4517 per
854 4435 960 4516 capita
989 4433 1108 4516 consilij
1140 4436 1237 4500 nostri
1269 4433 1388 4500 Decem
1418 4435 1532 4514 absque

297 4539 359 4606 alio
382 4539 520 4606 consilio.

338 4642 405 4709 Has
427 4648 535 4708 autern
556 4647 681 4709 nostras
703 4643 826 4710 litteras
850 4644 1013 4727 registrari
1034 4644 1066 4707 in
1089 4643 1178 4710 libris
1202 4643 1286 4708 illius
1302 4641 1527 4709 communitatis

294 4745 418 4814 {aistis
440 4749 481 4814 ad
502 4747 679 4814 futurorum
702 4749 894 4815 memoriam.
