3416 5350
348 471 407 533 106

344 671 459 752 stringi
481 671 523 736 ad
546 670 804 738 satisfaciendum
828 673 861 735 in
883 677 986 736 totum
1009 675 1043 738 et
1063 671 1248 738 insolidum
1263 675 1366 738 totum
1381 671 1424 750 id,
1447 690 1502 754 pro
1517 691 1569 755 quo

344 773 521 857 promissio,
545 775 597 842 uel
621 775 774 857 obligatio
796 773 882 841 iaota
904 780 999 842 esset.

760 1005 827 1048 cAP.
851 1003 993 1046 umvn.
1017 1004 1060 1046 DE
1081 1005 1189 1048 sonu

388 1121 469 1188 item
483 1127 649 1186 'statutum
666 1126 699 1187 et
713 1120 894 1186 ordinatum
910 1125 971 1198 est,
992 1119 1077 1202 quod
1093 1121 1120 1186 si
1135 1121 1325 1202 principalis
1352 1121 1403 1186 uel
1418 1119 1569 1188 fideiussor

347 1244 409 1292 non
431 1225 574 1291 solueret
593 1225 636 1310 id,
660 1243 719 1307 pro
743 1241 805 1305 quo
828 1223 989 1290 fideiussio
1012 1223 1065 1288 nel
1089 1223 1241 1305 obligatio
1264 1223 1350 1288 laeta
1373 1231 1473 1297 esset,
1505 1231 1569 1289 tune

346 1327 513 1396 fideiussor
535 1329 664 1395 realiter
686 1335 719 1396 et
734 1328 943 1410 personaliter
961 1327 1168 1410 oompellatur
1184 1328 1226 1392 ad
1241 1328 1489 1394 satisfactionem
1501 1329 1567 1405 eius,

347 1451 404 1514 pro
428 1449 490 1514 quo
513 1431 684 1518 fideiussio‚
708 1433 870 1515 obligatio,
895 1432 946 1497 uel
970 1431 1135 1514 promissio
1159 1431 1243 1497 laets
1264 1438 1360 1499 esset.

740 1663 807 1707 (lAP.
832 1663 988 1704 LXXXVIII.
1012 1663 1053 1704 DE
1075 1663 1191 1704 EODEM.

377 1779 471 1864 ¹Item
502 1783 655 1844 statutum
685 1785 718 1845 et
740 1779 921 1845 ordinatum
944 1785 1011 1856 est,
1043 1779 1129 1860 quod
1158 1779 1185 1844 si
1219 1779 1333 1860 aliquis
1365 1777 1569 1845 fideiussorin

350 1901 445 1949 eausa
468 1883 569 1958 oiuili,
605 1884 656 1948 uel
681 1883 834 1949 criminali
857 1883 954 1950 soluit
976 1883 1114 1965 aliquam
1141 1884 1272 1966 pecunie
1296 1884 1502 1965 quantitatem
1523 1901 1569 1965 pro

349 1987 414 2065 illo,
437 2006 495 2069 pro
519 2005 581 2068 quo
597 1985 761 2066 fideiussit
787 1991 862 2052 tuno
884 1988 926 2054 ad
942 1987 1129 2070 petitionem
1146 1985 1341 2053 fideiussoris
1361 1987 1510 2054 soluentis
1524 2005 1569 2068 po-

349 2095 449 2156 testas
473 2097 507 2156 ei
529 2097 632 2157 reotor·
655 2093 740 2172 diotq
764 2091 902 2157 ciuitatis
926 2093 1049 2158 eteius
1080 2092 1167 2156 ouria
1190 2097 1360 2156 teneantur
1384 2091 1570 2172 principalem

350 2192 455 2260 faeere
479 2197 549 2278 oapi
573 2201 607 2262 et
628 2195 841 2278 personaliter
863 2195 1008 2276 detineri
1034 2195 1135 2259 donec
1158 2193 1333 2260 satisfaciat
1352 2192 1527 2260 fideiussori
1540 2192 1573 2258 de

348 2299 492 2383 pecnnia,
515 2316 608 2380 quarn
632 2298 730 2365 soluit
751 2317 810 2380 pro
831 2316 868 2364 eo
890 2304 923 2365 et
945 2298 986 2364 de
1008 2300 1156 2380 expensis
1179 2297 1338 2378 legitimis

392 2526 458 2570 OAP.
483 2527 616 2570 LXXXIX·
651 2531 693 2571 DE
715 2529 930 2573 mommolus
953 2529 1188 2572 recuperemus
1211 2528 1233 2570 Δ
1255 2528 1400 2570 ΒΕΒΌῙἮΟ
1424 2527 1537 2568 nom.

392 2641 473 2706 Item
496 2647 650 2709 statutum
674 2649 707 2712 et
729 2644 910 2710 ordinatum
935 2650 993 2726 est,
1018 2643 1103 2726 quod
1126 2645 1152 2708 si
1176 2643 1246 2724 quis
1269 2643 1437 2725 partualis,
1460 2661 1513 2707 seu
1532 2640 1570 2705 ia·

350 2744 473 2810 mulus¹
495 2749 663 2827 masculus,
688 2748 739 2813 uel
762 2747 881 2828 femina
904 2749 1084 2830 promiserit
1107 2748 1200 2812 alicui
1223 2754 1308 2813 sture
1330 2748 1372 2812 ad
1389 2745 1572 2812 seruiendum

350 2865 409 2928 pro
433 2848 539 2930 aliquo
559 2851 664 2917 oerto²
678 2859 830 2934 tempore,
856 2853 895 2917 de
912 2871 974 2934 quo
991 2858 1145 2934 appareat
1159 2851 1320 2934 publicum
1335 2851 1571 2931 instrumentum,

351 2951 404 3015 uel
427 2954 607 3033 perbonos
631 2961 743 3038 testes
768 2962 801 3022 ot
823 2958 892 3038 ipsa
914 2955 1051 3022 famulus
1075 2957 1126 3022 uel
1149 2955 1305 3038 partualis
1331 2960 1406 3020 ante
1422 2955 1572 3020 terminum

352 3053 534 3124 discesserit
556 3059 596 3124 de
621 3059 752 3126 seruitio
775 3061 892 3126 domini
915 3080 972 3128 seu
995 3061 1119 3142 patroni
1137 3061 1203 3138 sui;
1227 3059 1314 3142 quod
1336 3059 1455 3124 licitum
1474 3057 1512 3123 eit
1523 3055 1574 3138 ipsi

352 3159 489 3240 domino,
515 3163 567 3229 uel
589 3168 725 3246 patrono
748 3183 815 3250 suo,
839 3164 951 3251 ipsum,
976 3165 1028 3231 uel
1051 3165 1151 3246 ipsam
1174 3164 1303 3246 impune
1327 3163 1370 3228 ad
1386 3181 1475 3228 suum
1490 3160 1573 3228 serui-

351 3261 430 3328 tium
452 3265 586 3358 duoere3
611 3269 693 3334 etsi
724 3287 796 3334 eum
820 3269 1049 3349 uerberanerit,
1073 3285 1136 3332 non
1152 3267 1312 3350 puniatur,
1337 3265 1502 3332 dummodo
1522 3281 1574 3328 non

351 3369 534 3437 uerbauerit
557 3389 627 3436 curm
650 3371 747 3439 armis
770 3377 804 3439 et
827 3371 981 3438 effusione
1005 3373 1177 3454 sanguinis,
1202 3388 1259 3437 neo
1282 3389 1353 3436 oum
1381 3366 1575 3434 mombritio

350 3471 490 3539 bilitate:
514 3475 604 3542 saluo
627 3477 712 3558 quod
736 3497 814 3544 uxor
837 3477 906 3543 sine
930 3495 1084 3543 consensu
1108 3476 1212 3542 mariti
1237 3476 1285 3540 sui
1309 3491 1373 3539 non
1396 3473 1493 3555 possit
1512 3487 1575 3554 pro-

351 3577 479 3643 mittere
509 3585 541 3644 et
572 3599 606 3646 se
638 3580 780 3664 obligare
812 3581 853 3647 ad
876 3581 1024 3646 standum
1055 3579 1151 3646 etad
1174 3578 1378 3646 seruiendum
1402 3573 1576 3642 aliouisine

353 3678 433 3762 niro,
458 3699 554 3762 quum
578 3683 651 3750 talis
674 3685 841 3766 promissio
865 3689 952 3750 esset
974 3689 1084 3750 oontra
1107 3683 1201 3749 deum
1227 3687 1261 3746 et
1291 3687 1403 3748 eontra
1425 3679 1575 3746 canonicas

354 3785 551 3852 sanctiones:
576 3805 646 3852 eum
669 3806 784 3854 uxores
808 3807 827 3852 a
849 3787 926 3852 uiris
950 3805 1013 3853 non
1036 3787 1175 3852 debeant
1197 3785 1376 3868 separari⁸;
1399 3790 1433 3851 et
1453 3783 1575 3849 etiams

352 3887 409 3953 tali
432 3889 640 3970 promissione
663 3908 741 3957 uxor
763 3891 943 3958 nullatenus
967 3891 1133 3972 obligetur.

438 4119 506 4163 oar.
530 4122 580 4164 xo.
605 4124 647 4166 ns
669 4121 918 4167 oonrnronanrona
939 4121 1024 4173 nom,
1047 4121 1109 4164 nan
1131 4119 1292 4164 anunm
1306 4091 1501 4162 nooamors‘.

394 4237 476 4301 ltem
500 4243 655 4304 statutum
678 4244 711 4304 et
734 4239 914 4304 ordinatum
937 4243 1003 4318 est,
1037 4238 1122 4319 quod
1145 4237 1172 4302 si
1194 4236 1309 4318 aliquis
1331 4230 1574 4304 commodarent,

351 4340 405 4406 uel
417 4340 573 4408 locauerit
588 4341 681 4408 alioui
694 4343 832 4426 aliquem
848 4362 938 4409 suum
955 4361 1081 4425 equum,
1101 4341 1274 4426 roncinum,
1291 4339 1344 4406 uel
1360 4339 1446 4404 eliud
1463 4333 1572 4412 animal,

352 4491 559 4504 ——ss-

400 4551 410 4588 ¹
438 4573 508 4633 „sou
531 4553 675 4615 famulus“
705 4554 789 4614 deest
811 4573 860 4630 ap.
884 4554 994 4632 Ljub.
1054 4549 1067 4586 ⁹
1089 4553 1180 4612 Deest
1202 4551 1297 4613 ibid.
1360 4547 1469 4612 'Cori
1484 4543 1575 4606 aoarl.

352 4643 377 4703 Β
400 4645 501 4718 ΘΗ1)·
524 4642 652 4718 [liuh-2
677 4645 726 4721 „at
748 4644 877 4704 oetera“.
949 4638 961 4676 ⁴
983 4640 1042 4718 Ap.
1066 4638 1196 4715 ujus:
1223 4639 1287 4716 „De
1309 4655 1385 4698 eom.
1408 4655 1434 4698 e.
1457 4634 1500 4696 uel
1521 4632 1575 4692 bar·

353 4729 418 4812 ohe,
441 4729 490 4790 uel
512 4727 688 4792 looationo.“
