3396 5402
338 514 400 577 104

336 739 393 788 seu
415 719 605 786 iumentum
629 716 755 798 aliquod
778 721 812 783 et
833 716 1051 798 quodcumque
1074 715 1160 782 aliud
1182 715 1224 781 ad
1245 715 1482 782 nutrimentum
1505 733 1576 782 cor-

335 827 430 912 poris,
465 829 613 890 teneatur
635 822 741 888 statim
764 822 889 888 soluere
911 827 1019 889 nostro
1043 819 1207 886 Communi
1228 839 1322 886 unum
1352 819 1490 886 solidum
1512 837 1572 902 pro

336 929 481 1014 qualibet
512 929 580 995 vice
613 933 646 995 et
678 946 737 1010 pro
770 945 958 1010 unoquoque
991 925 1237 992 contrafaciente
1271 943 1445 1008 yperperos
1479 943 1509 991 u.
1539 929 1576 992 et

336 1035 495 1102 ammittat
516 1038 627 1112 totum,
659 1033 744 1114 quod
767 1033 858 1113 emit;
892 1039 925 1098 st
947 1032 1032 1113 quod
1055 1030 1188 1113 quilibet
1209 1029 1312 1112 possit
1335 1045 1506 1108 accusore;
1539 1037 1577 1095 et

337 1157 491 1205 accusans
512 1137 631 1204 habeat
662 1137 866 1203 medietatem
889 1136 1176 1216 condemnationis
1214 1141 1248 1201 et
1270 1134 1364 1200 aliam
1388 1133 1575 1201 Commune.

336 1243 382 1310 Et
403 1243 572 1327 superinde
596 1243 743 1308 credatur
764 1243 817 1307 vni
839 1242 906 1308 solo
929 1242 1043 1308 idoneo
1066 1241 1148 1308 testi.
1184 1239 1229 1305 Et
1250 1239 1328 1305 haec
1349 1257 1425 1322 pers
1448 1257 1577 1322 semper

336 1349 496 1416 habeatur
518 1347 661 1430 praeciso
686 1351 807 1412 statuto
830 1354 863 1412 et
886 1346 970 1428 quod
993 1365 1052 1429 per
1071 1346 1226 1412 neminem
1249 1345 1349 1427 possit
1371 1341 1511 1426 infringi.

431 1613 500 1658 OAP.
523 1611 653 1658 omn.
676 1613 718 1656 DE
739 1613 825 1656 MODO
848 1613 1013 1656 SEBUANBO
1035 1614 1070 1656 nt
1091 1613 1263 1658 emenone
1285 1612 1420 1656 mmmm
1441 1613 1483 1654 H

388 1736 656 1781 mssouuonum
684 1736 723 1777 ΕΤ
750 1737 793 1778 NE
819 1735 941 1778 vomu
970 1735 1162 1780 cernemus
1191 1735 1225 1778 nt
1253 1735 1364 1778 ummo
1392 1712 1527 1779 omm¹

383 1889 464 1956 Item
486 1887 653 1954 Millesimo
676 1887 987 1970 quadringentesimo
1005 1888 1125 1955 decimo
1140 1893 1263 1968 octauo,
1287 1887 1461 1954 ludictione
1475 1886 1577 1952 vnde-

340 1995 429 2073 cima‚
453 1993 505 2060 die
526 1993 622 2058 tertia
644 1994 762 2058 mensis
784 1992 903 2074 Martij.
938 1991 975 2057 In
998 1993 1091 2074 pleno
1115 1999 1148 2058 et
1170 1992 1309 2075 generali
1345 1991 1476 2058 consilio
1500 1991 1578 2056 ciui-

342 2099 417 2165 tatis
440 2105 473 2164 et
494 2097 615 2162 insulae
637 2095 792 2162 Curzulae
813 2097 846 2161 in
869 2097 1002 2163 ecclesia
1024 2096 1132 2162 Sancti
1153 2095 1253 2162 Marci
1274 2115 1361 2162 more
1383 2096 1478 2164 solito
1502 2113 1578 2162 con·

342 2207 492 2287 gregato,
526 2203 559 2266 in
582 2219 643 2282 quo
666 2201 793 2282 quidem
822 2202 1033 2270 interfuerunt
1059 2202 1228 2284 consiliarij
1255 2201 1319 2283 lxij.
1342 2201 1430 2266 vadit
1452 2217 1528 2283 pars
1551 2199 1579 2264 si

342 2308 469 2373 videtur
499 2305 638 2386 consilio,
670 2307 753 2386 quod
783 2306 816 2370 in
846 2307 929 2372 omni
964 2307 1138 2372 mutatione
1166 2307 1341 2389 regiminis,
1376 2325 1415 2370 ao
1443 2305 1577 2382 comitis,

341 2412 393 2478 vel
422 2411 528 2494 vicorij
552 2417 585 2476 et
614 2410 875 2478 ambasciatorum
898 2411 972 2494 eligi
994 2412 1130 2477 debeant
1151 2429 1209 2493 per
1230 2411 1357 2478 modum
1375 2410 1460 2476 huno
1480 2409 1577 2474 iufra·

342 2515 493 2598 scriptum
524 2513 643 2580 iudices
665 2515 812 2593 ciuitatis,
848 2533 885 2580 ac
913 2515 1032 2580 iudices
1054 2516 1190 2582 minores
1212 2521 1245 2581 et
1275 2515 1522 2581 ambasciatores
1544 2521 1580 2580 et

270 2630 275 2640 ·
344 2617 429 2701 quod
457 2618 536 2685 baec
568 2637 643 2700 pars
675 2625 811 2700 ponatur
841 2619 873 2682 in
905 2619 1063 2685 volumine
1097 2617 1294 2686 statutorum
1327 2618 1511 2684 Communis
1545 2624 1580 2684 et

343 2723 499 2789 habeatur
521 2741 577 2804 pro
601 2723 742 2804 praeciso
767 2721 911 2802 Statuto,
947 2724 1031 2804 quod
1053 2743 1111 2805 per
1133 2724 1289 2789 neminem
1313 2724 1416 2806 possit
1437 2721 1578 2806 infringi,

342 2827 404 2894 uisi
426 2827 620 2906 siricarius,
643 2828 693 2892 vel
716 2847 829 2906 comes,
854 2833 909 2892 out
930 2833 1043 2909 rector,
1067 2847 1128 2893 vna
1147 2846 1216 2892 cum
1238 2828 1393 2920 iudicibus
1420 2828 1575 2905 omnibus,

343 2931 494 2998 videlicet
515 2931 685 2998 maioribus
709 2939 897 2997 concurrant
926 2935 959 2997 in
981 2951 1041 2998 uno
1064 2933 1204 3015 bussulo,
1228 2930 1313 2998 lacta
1334 2932 1386 2998 vel
1408 2932 1484 2998 data
1505 2949 1579 3013 pro-

346 3042 448 3120 posta,
470 3035 503 3100 in
525 3054 586 3117 quo
609 3035 739 3102 consilio
763 3036 902 3102 debeant
924 3055 996 3102 esse
1015 3037 1054 3100 lx.
1087 3037 1258 3119 consiliarij
1283 3037 1427 3102 adminus
1444 3043 1477 3103 et
1493 3035 1578 3118 quod

347 3159 410 3206 non
442 3141 544 3222 possit
576 3158 650 3222 pars
683 3141 764 3205 baec
797 3140 922 3224 infringi
955 3143 1015 3208 nisi
1050 3162 1107 3224 per
1142 3142 1338 3207 consiliarios
1359 3141 1400 3206 xl.
1424 3141 1579 3208 adminus

345 3245 497 3312 Veientes
519 3244 579 3326 ipsi
610 3244 786 3326 consiliarij,
817 3247 901 3327 quod
924 3265 980 3327 per
1001 3247 1128 3312 modum
1151 3246 1233 3311 inira
1256 3247 1406 3329 scriptum
1427 3247 1488 3314 hoc
1507 3245 1579 3312 Sta·

345 3355 448 3416 tutum
473 3347 678 3427 obseruatur;
702 3349 850 3415 videlicet
871 3350 902 3414 in
926 3351 1043 3432 primis,
1066 3353 1150 3432 quod
1173 3353 1249 3418 data
1270 3355 1424 3435 proposta
1442 3351 1581 3418 debeant

345 3454 456 3539 parbri
479 3455 562 3518 inter
583 3453 777 3520 consiliarios
799 3454 937 3522 bellotae
959 3461 992 3521 et
1013 3455 1063 3521 cui
1083 3457 1133 3523 vel
1151 3456 1266 3538 quibus
1293 3456 1425 3521 veniunt
1439 3455 1579 3522 bellotae

345 3569 412 3626 tres
435 3557 555 3643 nigrae,
579 3558 715 3625 debeant
738 3558 846 3624 statim
868 3559 915 3625 ire
938 3559 970 3624 in
993 3561 1094 3643 prima
1116 3579 1240 3626 camara
1262 3566 1296 3626 et
1318 3561 1370 3644 alij
1386 3565 1454 3627 tres
1468 3561 1501 3626 iu
1517 3560 1581 3626 alio

347 3661 485 3731 secunda
506 3681 639 3729 camare.
662 3663 706 3728 Et
728 3662 812 3746 quod
834 3663 895 3746 ipsi
914 3663 1070 3732 electores
1085 3666 1222 3732 debeant
1236 3667 1376 3748 ipsorum
1391 3665 1577 3732 electionem

346 3767 452 3834 facere
474 3787 531 3850 per
551 3773 675 3834 texeras
697 3774 731 3834 et
752 3769 906 3848 bussulos
931 3775 1043 3851 posteo
1065 3770 1268 3836 cancellarius
1292 3771 1429 3836 scribere
1459 3770 1575 3836 debeat

349 3873 456 3938 statim
489 3873 574 3954 ipsos
607 3874 839 3955 suprascriptos
873 3872 1025 3942 officiales
1056 3876 1176 3966 electos
1205 3895 1263 3957 per
1294 3875 1381 3957 ipsos
1417 3875 1580 3941 electores¹

349 3979 465 4044 Postea
495 3977 613 4042 debent
645 3979 791 4044 nuntiare
813 3978 845 4044 in
869 3979 998 4045 consilio
1033 3981 1188 4060 generali,
1223 3984 1258 4046 et
1279 3979 1468 4046 distribuere
1497 3981 1581 4045 iuter

350 4081 546 4148 consiliarios
580 4081 716 4148 ballotas
738 4088 770 4147 et
791 4083 858 4164 ille,
894 4085 947 4166 qui
969 4083 1041 4168 plus
1063 4085 1210 4150 habuerit
1232 4085 1272 4151 de
1294 4083 1438 4164 ballotis,
1474 4085 1581 4151 statim

349 4188 383 4252 iu
405 4186 459 4252 illo
483 4185 601 4265 officio,
637 4191 669 4250 iu
693 4205 753 4268 quo
776 4193 828 4253 est
850 4188 984 4273 electus,
1020 4189 1231 4256 confirmetur.
1265 4189 1477 4256 Nihilominus
1507 4189 1582 4256 dicti

347 4291 514 4374 consiliorij
549 4297 675 4356 cassant
704 4311 742 4357 ex
774 4310 855 4358 nunc
883 4295 915 4358 in
944 4301 1040 4361 antea
1061 4300 1094 4362 et
1116 4313 1241 4362 cassare
1271 4295 1392 4373 volent,
1427 4294 1491 4361 imo
1525 4313 1582 4376 pro

347 4395 530 4474 cancellato,
555 4397 642 4463 irrito
664 4403 696 4462 et
718 4397 834 4464 nullius
857 4398 974 4465 valoris
997 4418 1070 4466 esse
1091 4401 1221 4466 voluere
1244 4399 1402 4481 quoddam
1419 4398 1582 4465 Statutum

349 4500 427 4566 alias
449 4506 576 4581 ceptum
598 4501 631 4566 iu
653 4503 794 4586 generali
816 4503 956 4582 oonsilio,
982 4505 1066 4586 quod
1088 4504 1184 4571 estin
1200 4504 1473 4570 voluminenostri
1496 4503 1584 4570 Ste-

350 4605 432 4670 tuti
465 4622 545 4687 cap.
569 4603 685 4671 XXVI.
711 4607 769 4672 sub
793 4607 918 4674 rubrica
939 4607 997 4674 De
1026 4608 1231 4676 electione
1263 4608 1463 4688 iudicum,
1499 4609 1583 4690 quod

398 4799 469 4862 ¹ef.
488 4801 572 4862 etiam
589 4819 665 4878 cap.
683 4801 821 4864 CXXXV.
838 4801 998 4864 Stotuti.
