3396 5402
370 483 412 544 74

363 686 479 770 perdat
500 690 601 753 totam
624 687 692 754 eius
715 691 848 770 partem,
879 705 938 753 neo
960 687 1062 770 possit
1085 685 1203 770 aliquid
1226 693 1348 771 petere,
1372 686 1433 754 nisi
1453 687 1497 772 id,
1520 688 1609 770 quod

361 797 462 874 pater,
486 791 536 858 vel
558 796 671 876 mater,
706 791 754 858 vel
778 790 915 858 maiores
938 791 1080 874 ipsorum
1104 792 1265 858 voluerint
1287 791 1348 858 sibi
1371 791 1460 870 dare,
1495 791 1546 857 vel
1570 791 1605 856 in

364 894 439 976 vita,
463 894 513 960 vel
532 895 564 960 in
587 895 716 962 morte¹

460 1072 528 1120 ΟΔΡ.
550 1073 594 1116 1v.
618 1073 871 1117 cummanum
893 1071 1069 1115 nanneno!
1091 1071 1283 1116 mntem
1305 1071 1510 1117 VOIM'HBUS.

405 1171 443 1236 In
466 1171 577 1237 eodem
598 1171 730 1240 tonsilia
753 1177 890 1254 captum,
914 1171 1078 1238 obtentum
1101 1175 1135 1236 et
1157 1167 1316 1237 firmatum
1343 1170 1413 1252 fuit
1438 1173 1524 1254 qood
1551 1173 1609 1238 do·
1689 1151 1690 1160 ἵ

363 1275 466 1340 nunus
500 1291 603 1341 eomes
626 1277 660 1338 et
681 1273 819 1355 iudices,
854 1275 909 1356 qui
943 1291 1026 1339 nuno
1049 1279 1139 1354 sunt,
1171 1273 1221 1340 vel
1243 1291 1301 1356 pro
1323 1279 1468 1356 tempore
1501 1281 1607 1356 erunt

363 1376 502 1444 habeant
532 1377 660 1460 plenum
684 1382 717 1444 et
738 1377 871 1444 liberum
896 1378 1062 1444 arbitrium
1085 1377 1199 1459 dandi,
1233 1383 1267 1445 et
1288 1375 1496 1445 confirmandi
1518 1397 1608 1445 oasa-

364 1487 480 1561 menta,
514 1487 611 1563 prout
633 1481 679 1547 eis
702 1481 815 1548 melius
839 1482 998 1550 videbitur
1021 1483 1061 1548 de
1084 1483 1168 1562 iure,
1201 1501 1283 1565 quae
1306 1487 1382 1548 sunt
1403 1482 1609 1566 disoooperta

363 1589 397 1651 et
419 1584 632 1662 disordinata,
667 1585 812 1652 omuibus
834 1591 867 1652 et
888 1586 1022 1670 singulis
1043 1585 1233 1667 hominibus,
1264 1591 1330 1653 tam
1354 1587 1486 1668 ciuibus,
1511 1604 1609 1669 quam

363 1686 553 1774 forensibus,
583 1689 762 1757 volentibus
785 1708 825 1756 ea
846 1697 1009 1772 reaptare,
1045 1709 1127 1772 quae
1148 1698 1329 1757 casamenta
1351 1681 1470 1756 sintin
1493 1708 1609 1773 perpe·

361 1796 451 1857 tuum
474 1793 538 1858 illis
572 1793 751 1860 homiuibus
774 1799 808 1860 et
829 1793 990 1876 personis,
1027 1807 1060 1859 et
1082 1794 1149 1858 suis
1172 1793 1366 1860 haeredibus
1388 1799 1422 1860 et
1444 1813 1608 1861 suecesso-

361 1895 461 1974 ribus,
486 1896 540 1978 qui
556 1915 595 1962 ea
610 1897 800 1982 aperuerint,
824 1897 864 1962 ad
880 1897 1058 1962 laciendum
1074 1896 1285 1964 omnimodam
1301 1899 1608 1964 suamvoluntatem

361 2004 397 2064 ut
418 1999 459 2067 de
481 2017 591 2066 eorum
614 2001 709 2066 rebus
733 2001 880 2083 propriis,
903 2001 1022 2067 Valens
1038 2005 1071 2066 et
1085 2001 1275 2082 promittens
1291 2002 1410 2068 dietum
1437 2019 1606 2067 commune

362 2102 535 2170 defendere
558 2110 593 2170 et
615 2104 848 2170 exoalumniare
870 2123 997 2186 semper
1020 2104 1060 2170 ab
1084 2104 1169 2170 omni
1192 2105 1382 2172 molestante
1412 2123 1553 2188 persona
1574 2105 1606 2170 in

361 2207 477 2274 iudicio
500 2213 532 2274 et
554 2215 658 2289 extra,
683 2207 800 2274 dietum
825 2209 988 2274 eonsilium
1016 2207 1187 2276 defendere
1203 2215 1237 2274 et
1252 2208 1487 2275 exoalumniare
1503 2209 1607 2274 dietas

362 2311 472 2376 domos
496 2313 542 2377 sio
564 2313 655 2377 datas
678 2316 712 2378 et
734 2311 928 2390 distributas,
953 2317 988 2377 vt
1003 2312 1080 2378 iuris
1096 2313 1174 2378 ordo
1191 2311 1373 2395 expostulat
1395 2317 1429 2378 et
1450 2314 1604 2395 requirit3

361 2415 435 2481 dum
458 2421 565 2482 tanmn
589 2416 735 2482 dominus
751 2433 857 2482 eomes
875 2433 945 2480 oum
963 2415 1122 2483 iudicibus
1137 2416 1225 2498 prius
1250 2416 1416 2498 requirant
1436 2421 1607 2499 patronum

360 2518 446 2586 illius
469 2520 591 2600 domus,
616 2537 709 2602 quam
734 2519 810 2584 dare
832 2519 1001 2599 noluerint,
1027 2521 1053 2584 si
1069 2520 1171 2601 ipsam
1186 2524 1297 2602 aptare
1313 2519 1483 2599 voluerint,
1508 2537 1604 2601 quam

362 2621 389 2687 si
412 2640 476 2688 non
497 2624 655 2690 voluerint
676 2628 806 2705 aptare,
841 2623 978 2705 perdant
1000 2629 1034 2688 et
1056 2643 1148 2690 omne
1171 2625 1220 2689 ius
1242 2623 1343 2706 ipsius
1373 2611 1488 2690 domus
1522 2642 1605 2706 quaa

361 2726 511 2793 deueniat
532 2729 564 2793 in
586 2728 675 2812 illos,
710 2727 956 2820 quibusdatum
992 2712 1089 2792 luerit
1111 2747 1169 2810 per
1198 2727 1358 2792 dominum
1394 2729 1544 2812 tomitem
1573 2735 1605 2794 et

359 2829 479 2896 iudices
502 2837 666 2897 eteorum
689 2831 843 2898 haeredes
867 2837 900 2896 et
922 2848 1130 2910 successores,
1162 2837 1196 2896 vt
1219 2849 1317 2912 supra
1339 2831 1456 2896 dictum
1478 2838 1539 2898 est
1564 2832 1605 2898 Et

360 2934 393 2998 in
416 2951 501 3011 casu,
526 2933 557 2998 in
580 2953 642 3016 quo
665 2940 817 3015 patronus
834 2935 945 3000 domus
961 2934 1047 3014 dixit,
1072 2954 1108 3000 se
1123 2935 1205 2999 velle
1221 2940 1332 3017 aptare
1348 2935 1448 3016 ipsam
1465 2934 1604 3014 domum,

360 3035 478 3101 hebeat
499 3038 667 3102 terminum
691 3039 782 3102 unius
805 3039 877 3103 anni
904 3039 1106 3120 cooperiendi
1122 3039 1234 3120 ipsam,
1257 3039 1343 3119 quod
1360 3039 1386 3104 si
1401 3057 1464 3104 non
1479 3038 1605 3125 feeerit,

359 3140 475 3220 perdat
490 3147 705 3207 casamentum
716 3149 751 3207 et
761 3161 937 3225 yperperos
954 3144 1074 3222 decem,
1091 3162 1173 3225 qnae
1190 3142 1363 3208 deueniant
1377 3144 1410 3207 in
1425 3159 1604 3210 commune.

455 3317 523 3360 oar.
547 3319 577 3360 v.
601 3319 801 3364 mnoanamo
825 3323 884 3365 rao
908 3322 1052 3365 conanum
1074 3319 1240 3366 ouazuaan
1262 3322 1304 3363 nn
1326 3321 1504 3365 smmrarss.
1587 3309 1589 3314 ’

399 3415 437 3480 In
460 3415 572 3482 eodem
596 3417 726 3483 oonsilio
747 3409 873 3499 captum
896 3425 930 3485 et
952 3420 1117 3486 obtentum
1140 3425 1174 3485 et
1196 3417 1329 3485 firmiter
1344 3417 1504 3484 firmatum
1532 3419 1603 3498 luit

361 3517 447 3598 quod
469 3519 657 3603 ubicumque
676 3521 865 3587 seminatum
881 3528 939 3602 est,
960 3523 1011 3588 vel
1027 3523 1192 3604 incidetur,
1215 3523 1329 3588 tamin
1346 3520 1483 3600 Ohnese,
1507 3541 1603 3604 quarn

339 3619 340 3622 ’
359 3621 436 3688 alibi
458 3641 516 3704 per
539 3628 638 3689 totam
661 3624 807 3706 insulam,
831 3623 884 3691 vbi
906 3625 1033 3710 iamdiu,
1057 3626 1108 3691 vel
1130 3645 1292 3708 nunquam
1316 3627 1507 3694 seminatum
1530 3625 1601 3706 luit

358 3725 473 3792 reddat
506 3727 668 3793 annuatim
701 3733 821 3794 sextam
855 3733 980 3811 partem
1014 3731 1172 3796 communi
1197 3728 1354 3797 Ourzulae
1384 3735 1419 3797 et
1447 3749 1513 3796 non
1549 3731 1603 3812 alij

359 3847 532 3912 personae;
555 3835 589 3896 et
610 3831 695 3913 quod
719 3851 823 3900 eomes
845 3851 909 3899 non
932 3833 1050 3916 possit,
1085 3853 1144 3901 neo
1165 3835 1282 3900 debeat
1314 3833 1432 3902 habere
1461 3833 1603 3916 aliquam

359 3937 501 4016 partem,
537 3951 607 4000 cum
629 3935 692 4016 ipsi
726 3935 831 4002 comiti
864 3955 927 4003 non
961 3937 1143 4018 pertineant
1176 3938 1262 4004 dieta
1295 3938 1459 4004 territoria
1481 3945 1516 4004 et
1539 3939 1604 4004 sint

359 4041 449 4103 extra
470 4056 636 4104 numerum
658 4057 785 4104 suarum
809 4042 1055 4120 possessionum.

562 4216 629 4259 oar.
654 4217 696 4257 vr.
721 4216 988 4262 oonsmamoaun
1010 4219 1074 4260 nos
1096 4197 1398 4262 urmrrrnnnouum.²

402 4311 438 4376 In
463 4314 574 4379 eodem
598 4314 730 4381 oonsilio
764 4316 958 4396 coadunato,
994 4323 1028 4382 vt
1051 4317 1198 4400 superius
1221 4317 1338 4383 dietum
1361 4321 1427 4402 est,
1463 4323 1601 4400 captum,

357 4413 522 4482 obtentum
546 4423 579 4480 et
600 4415 759 4482 firmatum
783 4417 853 4498 luit,
876 4420 962 4502 quod
985 4421 1091 4485 nullus
1106 4420 1210 4498 homo,
1235 4421 1302 4486 auis
1317 4426 1411 4503 pater
1425 4438 1489 4486 non
1505 4420 1602 4486 fuerit

357 4520 563 4530 ..ιι-..ψ-

404 4552 415 4589 ²
431 4556 510 4616 Idem
526 4557 693 4633 specialior
709 4577 796 4618 eausa
811 4559 946 4621 disertius
969 4562 1106 4621 statuitur
1129 4561 1327 4622 retornatione
1342 4579 1367 4621 a.
1389 4564 1480 4626 1426.
1505 4563 1598 4638 eapte.
1688 4597 1690 4630 ι

359 4641 881 4719 of.infraoap.cxnv.1teform.
1208 4657 1211 4662 “

406 4723 618 4806 'Praeoaptnm
634 4733 793 4807 praesentis
808 4733 1014 4794 reformationis
1030 4735 1065 4794 da
1080 4751 1153 4794 noro
1168 4734 1343 4810 praedioitur
1357 4734 1558 4795 reformatione
1572 4751 1597 4794 a.
