3434 5368
1337 495 1378 555 35

150 693 242 759 detur
263 696 415 761 terminus
441 702 510 762 octo
535 696 674 776 dierum,
698 703 730 764 et
745 697 866 764 mulieri
884 699 977 764 vidue
992 699 1186 780 quindecim3
1209 702 1243 764 et
1258 716 1277 762 a
1292 698 1381 779 quin·

149 818 211 880 qne
232 818 330 882 nsque
353 799 393 866 ad
416 820 520 878 vuum,
546 803 614 867 uiro
638 803 731 868 detur
753 803 906 868 terminus
928 809 1064 885 quatuor
1087 803 1226 880 dierum,
1258 807 1382 867 et‘mu·

146 905 215 969 lieri
238 905 332 970 nidue
355 910 441 984 octo;
478 914 511 972 et
533 907 573 974 ab
596 926 656 972 vno
680 927 834 990 yperpero
857 905 988 974 inferius
1011 909 1081 974 uiro
1113 909 1207 974 detur
1227 907 1382 974 terminus

148 1009 240 1075 unius
262 1010 324 1076 dici
348 1016 381 1075 et
402 1010 526 1077 mulieri
548 1012 644 1076 uidua
668 1013 809 1078 duorum.

520 1243 586 1284 ono.
610 1243 720 1284 xxxiv.
745 1222 1012 1300 rirnurmnpnnru.1

190 1357 272 1423 Item
294 1357 477 1436 statuimus,
515 1359 598 1440 quod
622 1359 783 1440 siciliquis
806 1365 938 1425 uocatus
968 1359 1063 1425 fuerit
1086 1360 1126 1425 ad
1149 1359 1314 1442 placitum,
1350 1365 1382 1425 et

148 1462 262 1543 aliquis
298 1463 450 1544 quesierit
473 1463 514 1528 ab
536 1483 597 1530 ruo
620 1481 776 1544 yperpcro
799 1481 896 1546 supra
929 1470 1039 1530 contra
1071 1465 1190 1547 ipsum;
1224 1464 1294 1543 ille,
1329 1465 1382 1544 qui

148 1565 246 1632 fuerit
268 1574 408 1646 uocatus,
433 1569 458 1633 si
482 1587 543 1634 uon
567 1568 715 1634 habuerit
736 1569 966 1650 patrimonium,
998 1587 1053 1634 seu
1077 1568 1204 1634 mobilia
1225 1568 1257 1633 in
1280 1568 1383 1633 insula

146 1671 229 1734 tanti
264 1672 397 1749 uulnus,
433 1674 541 1754 quanti
564 1672 624 1738 erit
646 1673 812 1754 placitum,
848 1677 881 1738 et
903 1672 1013 1755 petitio
1036 1675 1097 1738 erit
1119 1692 1214 1756 super
1248 1691 1320 1738 euru
1343 1674 1382 1737 de

147 1773 315 1856 plaeearia,
341 1776 413 1840 talis
437 1781 585 1842 teneatur
607 1777 683 1842 dare
706 1777 906 1857 plaecariam.

458 2007 524 2048 GAP.
546 2009 643 2048 XXXV.
667 2009 707 2050 mu
730 2009 861 2050 lnnlulrs
886 2008 1071 2052 Fortunarum.

190 2121 272 2189 Item
295 2127 448 2188 statutum
472 2131 529 2200 est,
553 2125 637 2204 qnod
661 2125 688 2188 si
712 2125 860 2204 uiatores,
885 2128 938 2207 qui
961 2125 1087 2190 suntin
1110 2127 1271 2208 procinctu
1289 2127 1380 2192 itine-

148 2227 191 2292 ris
213 2225 375 2312 forenses,
411 2233 520 2292 contra
542 2227 683 2292 hominos
715 2229 817 2295 insule
850 2229 1001 2311 placitare
1035 2231 1193 2296 noluerint
1214 2231 1254 2296 de
1276 2231 1382 2314 aliqua

148 2331 276 2396 racione
299 2331 411 2397 eudem
434 2331 485 2397 die
508 2336 679 2408 contracta,
705 2332 798 2399 homo
821 2333 922 2398 insule
943 2341 1089 2400 teneatur
1111 2335 1170 2400 sibi
1193 2335 1298 2407 statim
1313 2335 1381 2400 sine

146 2436 255 2517 aliquo
287 2436 421 2501 termino
456 2437 663 2518 respondere3
700 2443 734 2502 ct
756 2437 781 2502 si
804 2437 858 2503 ille
891 2437 1025 2504 forensis
1060 2439 1202 2504 traheret
1224 2440 1256 2504 in
1279 2438 1382 2504 insula

144 2558 279 2624 moram,
303 2541 495 2621 respondeat
517 2541 574 2605 sibi
600 2541 760 2622 usquead
784 2542 862 2606 duos
886 2541 971 2620 dico,
1005 2547 1037 2607 et
1059 2543 1140 2607 sicut
1162 2543 1254 2609 homo
1277 2541 1379 2608 insule

145 2649 275 2709 tenetur
307 2643 484 2710 forensibus
514 2645 720 2726 respondere,
756 2647 856 2710 sicet
879 2646 1021 2712 forenses
1057 2653 1224 2713 teneantur
1254 2649 1300 2712 eis
1323 2648 1380 2712 sub

146 2748 261 2812 eodem
283 2749 417 2814 termino
440 2755 474 2814 et
496 2750 587 2814 titulo
610 2751 714 2815 facere
738 2752 920 2817 r·acioncm.²

428 2983 495 3024 cn.
518 2983 628 3024 XXXVI.
657 2984 698 3024 DE
721 2982 938 3025 Rusuudrlouu
960 2983 1102 3026 ruamus.

191 3098 273 3164 Item
297 3099 472 3182 statuimus,
498 3101 582 3180 quod
601 3100 716 3178 nulluS,
740 3102 792 3180 qui
810 3102 998 3182 pertinuerit
1012 3100 1104 3165 alicui
1120 3101 1152 3165 io
1167 3101 1263 3167 tercio
1280 3100 1382 3183 gradu

148 3209 182 3268 et
203 3223 319 3286 supra,
353 3205 405 3269 nel
428 3204 523 3271 fuerit
553 3211 723 3286 cognatus,
759 3205 834 3270 dare
857 3206 958 3287 possit
988 3205 1201 3270 testimonium
1225 3224 1281 3287 pro
1311 3205 1381 3287 ipso

148 3308 204 3373 sed
229 3309 389 3374 contra⁸
412 3311 513 3391 ipsum
537 3310 590 3374 sic.

554 3542 620 3586 OAP.
644 3543 767 3583 XXXVII.
799 3543 840 3582 DX
862 3543 978 3583 EODEM.

190 3657 271 3722 Item
295 3659 480 3736 statuimus,
515 3659 600 3739 quod
624 3659 728 3723 nullus
751 3658 902 3737 forensis,
936 3657 988 3724 uei
1010 3658 1152 3722 inimicus
1183 3657 1378 3741 manifestus

150 3781 209 3828 nec
232 3761 361 3842 mulier,
395 3781 497 3844 neque
521 3764 622 3827 minor
645 3769 731 3828 etato
765 3763 1001 3844 qrratuordecim
1031 3781 1200 3842 annorum,
1235 3767 1268 3826 et
1288 3761 1380 3840 infra,

148 3885 208 3933 nec
233 3866 323 3944 latro,
347 3885 405 3932 nec
427 3868 585 3932 cursarius
608 3867 810 3944 manifestus,
847 3885 949 3948 neque
972 3866 1101 3948 robator
1123 3867 1246 3944 strada,
1281 3883 1383 3947 neque

144 3969 235 4038 foras
259 3971 417 4056 bannitus
440 3991 541 4054 neque
564 3972 619 4050 illi,
655 3974 709 4053 qui
733 3972 895 4038 amiserint
918 3991 1006 4036 suam
1029 3971 1223 4037 credenciam
1246 3977 1280 4035 et
1301 3971 1383 4036 ueri·

146 4081 247 4141 tatem
282 4081 411 4158 propter
433 4096 523 4141 suum
557 4077 774 4154 malefactum,
809 4095 904 4158 super
934 4095 996 4156 quo
1019 4075 1137 4142 fuerint
1170 4075 1327 4142 conuincti
1350 4079 1383 4140 et

145 4181 369 4262 condempnati
392 4201 449 4264 per
469 4182 597 4262 curiam,
622 4182 719 4263 recipi
742 4181 878 4247 debeant
901 4182 933 4244 in
956 4186 1063 4247 testes.

195 4410 360 4472 ¹Ed.Vsu.
377 4413 474 4471 addit:
500 4413 605 4494 „aute
628 4412 845 4470 iuditium“.

194 4495 338 4570 2Quando
361 4499 390 4558 in
412 4500 574 4574 hujusmodi
604 4497 698 4557 caussis
720 4501 859 4558 sententia
881 4516 898 4556 a
920 4497 1061 4556 iudicibus
1095 4495 1301 4554 Cuzulousibus
1324 4497 1382 4554 lata

144 4589 292 4734 ῗίρξὲἓξᾎ
300 4588 409 4732 pm}
417 4588 550 4660 quatique
565 4586 676 4662 effectu,
693 4585 826 4645 definitur
840 4585 1044 4654 reformatione,
1061 4585 1116 4644 sub
1132 4599 1209 4657 cap.
1226 4583 1376 4643 ouxvnr.

196 4758 310 4819 ³Deest
331 4761 359 4818 in
383 4761 460 4819 cod.
483 4761 560 4834 Cap.

1211 4855 1231 4892 ἱ
