3416 5350
1306 439 1364 500 lll

117 640 263 708 debeant
284 660 404 724 ponere
425 647 459 708 et
482 642 631 709 ordinare
654 647 720 708 tres
743 643 844 714 bonos
867 647 900 710 et
913 642 1053 725 ydoneos
1074 641 1169 720 uiros,
1194 641 1246 722 qui
1255 641 1365 723 »ipsum

118 745 241 810 factum
274 747 446 828 expediant
475 752 508 812 et
540 747 771 826 determinent,
796 753 900 838 ,prout
932 747 979 812 eis
1003 746 1176 812 uidebitur·
1189 746 1367 811 conuenire.

117 847 162 912 Et
184 849 337 930 quicquid
359 869 416 932 per
439 868 494 916 eos
516 849 634 916 factum
659 858 692 916 et
722 851 902 917 ordinatum
924 849 1038 936 fuerit,
1074 849 1203 933 plenam
1226 849 1369 916 obtineat

116 949 305 1020 firmitatem
328 959 361 1020 et
383 954 501 1020 debeat
523 954 701 1022 executioni
725 954 877 1020 mandari.

194 1166 265 1210 OAP·
288 1165 374 1209 xolx.
397 1168 439 1209 DE
461 1168 524 1230 ms,
549 1166 604 1220 Qun
626 1167 751 1211 UOLUM*
774 1168 833 1210 PER
855 1168 901 1222 SE,
925 1167 986 1210 UBI:
1007 1165 1098 1210 Atros
1121 1166 1281 1211 mmm.

160 1280 247 1347 Item
270 1287 426 1348 statutum
448 1289 482 1350 et
497 1283 677 1350 ordinatum
693 1287 751 1362 est,
777 1283 862 1364 quod
879 1281 905 1348 si
924 1281 1040 1364 aliquis
1056 1283 1127 1348 uult
1142 1299 1240 1366 agere
1256 1286 1366 1348 contra

117 1383 260 1466 aliquem
284 1387 315 1451 in
339 1386 445 1470 aliqua
468 1406 565 1453 causa
586 1387 680 1465 ciuili,
705 1387 757 1451 nel
780 1405 815 1452 se
839 1384 1011 1452 defendere
1036 1391 1147 1452 contra
1169 1385 1308 1466 aliquem
1329 1385 1363 1449 in

118 1487 230 1568 aliqua
242 1507 338 1555 musa
349 1491 443 1570 ciuili,
455 1509 517 1574 quq
530 1491 590 1557 sibi
611 1497 765 1570 mouetur,
783 1489 901 1556 licitum
923 1490 966 1554 sit
983 1489 1044 1572 ipsi
1060 1489 1236 1571 principali,
1257 1487 1368 1555 siuult

117 1592 334 1672 personaliter
356 1596 489 1662 asistere
504 1595 537 1659 in
556 1595 670 1659 iudicio
686 1593 727 1660 ad
743 1593 909 1678 agendum,
926 1593 978 1658 uel
990 1591 1224 1658 defendendum
1237 1607 1366 1656 causam

119 1729 212 1778 suam
230 1720 264 1780 et
279 1734 336 1797 per
348 1735 382 1782 se
399 1716 521 1794 dicere,
538 1715 589 1782 uel
608 1716 801 1798 respondere
812 1715 846 1780 in
857 1714 980 1797 iuditio,
997 1731 1195 1795 quecumque
1207 1711 1267 1779 sibi
1279 1710 1368 1778 uide·

118 1813 242 1881 buntur
265 1837 323 1900 pro
346 1820 485 1887 utilitate
509 1838 567 1901 sue
591 1837 708 1900 causq3
732 1819 801 1886 siue
825 1837 896 1885 cum
919 1819 1076 1885 aduocato
1093 1818 1190 1898 curie,
1214 1817 1282 1883 siue
1297 1817 1367 1880 sine

121 1918 283 1988 aduocato
307 1929 342 1990 ut
364 1924 423 1990 sibi
447 1924 612 2007 placuerit,
637 1929 756 1990 ettam
780 1943 838 2006 pro
862 1941 907 2003 se,
943 1941 1037 2004 qnam
1061 1939 1118 2004 pro
1141 1919 1250 1998 fratre,
1274 1924 1367 2002 patre

118 2021 253 2105 attilio,
277 2027 329 2092 uel
353 2013 410 2110 pro
435 2033 551 2110 nepote
575 2027 694 2094 carnali
717 2028 750 2092 in
773 2027 878 2093 causis
902 2044 1020 2092 aarum.
1047 2023 1080 2090 Si
1103 2042 1181 2090 uero
1209 2041 1271 2088 non
1294 2021 1366 2088 uult

120 2129 332 2209 personaliter
352 2132 509 2198 interesse
533 2149 629 2211 cause
653 2148 722 2210 sue,
746 2130 865 2196 licitum
890 2129 950 2195 sibi
974 2129 1025 2208 sit,
1054 2127 1160 2194 lacere
1182 2132 1366 2209 procurato·

120 2249 187 2297 rem
211 2251 443 2317 quemcumque
459 2235 598 2301 uoluerit
619 2235 652 2298 in
667 2231 1004 2316 suisquestiouibus*;
1028 2236 1061 2298 et
1084 2231 1143 2296 nisi
1164 2232 1234 2313 ipse
1255 2245 1366 2312 perso·

121 2335 241 2403 naliter
252 2337 434 2418 interesset,
451 2339 503 2404 uel
520 2338 580 2403 nisi
597 2343 752 2420 appareat
767 2356 824 2420 per
840 2343 911 2402 acta
928 2336 1054 2419 notarij,
1071 2334 1123 2402 uel
1137 2355 1195 2418 per
1206 2333 1366 2416 publicum

120 2439 377 2522 instrumentum,
402 2442 488 2523 quod
511 2441 626 2523 aliquis
649 2449 734 2525 agat,
758 2442 810 2508 uel
833 2439 986 2507 defendat
1001 2439 1228 2522 procuratorio,
1259 2437 1365 2520 syndi-

122 2543 217 2628 cario,
243 2546 370 2624 tutuno,
395 2546 446 2610 uel
471 2547 631 2612 curatorio
656 2546 799 2625 nomine,
831 2563 893 2609 non
917 2543 1066 2609 audiatur
1087 2543 1120 2608 in
1143 2539 1250 2622 aliqua
1272 2559 1366 2606 causa

122 2645 217 2726 ciuili,
244 2648 313 2714 siue
335 2649 368 2713 in
390 2649 537 2734 petendo,
562 2650 631 2715 siue
654 2649 685 2714 iu
709 2648 952 2731 respondend03
979 2647 1076 2712 etiam
1099 2647 1125 2712 si
1149 2645 1247 2712 fuerit
1269 2645 1369 2712 aduo-

122 2755 212 2816 catus
237 2753 343 2836 curiq3
366 2755 441 2835 quia
465 2773 526 2820 non
549 2761 598 2819 est
621 2754 826 2832 conueniens,
849 2769 951 2834 neque
974 2750 1108 2835 iustum,
1139 2748 1223 2832 quod
1252 2746 1368 2830 aliquis

122 2861 208 2936 agat,
233 2855 287 2921 uel
310 2857 557 2940 respondentia
579 2857 692 2924 iuditio
716 2855 909 2940 proaliquo,
934 2854 993 2919 nisi
1018 2858 1173 2936 appareat
1187 2849 1368 2932 manifeste,

122 2959 207 3040 qnod
230 2959 292 3024 hoc
313 2958 411 3027 faciat
432 2962 472 3026 de
495 2961 662 3028 uoluntate
684 2960 779 3039 illius,
802 2977 862 3042 pro
886 2977 948 3042 quo
972 2957 1043 3024 uult
1064 2959 1097 3022 in
1123 2957 1236 3024 iuditio
1260 2973 1369 3040 agere,

122 3062 174 3128 uel
197 3064 296 3128 etiam
319 3064 535 3146 respondere:
570 3071 604 3130 et
633 3065 779 3130 adminus
808 3064 954 3130 mittatur
984 3062 1120 3128 riuarius
1141 3061 1193 3127 uel
1217 3059 1367 3126 bucarius

123 3169 300 3232 communis
324 3167 364 3234 de
385 3169 536 3236 mandato
553 3169 732 3252 potestatis,
756 3167 902 3246 rectoris,
928 3165 977 3233 uel
997 3167 1082 3245 curiq
1100 3165 1272 3232 communis
1289 3162 1368 3248 Spa-

122 3269 177 3335 lati
201 3270 246 3335 ad
268 3271 357 3336 illum
379 3271 548 3357 hominem,
573 3272 625 3340 uel
641 3271 802 3352 fqminam,
826 3271 915 3337 euius
946 3270 1072 3335 nomino
1089 3269 1261 3335 aduncatus
1278 3268 1366 3351 curie

125 3374 195 3438 uult
218 3393 326 3458 agere,
350 3376 513 3444 ueletiam
533 3377 737 3462 respondere,
763 3378 790 3441 si
806 3375 884 3454 uult,
908 3375 991 3456 quod
1010 3375 1079 3456 ipse
1095 3373 1267 3440 aduncatus
1284 3379 1369 3458 agat,

124 3479 176 3545 uel
198 3480 396 3561 respondeat
417 3482 543 3548 nomine
567 3501 634 3548 suo.
659 3481 702 3546 Et
725 3481 751 3547 si
775 3481 853 3560 uult,
878 3479 963 3561 quod
985 3479 1162 3545 aduncatus
1179 3479 1266 3560 curie
1283 3485 1369 3563 agat,

125 3583 177 3649 uel
200 3585 397 3666 respondeat
419 3587 545 3653 nomine
568 3605 644 3668 suo,
675 3585 735 3652 hoc
764 3583 901 3652 referret
923 3583 965 3650 ad
987 3583 1146 3649 notarium
1170 3589 1314 3650 actorum
1337 3589 1372 3650 et

125 3687 245 3754 scribat
268 3689 330 3754 hoc
350 3689 383 3754 iu
405 3691 484 3756 actis
507 3697 541 3756 et
563 3695 639 3756 tunc
661 3689 702 3770 id,
728 3689 812 3772 quod
832 3685 869 3754 fit
883 3706 941 3769 per
956 3687 1054 3753 talem
1073 3685 1263 3754 aduocatum
1280 3686 1366 3767 curie

126 3793 254 3860 nomine
277 3793 372 3874 illius,
395 3813 452 3876 pro
475 3812 538 3876 quo
560 3797 637 3880 agit,
660 3793 714 3860 uel
738 3792 919 3876 respondet,
943 3791 1051 3858 ualeat
1073 3795 1107 3856 et
1130 3795 1255 3873 teneat,
1280 3809 1318 3856 ac
1339 3791 1367 3856 si

125 3895 192 3976 ipse
214 3895 401 3980 principalis
424 3899 636 3980 personaliter
657 3915 791 3980 presens
807 3903 911 3976 esset;
934 3914 971 3963 eo
993 3895 1091 3974 saluo,
1109 3895 1237 3977 quodsi
1255 3893 1369 3976 aliquis

127 3999 242 4067 citatus
266 4002 308 4067 ad
338 4003 484 4070 iuditium
507 4009 596 4070 esset
617 4004 732 4070 absens
754 4023 774 4069 a
798 4001 929 4068 ciuitate
952 3999 1076 4083 Spalati
1098 4004 1132 4066 et
1153 3999 1266 4081 aliquis
1301 3999 1370 4064 eius

126 4108 400 4192 consanguineus,
431 4107 484 4172 uel
514 4108 632 4174 amicus
655 4107 726 4173 uult
748 4125 783 4174 se
806 4105 906 4173 offere
928 4105 969 4171 ad
992 4104 1209 4172 defensionem
1238 4119 1298 4184 pro
1320 4121 1370 4181 eo,

127 4216 158 4276 et
179 4212 252 4276 uult
276 4214 460 4293 promittere
483 4218 514 4278 in
538 4213 657 4297 iuditio:
679 4217 713 4277 et
742 4211 866 4295 ydonee
896 4209 1081 4276 satisfacere
1105 4208 1145 4274 de
1167 4206 1279 4271 iuditio
1303 4205 1372 4272 sisti

127 4315 174 4382 ct²
195 4317 320 4383 iudicat
306 4322 340 4382 to
356 4317 526 4402 soluend03
549 4317 576 4382 si
596 4317 712 4382 absens
727 4314 824 4382 fuerit
838 4313 963 4380 conuict
964 4313 1028 4391 (ιε’.
1053 4312 1106 4378 uel
1122 4308 1367 4378 condemnatus⁸

168 4475 186 4509 ⁴*
209 4479 297 4541 Ood.
321 4479 426 4539 acad.
449 4476 589 4538 Ahabet
611 4478 741 4552 glossam
764 4493 864 4553 marg:
891 4475 1017 4559 „Nullus
1031 4471 1230 4549 procurator
1220 4489 1251 4530 m
1266 4465 1369 4532 iuditio

128 4571 305 4646 compareat,
316 4566 372 4626 nisi
364 4565 519 4626 habuerit
530 4564 708 4624 mandatum.
728 4563 795 4624 Sic
788 4581 820 4682 m1
828 4561 1156 4710 fiabffimffffififfuent]
1166 4575 1231 4719 (anagn
1238 4549 1366 4718 fflff·

128 4651 314 4820 orsle‘f.ef⁰n;¹
323 4671 404 4800 iffi
417 4651 759 4814 :lxjgblffiriaigicsmesrljrioniz
779 4735 863 4796 (lod.
889 4733 994 4794 acad.
1017 4734 1059 4793 B:
1085 4727 1366 4816 Noondempnatus
