3396 5402
1299 468 1337 526 57

94 695 172 738 oar.
206 695 303 737 oxvn.
328 694 410 747 ouon
433 695 537 737 amma
570 695 642 736 mu
671 693 792 738 ruarmo
814 695 848 736 nr
871 694 1012 738 oouamro
1044 695 1102 738 aao
1132 673 1338 738 oammmos.¹

148 812 230 878 Item
254 811 431 890 statuimm,
456 811 588 894 quodsi
612 813 682 893 quis
705 813 896 894 percusserit
919 813 1054 893 aliquam
1078 830 1243 895 personam
1268 830 1337 876 oum

21 921 22 932 ’
104 916 198 996 ferro,
222 935 320 998 naqa,
343 915 436 1001 iuste,
459 915 573 997 lapide,
590 915 708 995 lancea,
726 916 838 982 dixerit
860 917 992 982 uerbum
1010 918 1202 997 iniuriosmm
1220 915 1336 982 lurtum

105 1020 223 1101 feeerit,
240 1020 463 1106 prodioiooem,
480 1021 531 1088 uel
544 1039 638 1086 mauu
653 1023 855 1103 percusserit,
871 1021 1093 1103 scopilionem,
1110 1022 1161 1087 uel
1178 1023 1335 1089 occideret

107 1144 222 1208 equum
246 1125 315 1192 uiue
337 1125 421 1192 aliud
438 1125 645 1208 quodeunque
668 1126 783 1192 animal
805 1127 856 1192 uel
872 1126 1011 1194 inriserit
1025 1126 1142 1206 uineas,
1159 1142 1221 1192 oon
1237 1127 1338 1218 possit

109 1248 230 1314 ponere
265 1229 452 1314 peticionem
474 1231 507 1296 iu
541 1231 681 1310 oonsilio,
704 1249 788 1312 pena
820 1249 1045 1314 yperperorum
1079 1231 1337 1316 uigintiquinque,

108 1342 141 1402 et
155 1335 182 1401 si
204 1334 355 1419 regimen,
379 1335 431 1401 uel
446 1336 557 1416 aliquis
573 1335 613 1401 de
628 1335 778 1418 regimine
808 1335 934 1414 diceret,
957 1335 1041 1418 quod
1058 1336 1244 1402 admittatur
1259 1335 1332 1402 talia

110 1439 236 1524 peticio,
259 1439 364 1506 aoluat
385 1458 542 1524 yperpera
563 1439 813 1522 uigintiquiuque
837 1458 894 1522 pro
918 1439 1068 1522 quolibet,
1091 1459 1152 1522 que
1168 1441 1339 1506 deneoiont

107 1564 138 1610 m
160 1562 335 1612 commune.

291 1723 357 1766 oar.
381 1723 489 1766 oxum.
511 1725 552 1765 mr
575 1724 766 1766 amaremus
789 1725 942 1766 eruamus
965 1701 1147 1767 nouarum.²

152 1824 435 1901 ltematatuimus,
467 1823 550 1904 quod
573 1823 736 1905 quodlibet
758 1824 872 1888 animal
900 1842 1044 1904 grossum
1069 1827 1147 1888 daus
1170 1823 1339 1906 dompnum

112 1929 142 1994 in
166 1929 269 1994 uineis
291 1929 342 1994 die
371 1927 476 1992 soluat
506 1947 633 2010 grossos
655 1935 731 2007 troo,
756 1928 795 1993 de
819 1935 910 1993 noete
932 1947 1009 1993 uero
1032 1947 1104 2007 sex3
1139 1929 1227 1992 ouius
1260 1947 1341 2010 pene

110 2034 209 2098 tertia
243 2052 317 2114 pars
352 2035 392 2097 sit
428 2033 609 2110 eommunia,
634 2033 732 2097 tercio
755 2033 878 2114 patroni
901 2039 933 2098 et
967 2033 1064 2096 tercia
1097 2033 1288 2118 aeortsontis3
1314 2034 1340 2098 si

110 2157 185 2204 uero
210 2139 297 2204 solua
317 2143 469 2220 patronus
503 2137 706 2215 accaronem,
731 2137 879 2201 credatur
900 2139 966 2202 eiua
989 2137 1165 2203 iuramento
1189 2155 1256 2201 oum
1281 2154 1341 2200 vno

19 2285 20 2288 =
111 2247 194 2309 teste
215 2241 278 2308 lide
302 2243 396 2324 digno
427 2248 460 2308 et
488 2243 605 2307 habeat
627 2241 828 2306 medietatem
851 2243 945 2305 bonni
969 2249 1001 2306 et
1024 2241 1116 2305 aliam
1140 2241 1340 2307 medietatem

19 2395 22 2432 ;
111 2365 290 2430 eommune3
315 2353 348 2414 et
369 2347 524 2426 uolumuS,
549 2347 633 2428 quod
657 2347 779 2428 pudorij
796 2347 915 2410 uadunt
930 2347 969 2410 ad
985 2345 1154 2411 uidendum
1172 2347 1339 2428 dampnum

19 2465 20 2526 3
111 2451 191 2518 inira
222 2458 292 2517 octo
322 2453 406 2537 dieo,
439 2459 605 2534 postquam
629 2451 674 2516 eie
708 2451 769 2516 erit
802 2449 1009 2528 enuntiatum,
1044 2468 1125 2530 pena
1158 2469 1341 2544 grossorum

18 2586 19 2594 κ
112 2556 279 2622 duodecim
303 2575 361 2639 pro
389 2557 530 2638 quolibet
562 2561 596 2621 et
625 2562 777 2638 patronus
807 2573 957 2620 accusans
986 2555 1133 2620 credatur
1163 2573 1232 2620 eum
1259 2557 1341 2620 iura-

114 2667 220 2728 mento
243 2679 310 2726 auo.

226 2841 295 2884 oAP.
318 2841 403 2885 UXIX·
426 2840 468 2882 DE
490 2840 737 2884 possussiomuo
759 2841 909 2882 aureuma
932 2839 990 2881 PER
1013 2839 1088 2881 XXX.
1111 2839 1220 2882 dumea.

155 2939 237 3004 Item
261 2939 445 3016 statuimuS‚
480 2939 564 3020 quod
588 2941 614 3004 si
638 2939 750 3020 aliquis
784 2940 921 3006 tenuerit
949 2940 1083 3020 aliquam
1114 2940 1342 3022 poaeessiooem

115 3045 181 3112 sine
203 3043 352 3110 molestia
373 3063 430 3126 per
452 3063 551 3109 anuos
574 3043 711 3126 triginta,
736 3049 800 3109 tam
824 3062 893 3110 eum
916 3043 1134 3122 instrumento,
1159 3063 1251 3126 quam
1273 3045 1341 3109 sine

114 3149 333 3223 instrumento,
364 3167 426 3213 noo
457 3149 556 3230 possit
590 3147 630 3212 ab
665 3147 769 3229 aliquo
803 3149 975 3219 molestari.
1011 3149 1099 3214 saluo
1134 3150 1340 3214 instrumento

112 3253 308 3332 testamenti,
332 3253 382 3317 uel
406 3253 497 3317 dotis.

303 3434 368 3477 GAP.
393 3433 464 3476 CXX·
498 3433 539 3474 DE
562 3433 696 3476 nummu
720 3433 920 3474 EMENDANDIS
943 3435 1002 3476 emit
1025 3433 1149 3478 OASMAE.

18 3617 19 3634 ξ
156 3533 240 3598 Item
263 3531 439 3608 statuimue
476 3532 558 3613 quod
581 3532 607 3597 si
630 3531 661 3595 iu
684 3531 789 3613 aliquo
826 3533 938 3610 ursule,
975 3552 1031 3598 seu
1066 3512 1143 3598 eiua
1167 3531 1341 3600 confinibus

114 3638 207 3705 fieret
230 3635 357 3718 aliquod
379 3634 568 3714 malificium,
593 3655 649 3702 seu
672 3637 798 3720 aliquod
822 3637 990 3716 criminale,
1013 3643 1046 3702 et
1067 3655 1128 3704 uon
1151 3639 1344 3720 reperiretur

18 3751 20 3824 j
116 3742 310 3820 malefactor,
336 3741 414 3806 illud
436 3741 539 3808 casole
561 3741 708 3808 emendet
730 3742 806 3807 illud
830 3742 1007 3824 dampnum.
1031 3743 1119 3808 Etsi
1144 3744 1213 3826 quis
1240 3743 1342 3808 crimi-

18 3891 20 3936 ᾗ
116 3847 231 3912 naliter
253 3845 348 3912 fuerit
381 3852 556 3922 amusatus,
580 3845 696 3912 habeat
718 3847 884 3912 torminum
907 3853 978 3913 octo
1001 3847 1120 3914 dierum
1144 3847 1184 3912 ad
1220 3863 1343 3928 eompa-

18 3939 19 4034 J
117 3952 250 4018 rendum
273 3955 307 4016 et
336 3950 363 4014 si
394 3969 455 4015 uon
478 3951 690 4032 comparuerit
722 3953 754 4016 in
788 3951 870 4017 dioto
904 3951 1045 4030 temniuo,
1084 3969 1156 4017 reus
1189 3951 1343 4017 habeatur

18 4091 19 4156 ζ
117 4056 222 4136 daeo,
244 4071 305 4136 quo
329 4053 426 4120 luerit
447 4061 622 4120 aecusatus.

18 4303 20 4314 Ι
288 4235 355 4278 ΟΔΡ.
380 4235 462 4278 CXXI.
487 4235 528 4276 DE
551 4235 688 4277 mummulo
710 4235 949 4279 AOOUSA'PIONUM
972 4236 1167 4278 olumnam.

18 4315 19 4322 ἵ
71 4393 74 4401 ,
109 4395 113 4406 ,
159 4333 241 4399 Item
266 4334 442 4416 statuimm,
474 4333 557 4415 quod
581 4353 643 4399 una
666 4352 788 4416 queque
810 4352 923 4400 aeousa
946 4353 1042 4418 super
1073 4335 1215 4417 qualibet
1234 4337 1347 4402 iniuria

18 4475 19 4530 i
115 4437 180 4502 siue
204 4437 339 4520 dampno
361 4436 466 4504 fienda
484 4457 542 4519 per
563 4437 634 4504 illos
658 4438 698 4503 de
720 4437 849 4505 ciuitate
871 4437 926 4504 dat
947 4438 1030 4504 inira
1053 4444 1123 4505 octo
1146 4439 1222 4518 dies,
1247 4439 1340 4506 aliter

161 4577 170 4611 ¹
188 4581 269 4641 (lod.
287 4581 380 4655 Gap:
397 4599 463 4663 „pro
479 4581 573 4640 debito
595 4577 779 4645 eommunia“.

161 4663 230 4727 'Ol
255 4685 342 4743 supra
364 4685 436 4744 oap.
465 4669 536 4729 xci.
567 4669 643 4730 inira
670 4685 745 4744 eap.
775 4669 1058 4732 enumeranti
1086 4671 1115 4728 at
1143 4685 1218 4743 oap.
1247 4665 1341 4730 cdvi.

18 4757 20 4774 '
119 4752 273 4817 Reform.
