3398 5354
607 1457 609 1460 ·
696 1413 764 1522 Π.

398 1625 779 1732 STATUTA
822 1624 1071 1729 NOUA.

37 1897 41 1910 ·
157 1867 229 1934 Hoc
251 1873 301 1935 est
322 1869 480 1951 quoddam
504 1873 658 1936 statutum
688 1867 816 1952 iactum,
846 1867 984 1935 editum1
1006 1873 1040 1933 et
1062 1869 1272 1949 compositum
1295 1885 1352 1949 per

116 1973 282 2055 egregium
311 1981 345 2040 et
374 1972 551 2056 potentem²
586 1973 687 2038 uirum
722 1971 880 2037 dominum
914 1972 1068 2040 Jacobum
1101 1971 1279 2039 Gradenico
1311 1971 1351 2038 de

115 2076 269 2160 Venetijs,
293 2077 507 2144 honorabilem
530 2077 677 2144 comitem
700 2075 822 2159 Spalati
840 2083 872 2143 et
887 2078 1008 2144 nobiles
1024 2083 1058 2143 et
1075 2077 1244 2160 prouidos³
1263 2077 1351 2142 uiros

114 2181 276 2262 sapientes
299 2183 467 2264 deputatos
498 2201 594 2264 snper
623 2180 707 2248 iacto
739 2187 929 2248 statutorum
955 2201 994 2248 ex
1016 2183 1147 2248 arbitrio
1180 2182 1226 2247 eis
1256 2199 1353 2264 snper

114 2285 175 2353 hoc
199 2287 274 2353 dato
298 2305 357 2370 per
379 2287 541 2353 consilinm
573 2287 731 2370 generale,
765 2291 860 2370 prout
883 2289 923 2354 de
945 2287 1014 2370 ipso
1036 2281 1169 2353 arbitrio
1191 2290 1283 2368 patet
1303 2303 1353 2351 re-

113 2391 304 2460 formatione
334 2395 452 2476 scripta
483 2411 541 2474 per
569 2410 621 2459 me
648 2391 805 2458 notarium
837 2390 1071 2474 infrascriptum
1103 2396 1250 2457 currente
1272 2409 1355 2457 anno

112 2497 294 2564 natiuitatis
328 2496 444 2564 domini
478 2495 566 2562 Mcco
597 2497 757 2562 tricesimo
791 2497 908 2576 tercio,
947 2496 1105 2563 indicione
1143 2495 1263 2578 prima,
1301 2495 1354 2560 die

115 2602 197 2684 xvij·
218 2602 338 2684 merdj,
361 2603 450 2666 cuius
473 2601 601 2683 quidem
624 2601 736 2667 statuti
760 2607 793 2666 et
816 2600 1025 2668 ordinamenti
1048 2605 1139 2668 tenor
1161 2617 1220 2684 per
1234 2599 1355 2666 omnia*

112 2705 190 2770 telis
214 2711 274 2780 est,
299 2705 479 2772 videlicet⁶z

346 2936 414 2980 can.
437 2937 460 2979 1,
483 2937 526 2979 nn
547 2936 752 2981 anemonen
775 2915 927 2982 mn1ou1⁶
948 2937 1126 2982 osmanni.

157 3053 242 3119 Item
265 3057 421 3118 etatumm
436 3055 470 3117 et
485 3052 663 3120 ordinatum
679 3054 756 3134 est',
780 3055 866 3137 quod
881 3055 909 3120 si
924 3072 987 3136 quo
1010 3059 1152 3136 tempore
1175 3053 1248 3121 talis
1263 3072 1355 3120 casus

115 3156 290 3232 eueniret⁸‚
313 3159 399 3240 quod
413 3176 476 3224 non
496 3159 598 3240 possit
620 3157 756 3242 proferri
779 3159 887 3242 aliqua
908 3158 1066 3226 sententia
1089 3163 1219 3242 propter
1240 3177 1355 3242 paren-

113 3261 199 3328 telas
229 3261 366 3326 indicum
397 3268 453 3328 aut
480 3261 740 3342 consiliariorum,
774 3263 826 3330 nel
849 3264 925 3346 quia
953 3262 1051 3329 fuecit
1074 3283 1113 3330 ex
1135 3264 1213 3346 ipsis
1244 3263 1357 3345 aliquis

115 3367 303 3450 aduocatos,
326 3365 454 3448 quodsi
471 3386 529 3448 per
551 3365 672 3449 aliquos
696 3367 893 3435 consiliatios
915 3385 977 3433 non
1002 3367 1107 3449 possit
1128 3365 1264 3450 proferri
1287 3386 1358 3432 sen·

115 3472 221 3536 tentia
242 3469 415 3538 secundum
436 3469 568 3537 formam
592 3475 799 3538 statutorum:
826 3471 885 3538 sibi
908 3472 1079 3539 succedere
1102 3471 1243 3538 debeant
1257 3472 1359 3553 primo

121 3574 244 3640 iudices
267 3593 363 3657 super
384 3575 489 3642 usuris
511 3595 570 3659 per
591 3581 748 3656 tesseram
782 3575 809 3642 si
831 3573 910 3642 dero
937 3577 1033 3643 etiam
1058 3576 1134 3642 dicti
1156 3577 1277 3642 iudices
1298 3593 1360 3642 non

118 3685 251 3762 possent
273 3679 457 3764 succedere,
488 3680 540 3748 nel
565 3680 640 3762 quia
662 3685 773 3747 essent
795 3680 963 3761 coniuncti,
989 3681 1040 3747 uel
1063 3679 1182 3746 fuerint
1203 3679 1359 3758 aduocati,

120 3785 208 3865 qnod
230 3790 307 3850 tunc
328 3785 560 3852 examinatores
590 3785 734 3852 similiter
764 3786 934 3854 succedere
965 3785 1103 3853 debeant
1130 3803 1189 3868 per
1216 3789 1358 3851 tesseras

119 3891 161 3956 ad
184 3887 271 3970 ipsas
293 3890 468 3956 sententias
490 3887 708 3972 proferendas.

162 3991 227 4059 Sed
249 3993 275 4059 si
299 3993 413 4075 aliquis
435 4013 474 4060 ex
494 3993 653 4062 iudicibus
682 3995 770 4077 curie
802 3995 987 4062 coniunctus
1010 3999 1176 4078 utsupra,
1208 3993 1261 4060 uel
1283 3992 1359 4076 quia

121 4095 219 4163 tuerit
241 4097 425 4180 aduocatos,
455 4117 517 4167 non
547 4105 656 4182 posset
685 4100 842 4167 interesse
865 4099 907 4166 ad
929 4099 1030 4166 dictas
1053 4098 1231 4166 sententias
1253 4096 1358 4181 proie-

119 4201 246 4280 rendae,
279 4207 356 4267 tnnc
384 4203 453 4270 loco
476 4203 611 4286 predicti
641 4203 753 4272 iudicis
775 4223 839 4272 non
861 4203 986 4288 possint
1015 4192 1187 4272 succedere
1208 4202 1249 4269 ad
1270 4202 1358 4285 ipsas

120 4305 297 4372 sententias
320 4307 536 4390 proferendas,
567 4309 628 4374 nisi
649 4309 751 4390 pn'mo
772 4308 894 4376 iudices
917 4325 1014 4392 super
1036 4309 1140 4375 usmis
1163 4305 1308 4392 predicti,
1331 4305 1362 4373 si

171 4499 293 4566 1(Ῑοᾱ,
316 4501 421 4563 acad
444 4503 485 4564 B:
510 4500 689 4586 „nedicunt
776 4499 790 4537 ²
813 4506 862 4586 „et
883 4503 1049 4580 potentem¹‘
1071 4501 1154 4563 deest
1175 4519 1224 4578 ap.
1246 4501 1358 4578 Ljnb.

122 4586 270 4651 ³ibid.:
297 4590 457 4673 „probos“.
558 4588 570 4624 ⁴
596 4607 668 4667 „per
688 4589 803 4650 omnia“
831 4590 914 4650 deest
934 4589 1027 4650 ibid.
1119 4585 1132 4624 ⁶
1152 4589 1246 4650 Deest
1266 4586 1358 4650 ibid.

124 4674 447 4824 ‘ibid3;“„indicis“.
517 4674 530 4712 ²
551 4676 662 4739 ibid:
688 4676 867 4760 ,Stetnimus
888 4681 919 4738 et
940 4677 1143 4738 ordinamns“.
1210 4671 1224 4709 ⁸
1244 4673 1358 4738 ibid:

120 4780 300 4842 „euenen.
