3416 5350
376 441 440 510 XII

373 671 456 719 saec.
473 651 542 720 XV.
566 654 603 718 ln
617 654 760 736 margine
776 654 892 721 codicis
908 655 1086 734 nonnullae,
1104 660 1141 719 ut
1163 654 1314 721 videntur
1328 653 1432 720 XVII.
1450 674 1535 722 saec.
1552 655 1596 724 ed·

369 757 510 840 scriptae
532 763 607 823 sunt
630 758 765 840 glossae,
798 777 887 840 quas,
912 764 1064 840 qnantum
1088 761 1218 842 agnosci
1250 766 1394 842 possunt,
1419 759 1451 824 in
1473 761 1592 826 adnote-

365 861 505 928 tionibus
529 861 623 944 bujns
646 861 794 929 editionis
824 865 924 944 posui.
966 864 1035 941 Quo
1064 863 1245 930 accuratius
1268 864 1406 944 denique
1429 865 1595 946 proprietas

365 966 435 1032 cod.
459 966 548 1033 acad.
572 965 600 1031 Α
621 973 863 1050 proponeretur,
880 969 1058 1050 imaginem,
1076 987 1171 1050 quarn
1186 966 1340 1036 lacsimile
1356 968 1474 1052 dicunt,
1490 967 1598 1050 primae

366 1071 502 1154 paginae
525 1072 624 1153 partis
647 1071 764 1146 addidi.

413 1176 505 1255 Quod
527 1177 568 1241 ad
591 1179 766 1261 materiam,
790 1196 873 1259 quae
896 1177 965 1244 cod.
989 1177 1077 1242 acad.
1101 1177 1129 1242 A
1151 1176 1332 1244 continetur
1353 1176 1482 1258 attinet,
1503 1181 1597 1242 textus

368 1281 496 1362 quidem
521 1281 634 1347 statuti
657 1289 690 1348 et
713 1283 831 1348 veteris
855 1288 890 1346 et
912 1281 984 1346 nori
1007 1282 1108 1358 inest,
1132 1281 1178 1346 ita
1200 1287 1319 1360 tamen,
1342 1287 1380 1346 ut
1402 1280 1491 1346 nullo
1514 1281 1598 1347 modo

367 1385 452 1450 inter
466 1405 501 1452 se
518 1386 731 1468 discernatur,
748 1385 904 1453 imovero
921 1386 1036 1452 verba:
1065 1385 1170 1467 „quod
1186 1385 1274 1451 dedit
1290 1385 1423 1467 expleri,
1441 1385 1599 1450 laudentur

366 1487 433 1554 inte
456 1487 563 1555 fiderit
590 1489 675 1576 (pag.
700 1494 772 1556 232.
798 1491 846 1556 edv
872 1491 928 1574 n),
953 1490 1068 1572 quibus
1100 1495 1256 1556 statutum
1287 1495 1380 1556 retus
1405 1489 1536 1572 explicit,
1557 1491 1598 1555 ita

364 1593 487 1660 verbis:
515 1594 593 1672 „hoc
608 1601 660 1660 est
676 1593 834 1676 quoddam
858 1593 1032 1661 statutum“
1050 1601 1111 1660 cte.
1130 1595 1216 1677 (pag.
1242 1594 1330 1677 233),
1355 1594 1471 1676 quibus
1492 1613 1597 1660 norum
1685 1619 1689 1722 l

361 1699 475 1781 incipit
498 1705 663 1782 statutum,
695 1700 910 1782 superscripta
940 1705 1024 1784 sunt,
1048 1699 1140 1780 quasi
1169 1697 1408 1779 inscriptionem
1439 1699 1529 1764 unius
1549 1715 1597 1764 cu·

359 1801 492 1883 jusdam
514 1805 629 1887 capitis
653 1810 856 1886 exponerent.
890 1803 1021 1870 Accedit
1043 1804 1141 1870 etiam
1166 1807 1240 1885 post
1266 1801 1426 1881 „tabulam
1457 1801 1597 1868 reforma·

364 1907 488 1974 tionum
523 1909 866 1992 recompillandarum“
899 1913 1005 1975 textus
1041 1909 1115 1974 libri
1145 1906 1407 1976 reformationnm
1437 1925 1532 1988 usqne
1562 1905 1598 1970 ad

364 2014 475 2093 verba,
500 2014 614 2096 quibus
638 2032 706 2095 cap.
732 2013 847 2080 CVIII.
878 2014 973 2096 hujus
1005 2017 1134 2081 nostrae
1156 2012 1305 2080 editionis
1335 2017 1420 2095 (pag.
1445 2008 1529 2092 297.)
1548 2030 1596 2078 ex·

365 2117 472 2197 plicit:
500 2116 575 2204 ,fiat
597 2135 655 2200 pro
679 2117 812 2199 singulis
835 2118 1011 2200 personist.

410 2223 454 2306 2.)
480 2221 589 2289 Codex
611 2223 846 2306 manuscriptus
869 2222 1014 2306 ejusdem
1036 2221 1229 2306 academiae,
1255 2239 1349 2303 quem
1366 2221 1397 2286 in
1413 2219 1474 2286 hac
1495 2226 1597 2286 nostra

366 2326 507 2392 editione
530 2327 600 2393 cod.
624 2328 711 2392 acad.
736 2326 762 2391 B
785 2346 943 2394 vocamus.

412 2429 639 2498 Voluminosus
662 2431 715 2496 hic
738 2432 837 2498 codex
867 2432 1089 2498 membraneus
1123 2430 1247 2498 formae
1277 2430 1499 2513 quartanariae
1525 2430 1595 2494 inte·

363 2540 547 2616 gumentum
570 2535 668 2601 habet
690 2540 857 2616 scorteum,
882 2537 962 2602 rude
986 2534 1173 2616 coniectum,
1198 2534 1283 2616 quod
1298 2534 1459 2601 hincinde
1476 2533 1594 2600 atineis

365 2655 495 2704 exesum
518 2644 577 2706 est.
601 2639 807 2706 Membranae
830 2639 999 2722 splendore
1022 2645 1134 2707 carent
1156 2639 1374 2720 etimpolitae
1398 2643 1480 2716 sunt,
1503 2655 1596 2718 neque

365 2743 488 2824 singula
510 2761 619 2810 eorum
642 2742 718 2810 folia
744 2745 884 2810 numeris
906 2745 1032 2827 signata
1062 2749 1153 2822 sunt3
1185 2742 1342 2826 superiori
1366 2749 1473 2808 autem
1494 2759 1591 2808 eorum

366 2847 499 2932 margini
522 2847 679 2930 ascriptus
703 2853 753 2914 est
775 2867 923 2914 numerus
946 2849 1028 2928 libri,
1053 2848 1093 2914 ad
1116 2866 1210 2928 quem
1233 2848 1349 2930 capita,
1372 2864 1454 2928 quae
1474 2844 1595 2928 singubs

371 2953 493 3033 paginis
517 2957 592 3018 sunt
615 2953 742 3034 scripta,
766 2959 922 3033 spectant.

415 3055 549 3123 'Peritum
572 3057 654 3123 binis
684 3057 837 3124 columnis
865 3057 965 3123 literis
996 3056 1118 3139 magnis
1148 3061 1181 3122 et
1209 3056 1288 3122 satis
1311 3055 1421 3122 nitidis
1443 3055 1596 3136 scriptum,

368 3161 474 3233 multis
498 3167 606 3228 sutem
630 3161 707 3227 locis
727 3162 795 3242 jam
828 3161 962 3227 dilutum
986 3165 1082 3243 atque
1111 3179 1207 3226 manu
1236 3161 1357 3226 recenti
1389 3164 1595 3226 restauratum

367 3265 518 3332 invenies.
544 3265 698 3331 Columna
722 3283 868 3347 quaeque
893 3271 934 3332 20
957 3284 1068 3332 versus
1087 3265 1240 3331 continet.
1269 3265 1494 3345 inscriptiones
1517 3261 1595 3344 capi·

368 3374 434 3434 tum
458 3370 555 3435 rubro
579 3369 685 3436 colore
708 3377 782 3436 sunt
804 3370 918 3452 pictae,
943 3370 1102 3436 interdum
1125 3385 1261 3450 quoque,
1282 3371 1386 3451 prima
1409 3367 1597 3449 potissimum

367 3477 458 3554 parte
489 3473 589 3539 totius
620 3473 748 3554 codicis
781 3473 946 3554 eleganter
977 3472 1066 3555 nigro
1097 3474 1205 3540 colore
1235 3473 1415 3538 delineatae
1444 3471 1595 3552 variisque

367 3577 476 3660 figuris
499 3577 680 3643 animalium
704 3585 884 3644 exornatae.

410 3681 504 3746 Initio
529 3699 612 3748 saec.
636 3681 706 3747 IIV.
738 3682 891 3762 codicem,
923 3683 1013 3764 oans
1044 3682 1216 3764 specimina
1247 3680 1378 3748 editioni
1409 3679 1482 3744 huic
1507 3677 1596 3746 etiarn

369 3786 487 3868 addidi,
511 3785 664 3868 seriptum
688 3805 759 3853 esse
782 3799 905 3853 censeo.

410 3889 456 3956 Ut
479 3891 547 3957 cod.
565 3891 643 3956 acad
666 3890 704 3966 A,
726 3891 773 3956 ita
795 3890 845 3956 hio
861 3891 956 3958 etiam
980 3891 1078 3956 codex
1100 3889 1332 3972 manuscriptus
1347 3893 1469 3954 textum
1490 3887 1600 3953 utrius·

367 4012 428 4075 que
458 3995 569 4059 statuti
602 3995 741 4060 continet
771 4001 868 4074 atque
898 3993 970 4058 libri
1008 3994 1268 4060 reformationum
1301 3991 1598 4072 reformationesque

367 4099 479 4164 eodem
503 4101 599 4165 etiam
622 4099 700 4179 loco,
725 4099 814 4164 utin
838 4099 905 4164 cod.
930 4099 1019 4162 acad.
1058 4098 1085 4163 A
1117 4097 1277 4164 finiuntur.
1301 4097 1434 4164 Praeter
1455 4097 1532 4162 haec
1552 4095 1593 4158 in·
1686 4165 1689 4194 1

368 4203 475 4268 venies
504 4203 623 4269 ibidem
650 4208 685 4270 et
707 4203 763 4268 illa
785 4202 949 4268 literarum
983 4209 1196 4282 monumenta,
1222 4202 1359 4284 quaein
1381 4195 1596 4266 additamentis
1688 4195 1689 4198 ’

364 4305 457 4388 hujus
487 4308 593 4389 operis
617 4307 781 4374 edidimus.

414 4409 601 4494 Complures
624 4417 740 4490 autem,
764 4411 849 4492 quod
867 4429 1059 4494 magnopere
1075 4411 1177 4490 doleo,
1195 4411 1311 4477 desunt
1333 4409 1534 4478 membranae
1556 4423 1599 4471 co·

369 4515 456 4584 dicis.
483 4517 656 4582 Possessor
678 4517 806 4598 quidam
822 4517 890 4598 ejus
907 4514 993 4581 loliis
1017 4515 1194 4581 chamoeeis
1217 4535 1272 4582 eas
1295 4513 1456 4602 supplerit
1477 4511 1596 4579 ibidem-

369 4638 432 4701 que
455 4619 525 4686 loca
546 4621 727 4687 desiderata
749 4639 788 4687 ex
810 4620 871 4686 alio
896 4621 1005 4687 codiee
1027 4619 1241 4703 manuscripto
1272 4619 1392 4686 retulit.
1422 4619 1506 4685 Loca
1527 4615 1598 4680 haec
1662 4705 1669 4718 ·

370 4730 455 4800 sunt,
480 4741 563 4806 quae
585 4725 643 4790 tali
665 4726 757 4791 modo
780 4732 925 4793 recenter
947 4725 980 4790 in
1003 4725 1143 4792 codicem
1168 4731 1243 4792 sunt
1262 4724 1380 4792 relata:
