3416 5350
284 491 344 556 150

279 695 417 763 cundum
438 713 542 778 pqnas
565 692 711 775 superins
734 691 924 758 declaratas.
949 687 983 756 Si
1006 707 1083 756 uero
1106 687 1174 756 sine
1192 685 1355 772 sanguine,
1378 704 1437 767 pro
1460 703 1525 751 una

282 800 485 883 percussione
507 797 649 864 tantnm¹
671 795 830 879 puniatur.
1048 883 1050 888 Ι

322 901 356 969 Si
380 921 458 970 uero
480 901 595 983 aliquis
617 899 755 983 aliquem
772 897 967 981 percusserit
982 915 1053 962 cum
1068 896 1175 980 aliquo
1191 894 1271 962 alio*
1285 911 1404 978 genere
1418 909 1522 960 armo-

275 1025 356 1086 rnm,
380 1006 433 1072 nel
456 1023 527 1071 cum
550 1023 618 1084 acu,
655 1003 708 1071 uel
731 1020 802 1070 cum
824 1001 930 1084 anulo,
961 1019 1057 1083 qnam
1079 1000 1150 1082 quis
1172 1003 1262 1066 tenet
1283 999 1316 1062 in
1338 1015 1445 1078 mann,
1468 995 1524 1062 uel

276 1109 440 1191 similibus,
463 1127 502 1174 ex
525 1107 640 1189 quibus
664 1107 787 1172 modica
809 1105 891 1186 lesio
914 1103 1015 1184 fieret,
1040 1109 1117 1170 tnnc
1138 1105 1171 1170 in
1185 1102 1303 1169 talibus
1319 1105 1519 1182 temperetur

277 1231 363 1296 pqna
383 1212 556 1280 secundnm
578 1208 830 1293 prouidentinm³
852 1209 985 1276 rectoris
1009 1212 1043 1274 et
1065 1205 1261 1273 offitiolium⁴
1283 1203 1419 1288 Spoleti,
1452 1221 1527 1270 con·

280 1317 422 1384 siderate
444 1315 625 1382 conditione
648 1330 786 1397 persone
809 1311 1021 1396 etqualitate
1043 1309 1129 1378 facti.

280 1546 348 1591 on.
375 1545 487 1589 mlv.
518 1545 560 1588 DE
582 1543 704 1606 muns,
727 1537 910 1588 momnis
932 1541 972 1584 H
995 1539 1266 1586 rememoramus
1288 1538 1464 1584 amun!
1486 1538 1527 1582 H

785 1628 1011 1673 moneremus.

320 1746 403 1813 Item
433 1749 588 1811 statutum
618 1749 653 1810 et
683 1743 864 1809 ordinatum
894 1747 954 1828 est,
985 1741 1070 1824 qnod
1100 1741 1127 1808 si
1159 1743 1230 1825 quis
1261 1740 1383 1808 furtum
1413 1739 1528 1808 fecerit

279 1847 374 1916 alicui
403 1866 505 1930 nsque
528 1848 569 1913 ad
592 1847 802 1930 quantitatem
826 1846 935 1914 decem
958 1845 1132 1924 seldenum,
1167 1845 1318 1927 puniatur
1339 1847 1371 1910 in
1395 1849 1525 1911 centum

279 1953 397 2032 soldis;
428 1952 455 2018 si
484 1969 561 2016 uero
592 1969 645 2017 res
675 1949 781 2017 furata
809 1948 949 2016 ualuerft
979 1968 1081 2032 usqne
1110 1949 1152 2015 ad
1175 1948 1387 2032 quantitatem
1411 1949 1521 2014 decem

280 2055 442 2122 soldorum
465 2053 694 2120 condemnetur
716 2052 903 2120 malefactor
924 2053 957 2118 in
980 2054 1090 2120 decem
1113 2052 1221 2132 libris3
1245 2053 1274 2119 si
1295 2071 1370 2120 nero
1386 2051 1526 2120 caluerit

279 2159 364 2225 ultra
395 2159 506 2225 decem
539 2157 718 2224 soldorum⁶
748 2175 852 2238 usque
874 2157 915 2223 ad
937 2155 1003 2221 xx⁶
1032 2156 1148 2236 soldos,
1173 2157 1404 2224 condemnetur
1425 2155 1525 2221 male-

279 2262 382 2330 factor
404 2262 438 2326 in
459 2279 540 2326 xxv
563 2260 663 2326 libris.
693 2259 727 2327 Si
750 2279 827 2328 uero
847 2278 900 2328 res
922 2257 1029 2326 furate
1052 2259 1191 2326 uoluerit
1212 2260 1299 2326 ultra
1319 2257 1387 2325 xrrti
1417 2259 1524 2326 soldos

281 2365 450 2449 usquead
478 2365 517 2430 xl
548 2365 666 2446 soldos,
699 2364 928 2431 condemnetur
956 2364 989 2430 in
1020 2364 1250 2448 quinquaginta
1278 2363 1377 2444 libris,
1410 2363 1525 2430 abinde

282 2487 362 2536 uero
385 2486 491 2553 supra,
515 2469 542 2534 si
564 2487 616 2534 res
638 2467 777 2535 ualuerit
799 2467 885 2536 ultra
906 2468 946 2534 ul
977 2467 1109 2549 soldos⁰,
1140 2467 1369 2534 condemnetur
1392 2466 1525 2534 arbitrio

280 2571 461 2657 potestatis,
484 2570 631 2653 inspecta
653 2571 833 2640 conditione
848 2589 985 2655 persone
1001 2576 1035 2640 et
1049 2571 1205 2654 qualitate
1220 2571 1306 2638 facti.
1330 2573 1376 2638 lit
1391 2577 1525 2655 rogaui

281 2675 462 2756 summarie,
485 2675 553 2742 sine
576 2675 684 2743 libello
707 2681 741 2744 et
762 2676 831 2744 sine
862 2677 998 2760 strepitu
1021 2680 1055 2744 et
1084 2674 1187 2759 figura
1216 2676 1319 2761 iuditij
1351 2677 1525 2743 emendare

282 2781 431 2847 damnum
453 2779 493 2860 ei,
517 2777 572 2861 qui
595 2797 709 2861 passus
725 2787 775 2847 est
789 2779 918 2860 furtum,
942 2781 994 2846 uel
1015 2781 1201 2847 uiolentiam
1217 2782 1251 2845 in
1266 2779 1409 2863 duplum,
1433 2779 1524 2847 satis-

280 2882 437 2950 fatiendo⁷
460 2883 501 2951 de
523 2882 608 2949 dicto
630 2884 756 2950 damno.

325 2987 369 3052 Et
391 2986 548 3053 dictarum
571 3006 679 3054 rernm
701 2989 865 3055 estimatio
888 2987 946 3054 fiat
967 3007 1024 3070 per
1046 2987 1146 3067 illum,
1170 2989 1224 3069 qni
1243 3007 1357 3072 passus
1372 2995 1425 3056 est
1438 2990 1522 3055 dam·

282 3109 358 3158 num
380 3107 452 3155 cnm
474 3089 654 3158 irnamento
677 3091 793 3174 ipsius3
826 3097 860 3158 et
882 3093 909 3158 si
931 3093 1006 3158 talis
1029 3091 1216 3159 malefactor
1238 3091 1355 3159 dictam
1377 3093 1522 3160 condem·

281 3194 442 3262 nationem
466 3194 592 3261 soluere
614 3213 678 3261 non
700 3203 821 3278 posset,
844 3196 877 3260 in
900 3215 1037 3278 persona
1059 3196 1210 3278 puniatur
1233 3197 1367 3263 arbitrio
1390 3198 1522 3264 rectoris

282 3297 351 3366 siue
372 3297 405 3364 in
427 3297 614 3364 incidendo⁸
636 3303 670 3365 et
691 3299 868 3366 mutilando
891 3299 951 3366 sibi
973 3317 1102 3366 manum
1124 3299 1177 3365 uel
1199 3300 1330 3382 pedem,
1354 3301 1409 3367 uel
1432 3301 1522 3369 aliter
1546 3333 1552 3344 ·

281 3403 314 3469 in
337 3419 471 3484 corpore
486 3402 647 3484 puniatur,
672 3409 768 3485 prout
781 3403 845 3485 ipsi
859 3404 977 3469 rectori
993 3403 1158 3470 uidebitur
1173 3404 1355 3489 conuenire,
1379 3406 1523 3488 inspecta

282 3505 462 3574 conditione
483 3523 619 3586 persone
642 3511 677 3572 et
699 3507 854 3589 qualitate
876 3505 961 3573 facti.

324 3609 369 3676 Et
398 3611 425 3676 si
454 3609 558 3675 dictus
590 3608 641 3675 fur
673 3610 727 3676 uel
757 3617 866 3693 raptor
896 3611 1099 3678 consueuerit
1128 3611 1201 3694 plus
1223 3611 1308 3677 ultm
1330 3612 1413 3678 duas
1436 3613 1521 3680 uices

281 3713 359 3780 talia
380 3714 466 3779 mala
489 3713 698 3792 committere,
721 3713 858 3780 funchis⁹
880 3716 1105 3798 suspendatur,
1132 3716 1179 3782 ita
1200 3716 1286 3796 quod
1308 3717 1437 3798 penitus
1459 3736 1522 3784 mo

281 3818 392 3884 riatur.

324 3919 476 3987 Similiter
505 3921 672 3988 robatores
703 3926 879 3988 stratarum
910 3927 944 3987 et
972 3922 1029 3998 illi,
1064 3922 1118 4005 qui
1141 3927 1377 3988 consueuerant
1399 3923 1523 4006 aliquos

279 4025 437 4093 darobare
459 4024 492 4090 in
515 4025 625 4090 stratis
647 4031 681 4091 et
701 4025 762 4108 uijs
785 4025 929 4107 publicis,
961 4027 1013 4092 nel
1035 4027 1140 4108 piratq
1169 4027 1203 4090 in
1225 4025 1305 4090 mari
1327 4031 1360 4092 et
1383 4027 1520 4094 habeant

279 4128 396 4195 famam
419 4145 476 4193 seu
498 4126 660 4194 infamiam
684 4129 724 4195 de
747 4129 909 4210 predictis,
940 4127 1060 4194 fnrchis
1090 4129 1337 4214 suspendantur,
1368 4131 1416 4195 ita
1438 4131 1522 4213 qnod

328 4301 449 4364 ²God.
474 4306 581 4365 acad.
605 4307 648 4366 B:
673 4307 925 4391 „tantummodo“.
1050 4303 1176 4367 2Deest
1197 4307 1227 4368 in
1250 4308 1331 4371 cod
1355 4307 1464 4370 acad.
1486 4307 1521 4370 A.

285 4387 405 4450 Β(10(1.
429 4390 535 4451 acad.
559 4391 600 4452 B:
627 4393 801 4471 „potestatis
817 4389 876 4454 et“.
937 4391 1082 4456 ‘ibid.:
1108 4390 1377 4474 „diotqciuitatis‘.
1439 4391 1521 4469 ‘Ap

281 4475 424 4551 Ljub.:
459 4477 628 4556 „solidos“;
666 4480 695 4538 in
725 4480 812 4540 cod.
846 4480 963 4540 acad.
994 4480 1020 4540 B
1050 4481 1152 4540 deest:
1189 4479 1309 4562 „decem
1342 4473 1520 4542 mldoruan‘.

285 4559 433 4623 ⁶Verba:
460 4563 687 4637 ,condemnetur
706 4599 747 4610 —
768 4569 848 4627 ultra
870 4568 907 4626 xl
931 4565 1048 4626 soldos“
1075 4566 1181 4626 desunt
1203 4567 1233 4626 in
1255 4567 1336 4628 cod.
1359 4567 1466 4626 acad.
1488 4565 1521 4624 B.

285 4643 298 4681 7
319 4645 431 4708 ibid:
457 4648 680 4730 „satisfaceret
752 4649 764 4686 ⁸
785 4653 899 4715 ibid:
926 4651 1106 4731 „cedendo“.
1172 4649 1292 4714 'cod
1316 4651 1424 4714 acad.
1447 4651 1472 4710 B
1494 4653 1521 4710 et

281 4748 329 4810 ap.
354 4731 482 4811 ejas:
508 4749 580 4812 ,per
601 4737 732 4813 gulam“.
