3396 5402
86 4900 187 4929 ,Α

370 489 413 594 oo

467 761 533 806 osc.
557 761 666 807 uxxxr.
688 761 792 807 mnu
813 761 953 808 romeu
973 757 1265 814 rrorroorrnuourou
1289 735 1483 804 onrrurrumr.¹

1541 8 1677 348 ”i

1675 517 1677 530 l

1676 621 1677 634 l

409 877 489 944 Item
510 879 544 946 in
565 880 677 948 eodem
698 879 829 948 consilio
862 883 988 964 coptum
1010 877 1086 959 iuit,
1121 877 1206 960 quod
1227 877 1334 960 ulique
1362 893 1499 960 persone
1530 895 1593 944 non
1675 849 1677 928 f

244 1009 251 1028 =
363 984 480 1051 undeet
501 985 551 1052 vel
573 991 754 1068 praesumet
776 991 905 1069 porture
926 985 1033 1068 cliquo
1056 989 1200 1067 tempore
1214 981 1321 1049 vinum
1335 981 1461 1051 forense
1475 981 1592 1067 eliqno,

362 1105 421 1155 uec
442 1088 633 1175 barchizere,
657 1091 725 1158 siue
748 1089 791 1158 sit
812 1088 1015 1171 Gurzulcuuo,
1040 1087 1108 1156 siue
1129 1089 1171 1157 eit
1192 1087 1360 1170 habitator,
1383 1105 1488 1172 poeno
1500 1105 1592 1171 yper·

362 1212 510 1278 pecorum
528 1214 597 1262 xxv.
620 1202 686 1262 tem
707 1201 841 1280 petrono
862 1195 1010 1276 barchae,
1033 1211 1127 1276 quom
1148 1194 1325 1270 mercatori,
1348 1197 1383 1262 et
1403 1210 1508 1276 poene
1530 1191 1593 1258 erri-

362 1298 442 1368 libet
462 1301 631 1368 merincrio
653 1317 879 1384 yperperorum
901 1319 929 1368 v.
953 1317 1084 1384 querum
1101 1317 1275 1384 poenorum
1297 1303 1463 1366 cwrsctor
1476 1295 1595 1364 hebent
1676 1311 1677 1334 ³

364 1405 490 1473 tertiam
512 1409 647 1490 portem,
670 1411 703 1473 et
725 1405 858 1489 quilibet
879 1407 982 1490 possit
1004 1423 1163 1474 accusare.
1187 1403 1286 1474 Saluo
1309 1404 1336 1471 si
1358 1401 1428 1487 quis
1448 1405 1594 1486 portaret

364 1509 405 1578 de
427 1509 568 1578 Merohic
589 1510 705 1598 aliquo,
739 1527 803 1578 uon
824 1515 931 1580 temen
952 1509 1130 1591 currulem,
1164 1509 1250 1592 quod
1271 1507 1375 1577 fetere
1396 1507 1501 1592 possit
1523 1522 1592 1572 cum

363 1613 490 1684 licentio
509 1616 608 1684 totius
629 1615 789 1698 regiminis
811 1623 846 1684 et
868 1636 931 1685 uon
952 1615 1056 1697 aliter,
1083 1615 1142 1682 sub
1165 1614 1250 1682 dictu
1270 1631 1382 1699 poene

618 1813 685 1860 (tn.
708 1813 830 1858 nxxm.
862 1815 1035 1860 emme
1057 1814 1120 1858 NON
1142 1810 1335 1858 mmmd-

407 1929 500 2012 Item,
531 1930 616 2014 quod
638 1929 752 2014 uliquis
772 1949 835 1999 uon
856 1930 979 2000 hclritet
1000 1931 1033 1998 in
1054 1929 1252 2012 Lumberdo,
1285 1945 1345 1996 nec
1366 1943 1437 1994 cum
1453 1925 1592 2005 icmilin

362 2052 421 2104 uec
441 2051 512 2102 eum
534 2036 675 2118 morinis,
698 2055 757 2104 uec
778 2037 900 2120 geliuis,
923 2054 1027 2120 poene
1052 2051 1278 2120 yperperorum
1299 2051 1368 2100 xxv.
1392 2038 1426 2100 et
1445 2037 1595 2101 terrester

360 2139 499 2226 regimen
532 2138 705 2224 procedere
726 2141 760 2208 iu
780 2140 841 2208 hoe
862 2141 894 2207 iu
917 2139 1001 2208 omni
1034 2139 1113 2208 horn
1134 2149 1166 2207 et
1188 2143 1347 2222 tempore:
1383 2137 1510 2206 adhoc
1532 2137 1593 2204 siut

362 2243 520 2313 officiales.

579 2442 646 2488 ΟΠ.
669 2443 804 2487 nxxm.
827 2443 870 2487 lt!
891 2439 1180 2489 venundemus
1203 2441 1371 2494 comm.

404 2541 486 2609 Item
507 2542 592 2626 quod
613 2541 811 2612 yceeelcmen
843 2544 1016 2612 communis
1046 2543 1139 2610 modo
1163 2561 1220 2627 per
1242 2543 1383 2628 regimen
1414 2539 1593 2607 cumuletur

361 2645 539 2730 ubicunque
561 2647 694 2731 reperiri
715 2653 824 2731 potest
845 2653 878 2717 et
900 2649 1077 2732 quicunque
1099 2648 1318 2716 deucsteuerit
1338 2643 1467 2729 aliquod
1487 2661 1593 2742 susce

361 2749 475 2834 lemen,
498 2751 603 2820 solunt
623 2752 727 2836 ipsum
749 2754 842 2820 modo
865 2754 906 2821 de
927 2754 1076 2838 presenti,
1098 2753 1149 2820 vel
1172 2753 1229 2820 det
1249 2751 1336 2820 eliud
1357 2750 1470 2818 simile.

487 2933 495 2943 ‘
568 2949 634 2994 on.
657 2951 788 2994 uxxxrv.
810 2951 991 2995 emmonem
1013 2952 1076 2996 uos
1098 2949 1385 2997 connumerent.

406 3065 497 3151 Item,
520 3065 605 3150 quod
627 3067 803 3150 quicunque
826 3074 958 3152 poneret
984 3069 1088 3151 iguem
1110 3069 1143 3135 iu
1164 3067 1284 3152 zopinis
1307 3083 1365 3149 per
1386 3063 1534 3144 insulem,
1555 3080 1590 3128 ex

363 3187 424 3252 quo
448 3175 533 3238 esset
554 3170 710 3250 domnum,
732 3173 837 3240 solunt
857 3175 984 3242 nomine
1005 3191 1127 3257 poeuee
1148 3189 1321 3257 yperperos
1341 3187 1410 3235 xxv.
1433 3173 1469 3236 et
1489 3172 1590 3235 totum
1648 3211 1656 3240 .

363 3272 527 3446 domnumb
542 3277 697 3343 communi
719 3283 754 3343 et
787 3278 919 3361 quilibet
951 3280 1053 3363 possit
1085 3296 1234 3346 accesere
1257 3283 1291 3344 et
1311 3276 1432 3344 hebere
1464 3273 1590 3340 tertium

361 3381 486 3461 purtem
529 3379 611 3446 euni.
1145 3397 1147 3404 ⁴

398 3574 464 3620 ΟΠ.
484 3575 602 3622 mxv.
624 3577 805 3624 wuronc!
826 3580 890 3624 Noli
912 3581 1154 3625 mommoleni!
1176 3579 1275 3626 enon
1296 3579 1384 3623 Hm
1406 3577 1465 3622 PRO
1488 3575 1559 3622 1³1⁰}

893 3668 1061 3712 rodomum.

406 3777 495 3861 item,
520 3780 604 3864 quod
626 3783 730 3850 nullus
751 3783 854 3867 possit
874 3785 1012 3852 incidere
1034 3783 1163 3869 zopinos
1185 3783 1227 3852 ud
1249 3783 1426 3852 leniendum
1446 3782 1589 3868 pegulcm

362 3882 539 3968 ubicunque
560 3877 647 3952 mure'
668 3887 807 3972 respicit,
830 3907 934 3973 poene
955 3909 1182 3974 yperperorum
1203 3908 1273 3956 nv.
1290 3891 1324 3956 et
1338 3887 1472 3972 quilibet
1493 3886 1589 3971 possit

363 4005 513 4058 musmo
534 3995 568 4058 et
588 3989 705 4058 hebere
727 3993 854 4060 tertium
877 3999 1001 4078 portem
1023 3996 1128 4062 benni.

516 4185 583 4238 ΟΔΡ.
606 4187 737 4233 mxu.
760 4191 924 4236 ousronult
946 4193 1190 4238 EEUEHMUH
1211 4193 1253 4235 ml
1276 4189 1437 4236 eusdem.

405 4285 485 4353 Item
500 4286 611 4355 eodem
626 4289 795 4356 Millesimo
810 4291 986 4362 Indictioue
1000 4303 1033 4360 et
1048 4293 1108 4361 die.
1132 4293 1169 4360 ln
1184 4291 1296 4360 eodem
1311 4289 1442 4358 oonsilio
1465 4293 1586 4374 ceptrum

362 4388 432 4472 tuit,
455 4391 541 4474 quod
565 4410 688 4475 omues,
719 4396 772 4478 qui
795 4401 869 4462 suut
890 4397 1010 4466 dimissi
1033 4399 1073 4465 de
1094 4397 1227 4483 gucrdiu
1249 4395 1410 4464 ordinarie
1442 4393 1586 4471 cointe,

362 4500 519 4578 ponuntur
534 4495 567 4562 iu
582 4497 651 4581 ipse
665 4499 806 4582 guardia,
836 4509 869 4569 et
883 4502 1062 4570 custodient
1076 4503 1175 4586 ipsum
1191 4501 1366 4588 guardiam,
1382 4505 1479 4584 prout
1493 4501 1586 4568 docet

412 4653 421 4691 ¹
438 4655 648 4719 Reiormetione
662 4662 803 4735 praesenti
818 4663 853 4723 de
867 4679 937 4722 uovo
948 4661 1007 4722 tuit
1018 4663 1214 4724 confirmatum
1226 4664 1407 4740 praeceptum
1418 4661 1473 4722 sub
1489 4675 1582 4735 ecpp.

364 4742 420 4807 GV.
437 4745 716 4822 nequedum.
733 4747 1038 4810 Stututioitctum:

407 4830 449 4896 Gi.
465 4833 552 4896 otium
567 4831 684 4898 inierint
699 4851 770 4914 esp.
788 4837 887 4900 xo1x.
903 4837 1063 4901 Reform.
