3416 5350
1430 475 1473 540 et

222 670 355 754 inipso
378 687 477 738 causa
499 670 559 738 nisi
580 671 614 737 in
636 691 696 738 suo
717 671 899 740 testimonio
922 672 1046 753 dixerit,
1079 692 1114 740 se
1134 673 1212 742 nihil
1234 675 1315 744 scire
1338 677 1379 744 de
1400 677 1471 762 ipso

219 776 373 860 negotio;
398 780 431 842 et
452 781 529 842 tunc
550 776 653 860 possit
674 777 832 844 interesse
855 777 896 843 ad
919 777 1205 844 sententiendum1.

674 1007 743 1052 ΟΔΡ.
766 1007 817 1050 xn.
841 1007 883 1050 Dm
905 1007 1022 1052 ΙΟΒΙΙ.

269 1123 351 1190 Item
374 1127 529 1189 statutum
551 1127 586 1190 et
600 1123 780 1190 ordinatum
795 1129 856 1206 est,
879 1123 964 1206 quod
979 1123 1013 1190 in
1029 1142 1126 1192 causa
1150 1123 1236 1192 ciuili
1251 1132 1285 1194 et
1300 1129 1469 1212 sententijs

220 1225 442 1310 prolerrendis
465 1231 608 1309 potestas
632 1232 666 1294 et
687 1233 795 1294 rector
818 1228 903 1308 dicte
926 1227 1066 1295 ciuitatis
1096 1247 1168 1298 esse
1191 1231 1308 1299 debeat
1332 1232 1374 1299 ad
1396 1251 1470 1301 sen·

220 1333 344 1400 tentiae
376 1330 601 1415 prolerrendas
632 1349 703 1399 cum
732 1332 835 1400 tribus
857 1333 1015 1400 iudicibus
1038 1337 1072 1399 et
1094 1351 1149 1400 sen
1179 1335 1383 1419 consitientjs,
1415 1337 1470 1419 qui

225 1436 348 1504 debent
368 1435 543 1518 propositis
565 1437 723 1504 interesse
745 1440 778 1504 et
801 1453 872 1502 cum
892 1435 970 1519 ipsis
993 1434 1112 1504 iactum
1143 1441 1177 1504 et
1209 1456 1335 1506 causam
1354 1441 1469 1510 exemi<

224 1558 306 1606 nare
328 1543 362 1608 et
383 1541 557 1607 terminare
579 1539 706 1618 debeat,
730 1539 784 1608 ubi
806 1542 908 1608 maior
931 1540 1023 1624 pars²
1045 1559 1080 1606 se
1103 1541 1345 1609 concordauen't
1359 1561 1469 1611 secun·

225 1643 302 1710 dnm
324 1649 480 1710 statutum
502 1648 536 1709 ct
557 1643 674 1710 bonam
697 1643 956 1712 consuetudinem
979 1643 1118 1711 ciuitatis
1141 1641 1274 1726 Speleti.

269 1747 314 1812 Et
334 1747 424 1813 nulla
445 1747 606 1814 sententia
627 1749 731 1830 possit
753 1747 831 1826 dari,
854 1748 915 1814 nisi
945 1747 1091 1814 adminns
1122 1749 1186 1814 sint
1209 1748 1272 1829 due
1294 1756 1402 1832 partes
1425 1751 1467 1818 de

223 1851 314 1918 curia
336 1869 410 1918 cnm
431 1855 558 1918 rectore
582 1851 665 1931 dicte
689 1850 852 1918 ciuitatie³.
876 1850 920 1915 Et
941 1851 968 1918 si
991 1851 1054 1932 due
1078 1856 1186 1934 partes
1210 1853 1252 1918 ad
1274 1853 1377 1921 minus
1400 1873 1464 1922 non

221 1951 352 2036 fuerint,
374 1955 446 2036 ipsa
469 1954 628 2023 sententia
650 1955 716 2020 lata
737 1971 801 2020 non
825 1954 941 2036 ualeat
965 1973 1024 2022 uec
1046 1960 1155 2024 teneat
1177 1955 1242 2022 ullo
1264 1958 1369 2024 modo.

665 2183 733 2228 ΟΔΡ.
757 2185 820 2227 xm.
844 2185 887 2226 DE
909 2183 1026 2228 EODEM.

265 2299 346 2366 ltem
376 2303 531 2366 statutum
562 2304 596 2366 et
625 2299 804 2366 ordinatum
834 2306 900 2384 est,
936 2301 1021 2382 quod
1050 2302 1077 2366 si
1108 2319 1166 2382 per
1188 2306 1384 2382 potestatem
1408 2304 1462 2370 uel

218 2409 376 2472 rectorem
399 2403 537 2470 ciuitau'e
560 2401 683 2485 Spalati
706 2403 783 2470 data
804 2401 902 2470 luerit
924 2403 1032 2486 aliqua
1053 2405 1213 2471 sententia
1235 2407 1268 2471 in
1292 2424 1389 2474 causa
1420 2409 1463 2473 ci-

218 2507 277 2574 uili
299 2509 368 2574 sine
390 2505 485 2573 dictis
507 2507 663 2574 iudicibus
681 2511 715 2573 et
729 2507 930 2590 consiliariJs¹
954 2509 1008 2588 qui
1031 2508 1150 2574 debent
1170 2511 1342 2591 propositis
1365 2512 1463 2577 inter·

218 2629 309 2689 esee,
339 2609 392 2676 nel
421 2627 492 2676 cum
522 2611 568 2678 eis
597 2615 632 2677 et
660 2609 731 2692 ipso
761 2611 919 2678 sententia
949 2612 1025 2678 data
1057 2611 1155 2678 luerit
1184 2620 1295 2680 contra
1328 2613 1466 2681 formem

216 2719 413 2782 statutorum
436 2714 522 2794 dicte
545 2715 702 2794 ciuitatis,
731 2714 847 2780 nullius
870 2715 991 2782 ueloris
1014 2715 1085 2796 ipsa
1106 2717 1266 2784 sententia
1288 2718 1405 2786 existat
1427 2725 1461 2785 et

216 2825 363 2902 poteslas
393 2823 427 2885 et
457 2824 578 2898 rector,
609 2821 664 2902 qui
693 2837 750 2902 pro
781 2825 925 2901 tempore
947 2819 1069 2898 fuerit⁴,
1102 2837 1257 2886 unacum
1281 2823 1459 2901 succuris,

214 2921 340 2990 scilicet
362 2942 432 2990 enm
457 2923 551 2989 dictis
572 2923 729 2990 iudicibus
751 2929 785 2989 et
807 2923 994 3006 consilierijs
1017 2942 1089 2989 eam
1114 2925 1295 2990 examinare
1318 2925 1458 2992 debeant

215 3033 252 3092 et
274 3027 301 3093 si
323 3027 502 3109 reperirent
522 3045 594 3094 esse
615 3027 713 3092 latam
731 3033 842 3093 contra
856 3025 990 3093 sormam
1005 3032 1195 3093 statutorum
1212 3028 1352 3096 ciuitatis
1378 3028 1457 3110 Spe-

214 3131 286 3215 leti,
316 3149 387 3198 mm
418 3131 580 3213 corrigent
608 3137 643 3195 et
672 3130 841 3198 emendent
871 3133 975 3212 prima
1009 3131 1169 3198 sententia
1201 3149 1264 3198 non
1299 3134 1456 3211 obstante,

217 3253 315 3316 quam
336 3251 447 3301 carere
470 3235 617 3302 uolumus
640 3234 821 3301 omnimoda
843 3233 1003 3300 finnitate.

656 3461 723 3506 ΟΔΡ.
748 3463 825 3506 xnn.
848 3464 891 3506 DE
912 3464 1030 3506 EODEH.

257 3579 341 3646 Item
370 3583 524 3646 statutum
554 3583 589 3646 et
609 3579 791 3645 ordinatum
813 3583 878 3664 est,
909 3579 995 3662 quod
1017 3579 1045 3646 si
1066 3585 1209 3661 potestas
1233 3580 1369 3648 forensis
1393 3600 1456 3648 nen

215 3689 305 3752 esset
334 3685 367 3748 in
397 3684 527 3750 ciuitate
551 3681 693 3768 Spoleti,
724 3682 782 3750 sed
812 3683 924 3749 ciuitas
947 3689 1115 3765 regeretur
1136 3702 1194 3766 per
1215 3684 1338 3750 indices
1361 3684 1458 3750 huius

214 3793 303 3870 terre
326 3791 359 3855 et
381 3787 489 3872 aliqua
513 3786 675 3852 sententia
703 3785 842 3853 ferretur
872 3805 929 3854 seu
959 3787 1175 3868 publicaretur
1202 3806 1260 3869 per
1288 3807 1344 3855 eos
1375 3789 1459 3853 inter

215 3892 381 3974 litigantes
403 3909 423 3956 a
445 3889 556 3956 decem
576 3888 667 3957 libris
683 3909 781 3972 supra
795 3896 829 3956 et
844 3890 951 3972 alique
966 3889 1108 3972 ipsorum
1123 3893 1261 3974 portium
1277 3891 1317 3958 de
1333 3891 1459 3973 prolato

216 3994 378 4062 sententia
400 3993 538 4060 senserit
559 3993 719 4060 indebite⁶
741 4011 777 4059 se
799 3999 966 4077 granatam
990 4000 1101 4060 eontra
1120 3992 1256 4060 formam
1272 3994 1402 4076 capituli
1426 4002 1459 4060 et

216 4099 333 4166 bonam
356 4097 620 4164 consuetudinem
636 4096 786 4171 ciuitatis.
803 4103 879 4163 tune
894 4095 977 4162 inira
991 4103 1059 4163 tres
1075 4097 1144 4163 dies
1160 4103 1234 4180 post
1249 4097 1458 4179 prolationem

217 4208 253 4270 et
275 4200 521 4285 publicationem
538 4199 623 4282 dicte
640 4201 798 4281 sententie
815 4201 855 4267 ab
871 4201 984 4267 eadem
1000 4202 1159 4268 sententia
1174 4201 1281 4266 ualeat
1296 4201 1458 4284 appellare

214 4305 259 4373 ad
277 4324 374 4372 unum
391 4305 525 4388 probum
548 4306 662 4384 uirum,
686 4323 780 4386 quem
802 4305 844 4370 od
867 4323 955 4370 suam
972 4305 1170 4371 uoluntatem
1190 4303 1309 4386 eligere
1325 4304 1457 4388 debeat3

213 4415 250 4479 et
270 4427 347 4494 pars
371 4409 508 4477 aduersa
530 4407 629 4494 eliget
658 4409 771 4492 alium,
802 4409 921 4475 tercius
952 4427 1029 4476 uero
1059 4408 1198 4491 eligatur
1228 4407 1269 4472 de
1290 4405 1458 4474 uoluntate

211 4533 422 4545 ιιι-ιι-

262 4583 273 4622 ¹
305 4587 364 4665 Ap.
399 4587 425 4648 L
428 4587 508 4664 jub.
542 4590 731 4664 apponuntur
760 4587 870 4648 verba:
930 4590 960 4646 et
989 4603 1046 4646 non
1075 4589 1234 4662 propterea
1265 4577 1455 4660 repellatm“.

215 4671 363 4736 libid:
385 4673 538 4758 „somma
618 4669 629 4708 ³
654 4673 749 4752 „ute
771 4633 927 4734 ciuem?
944 4673 1027 4734 deest
1049 4690 1097 4749 ap.
1120 4671 1228 4750 nJue.
1309 4667 1456 4731 mera:

214 4762 286 4841 „uel
308 4754 523 4837 subsequens“.
594 4755 607 4793 ⁶
628 4761 720 4820 Deest
743 4777 791 4836 ap.
815 4759 926 4838 Ljub.

1070 4897 1085 4932 Ι
