<?xml version="1.0" encoding="UTF-8"?>
<!DOCTYPE html PUBLIC "-//W3C//DTD XHTML 1.0 Transitional//EN"
    "http://www.w3.org/TR/xhtml1/DTD/xhtml1-transitional.dtd">
<html xmlns="http://www.w3.org/1999/xhtml" xml:lang="en" lang="en">
 <head>
  <title>
</title>
<meta http-equiv="Content-Type" content="text/html;charset=utf-8" />
  <meta name='ocr-system' content='tesseract 3.04.00' />
  <meta name='ocr-capabilities' content='ocr_page ocr_carea ocr_par ocr_line ocrx_word'/>
</head>
<body>
  <div class='ocr_page' id='page_1' title='image "./statutaetlegesc00yuggoog_0355.png"; bbox 0 0 3436 5362; ppageno 0'>
   <div class='ocr_carea' id='block_1_1' title="bbox 151 655 1459 3332">
    <p class='ocr_par' dir='ltr' id='par_1_1' title="bbox 152 655 1459 947">
     <span class='ocr_line' id='line_1_1' title="bbox 182 655 1402 742; baseline 0.002 -22"><span class='ocrx_word' id='word_1_1' title='bbox 182 655 234 720; x_wconf 92' lang='lat' dir='ltr'><strong>.In</strong></span> <span class='ocrx_word' id='word_1_2' title='bbox 251 655 437 738; x_wconf 71' lang='lat' dir='ltr'>appendice,</span> <span class='ocrx_word' id='word_1_3' title='bbox 454 655 676 738; x_wconf 82' lang='lat' dir='ltr'><strong>inscriptione:</strong></span> <span class='ocrx_word' id='word_1_4' title='bbox 698 656 888 742; x_wconf 79' lang='lat' dir='ltr'><strong>„Privilegia</strong></span> <span class='ocrx_word' id='word_1_5' title='bbox 905 655 1125 739; x_wconf 51' lang='lat' dir='ltr'><strong>spalatensis</strong></span> <span class='ocrx_word' id='word_1_6' title='bbox 1144 657 1306 741; x_wconf 87' lang='lat' dir='ltr'><strong>inscripto,</strong></span> <span class='ocrx_word' id='word_1_7' title='bbox 1322 657 1402 722; x_wconf 90' lang='lat' dir='ltr'><strong>illud</strong></span> 
     </span>
     <span class='ocr_line' id='line_1_2' title="bbox 152 757 1459 844; baseline 0.003 -22"><span class='ocrx_word' id='word_1_8' title='bbox 152 757 298 826; x_wconf 86' lang='lat' dir='ltr'><strong>Thomae</strong></span> <span class='ocrx_word' id='word_1_9' title='bbox 328 759 506 841; x_wconf 84' lang='lat' dir='ltr'><strong>Moeconigi</strong></span> <span class='ocrx_word' id='word_1_10' title='bbox 537 759 737 844; x_wconf 81' lang='lat' dir='ltr'><strong>privilegium</strong></span> <span class='ocrx_word' id='word_1_11' title='bbox 768 780 796 826; x_wconf 92' lang='lat' dir='ltr'><strong>a.</strong></span> <span class='ocrx_word' id='word_1_12' title='bbox 831 765 922 827; x_wconf 80' lang='lat'>1420.</span> <span class='ocrx_word' id='word_1_13' title='bbox 947 759 1193 844; x_wconf 89' lang='lat' dir='ltr'><strong>Spalatensibus</strong></span> <span class='ocrx_word' id='word_1_14' title='bbox 1224 761 1332 827; x_wconf 88' lang='lat' dir='ltr'><strong>datum</strong></span> <span class='ocrx_word' id='word_1_15' title='bbox 1356 762 1402 826; x_wconf 94' lang='lat' dir='ltr'><strong>in-</strong></span> <span class='ocrx_word' id='word_1_16' title='bbox 1457 821 1459 826; x_wconf 79' lang='grc'>,</span> 
     </span>
     <span class='ocr_line' id='line_1_3' title="bbox 153 863 1275 947; baseline 0 -20"><span class='ocrx_word' id='word_1_17' title='bbox 153 863 275 940; x_wconf 76' lang='lat' dir='ltr'><strong>venies,</strong></span> <span class='ocrx_word' id='word_1_18' title='bbox 301 864 386 944; x_wconf 90' lang='lat' dir='ltr'><strong>quod</strong></span> <span class='ocrx_word' id='word_1_19' title='bbox 408 865 441 928; x_wconf 94' lang='lat' dir='ltr'><strong>in</strong></span> <span class='ocrx_word' id='word_1_20' title='bbox 464 864 690 930; x_wconf 81' lang='lat' dir='ltr'><strong>additamentis</strong></span> <span class='ocrx_word' id='word_1_21' title='bbox 713 865 808 947; x_wconf 90' lang='lat' dir='ltr'><strong>hujus</strong></span> <span class='ocrx_word' id='word_1_22' title='bbox 832 865 938 946; x_wconf 87' lang='lat' dir='ltr'><strong>operis</strong></span> <span class='ocrx_word' id='word_1_23' title='bbox 961 865 1020 930; x_wconf 91' lang='lat' dir='ltr'><strong>sub</strong></span> <span class='ocrx_word' id='word_1_24' title='bbox 1045 884 1096 933; x_wconf 89' lang='lat' dir='ltr'><strong>no.</strong></span> <span class='ocrx_word' id='word_1_25' title='bbox 1119 865 1144 929; x_wconf 96' lang='grc' dir='ltr'><strong>Ι.</strong></span> <span class='ocrx_word' id='word_1_26' title='bbox 1169 863 1275 932; x_wconf 81' lang='lat' dir='ltr'><strong>affero.</strong></span> 
     </span>
    </p>

    <p class='ocr_par' dir='ltr' id='par_1_2' title="bbox 151 966 1400 1155">
     <span class='ocr_line' id='line_1_4' title="bbox 198 966 1400 1050; baseline 0.001 -17"><span class='ocrx_word' id='word_1_27' title='bbox 198 966 349 1034; x_wconf 77' lang='lat' dir='ltr'><strong>codicem</strong></span> <span class='ocrx_word' id='word_1_28' title='bbox 378 969 462 1034; x_wconf 90' lang='lat' dir='ltr'><strong>hunc</strong></span> <span class='ocrx_word' id='word_1_29' title='bbox 491 969 524 1034; x_wconf 92' lang='lat' dir='ltr'><strong>in</strong></span> <span class='ocrx_word' id='word_1_30' title='bbox 555 969 826 1049; x_wconf 87' lang='lat' dir='ltr'><strong>adnotationibus,</strong></span> <span class='ocrx_word' id='word_1_31' title='bbox 860 973 1012 1050; x_wconf 89' lang='lat' dir='ltr'><strong>quantum</strong></span> <span class='ocrx_word' id='word_1_32' title='bbox 1043 969 1084 1035; x_wconf 90' lang='lat' dir='ltr'><strong>ad</strong></span> <span class='ocrx_word' id='word_1_33' title='bbox 1116 969 1267 1036; x_wconf 83' lang='lat' dir='ltr'><strong>lectiones</strong></span> <span class='ocrx_word' id='word_1_34' title='bbox 1296 987 1400 1036; x_wconf 90' lang='lat' dir='ltr'><strong>emen·</strong></span> 
     </span>
     <span class='ocr_line' id='line_1_5' title="bbox 151 1071 901 1155; baseline 0.003 -20"><span class='ocrx_word' id='word_1_35' title='bbox 151 1071 281 1137; x_wconf 86' lang='lat' dir='ltr'><strong>dandas</strong></span> <span class='ocrx_word' id='word_1_36' title='bbox 301 1073 429 1154; x_wconf 66' lang='lat' dir='ltr'><strong>profuit„</strong></span> <span class='ocrx_word' id='word_1_37' title='bbox 454 1075 539 1139; x_wconf 88' lang='lat' dir='ltr'><strong>cod.</strong></span> <span class='ocrx_word' id='word_1_38' title='bbox 565 1071 707 1138; x_wconf 87' lang='lat' dir='ltr'><strong>Chiud.</strong></span> <span class='ocrx_word' id='word_1_39' title='bbox 731 1073 901 1155; x_wconf 88' lang='lat' dir='ltr'><strong>appellavi.</strong></span> 
     </span>
    </p>

    <p class='ocr_par' dir='ltr' id='par_1_3' title="bbox 151 1175 1403 1780">
     <span class='ocr_line' id='line_1_6' title="bbox 205 1175 1400 1262; baseline 0.003 -22"><span class='ocrx_word' id='word_1_40' title='bbox 205 1175 253 1260; x_wconf 89' lang='grc'><strong>4.)</strong></span> <span class='ocrx_word' id='word_1_41' title='bbox 276 1177 449 1259; x_wconf 80' lang='lat' dir='ltr'><strong>Exemplar</strong></span> <span class='ocrx_word' id='word_1_42' title='bbox 471 1183 661 1243; x_wconf 88' lang='lat' dir='ltr'><strong>statutorum</strong></span> <span class='ocrx_word' id='word_1_43' title='bbox 679 1177 924 1262; x_wconf 77' lang='lat' dir='ltr'><strong>spalatensium,</strong></span> <span class='ocrx_word' id='word_1_44' title='bbox 949 1178 1033 1260; x_wconf 89' lang='lat' dir='ltr'><strong>quod</strong></span> <span class='ocrx_word' id='word_1_45' title='bbox 1056 1183 1163 1245; x_wconf 90' lang='lat' dir='ltr'><strong>custos</strong></span> <span class='ocrx_word' id='word_1_46' title='bbox 1178 1179 1280 1244; x_wconf 90' lang='lat' dir='ltr'><strong>musei</strong></span> <span class='ocrx_word' id='word_1_47' title='bbox 1303 1178 1400 1244; x_wconf 91' lang='lat' dir='ltr'><strong>natio-</strong></span> 
     </span>
     <span class='ocr_line' id='line_1_7' title="bbox 153 1279 1401 1366; baseline 0.003 -22"><span class='ocrx_word' id='word_1_48' title='bbox 153 1279 239 1346; x_wconf 88' lang='lat' dir='ltr'><strong>nalis</strong></span> <span class='ocrx_word' id='word_1_49' title='bbox 263 1281 484 1364; x_wconf 82' lang='lat' dir='ltr'><strong>Zagrabiensis</strong></span> <span class='ocrx_word' id='word_1_50' title='bbox 517 1289 614 1364; x_wconf 81' lang='lat' dir='ltr'><strong>atoue</strong></span> <span class='ocrx_word' id='word_1_51' title='bbox 638 1283 818 1348; x_wconf 75' lang='lat' dir='ltr'><strong>academiae</strong></span> <span class='ocrx_word' id='word_1_52' title='bbox 842 1287 971 1348; x_wconf 89' lang='lat' dir='ltr'><strong>nostrae</strong></span> <span class='ocrx_word' id='word_1_53' title='bbox 992 1284 1097 1350; x_wconf 88' lang='lat' dir='ltr'><strong>socius</strong></span> <span class='ocrx_word' id='word_1_54' title='bbox 1120 1283 1204 1350; x_wconf 91' lang='lat' dir='ltr'><strong>dom.</strong></span> <span class='ocrx_word' id='word_1_55' title='bbox 1229 1281 1304 1348; x_wconf 87' lang='lat' dir='ltr'><strong>Sim.</strong></span> <span class='ocrx_word' id='word_1_56' title='bbox 1328 1283 1401 1366; x_wconf 90' lang='lat' dir='ltr'><strong>Lju-</strong></span> 
     </span>
     <span class='ocr_line' id='line_1_8' title="bbox 151 1383 1402 1469; baseline 0.003 -19"><span class='ocrx_word' id='word_1_57' title='bbox 151 1383 259 1450; x_wconf 85' lang='lat' dir='ltr'><strong>bidius</strong></span> <span class='ocrx_word' id='word_1_58' title='bbox 290 1404 349 1450; x_wconf 91' lang='lat' dir='ltr'><strong>sua</strong></span> <span class='ocrx_word' id='word_1_59' title='bbox 380 1404 475 1451; x_wconf 88' lang='lat' dir='ltr'><strong>manu</strong></span> <span class='ocrx_word' id='word_1_60' title='bbox 505 1385 623 1468; x_wconf 89' lang='lat' dir='ltr'><strong>partim</strong></span> <span class='ocrx_word' id='word_1_61' title='bbox 654 1405 692 1452; x_wconf 80' lang='lat' dir='ltr'><strong>er</strong></span> <span class='ocrx_word' id='word_1_62' title='bbox 724 1387 833 1453; x_wconf 91' lang='lat' dir='ltr'><strong>codice</strong></span> <span class='ocrx_word' id='word_1_63' title='bbox 858 1387 1083 1469; x_wconf 85' lang='lat' dir='ltr'><strong>manuscripto,</strong></span> <span class='ocrx_word' id='word_1_64' title='bbox 1108 1405 1201 1468; x_wconf 88' lang='lat' dir='ltr'><strong>quem</strong></span> <span class='ocrx_word' id='word_1_65' title='bbox 1225 1388 1320 1454; x_wconf 93' lang='lat' dir='ltr'><strong>modo</strong></span> <span class='ocrx_word' id='word_1_66' title='bbox 1343 1389 1402 1454; x_wconf 90' lang='lat' dir='ltr'><strong>sub</strong></span> 
     </span>
     <span class='ocr_line' id='line_1_9' title="bbox 152 1489 1403 1575; baseline 0.003 -23"><span class='ocrx_word' id='word_1_67' title='bbox 152 1506 209 1553; x_wconf 92' lang='lat' dir='ltr'><strong>no.</strong></span> <span class='ocrx_word' id='word_1_68' title='bbox 246 1493 274 1553; x_wconf 88' lang='lat'><strong>3.</strong></span> <span class='ocrx_word' id='word_1_69' title='bbox 308 1489 472 1572; x_wconf 86' lang='lat' dir='ltr'><strong>descripsi,</strong></span> <span class='ocrx_word' id='word_1_70' title='bbox 511 1492 626 1572; x_wconf 87' lang='lat' dir='ltr'><strong>partim</strong></span> <span class='ocrx_word' id='word_1_71' title='bbox 658 1509 697 1556; x_wconf 84' lang='lat' dir='ltr'><strong>ex</strong></span> <span class='ocrx_word' id='word_1_72' title='bbox 725 1491 832 1558; x_wconf 90' lang='lat' dir='ltr'><strong>codice</strong></span> <span class='ocrx_word' id='word_1_73' title='bbox 864 1490 1059 1557; x_wconf 85' lang='lat' dir='ltr'><strong>collectionis</strong></span> <span class='ocrx_word' id='word_1_74' title='bbox 1083 1489 1251 1575; x_wconf 81' lang='lat' dir='ltr'><strong>Oicognae,</strong></span> <span class='ocrx_word' id='word_1_75' title='bbox 1276 1493 1316 1558; x_wconf 91' lang='lat' dir='ltr'><strong>de</strong></span> <span class='ocrx_word' id='word_1_76' title='bbox 1340 1510 1403 1574; x_wconf 90' lang='lat' dir='ltr'><strong>quo</strong></span> 
     </span>
     <span class='ocr_line' id='line_1_10' title="bbox 153 1594 1401 1679; baseline 0.002 -21"><span class='ocrx_word' id='word_1_77' title='bbox 153 1597 271 1674; x_wconf 86' lang='lat' dir='ltr'><strong>postca</strong></span> <span class='ocrx_word' id='word_1_78' title='bbox 301 1594 360 1660; x_wconf 92' lang='lat' dir='ltr'><strong>sub</strong></span> <span class='ocrx_word' id='word_1_79' title='bbox 390 1613 439 1660; x_wconf 91' lang='lat' dir='ltr'><strong>no.</strong></span> <span class='ocrx_word' id='word_1_80' title='bbox 464 1600 494 1660; x_wconf 88' lang='lat'><strong>6.</strong></span> <span class='ocrx_word' id='word_1_81' title='bbox 517 1595 648 1660; x_wconf 89' lang='lat' dir='ltr'><strong>uberius</strong></span> <span class='ocrx_word' id='word_1_82' title='bbox 672 1595 784 1674; x_wconf 79' lang='lat' dir='ltr'><strong>dicam,</strong></span> <span class='ocrx_word' id='word_1_83' title='bbox 817 1596 1064 1678; x_wconf 84' lang='lat' dir='ltr'><strong>transcripserat</strong></span> <span class='ocrx_word' id='word_1_84' title='bbox 1093 1595 1234 1678; x_wconf 90' lang='lat' dir='ltr'><strong>mihique</strong></span> <span class='ocrx_word' id='word_1_85' title='bbox 1264 1596 1401 1679; x_wconf 83' lang='lat' dir='ltr'><strong>henigne</strong></span> 
     </span>
     <span class='ocr_line' id='line_1_11' title="bbox 153 1696 596 1780; baseline 0.009 -20"><span class='ocrx_word' id='word_1_86' title='bbox 153 1696 313 1762; x_wconf 84' lang='lat' dir='ltr'><strong>utendum</strong></span> <span class='ocrx_word' id='word_1_87' title='bbox 335 1699 489 1780; x_wconf 87' lang='lat' dir='ltr'><strong>permisit.</strong></span> <span class='ocrx_word' id='word_1_88' title='bbox 592 1723 596 1729; x_wconf 94' lang='lat'>·</span> 
     </span>
    </p>

    <p class='ocr_par' dir='ltr' id='par_1_4' title="bbox 154 1801 1404 2192">
     <span class='ocr_line' id='line_1_12' title="bbox 202 1801 1401 1886; baseline 0.003 -21"><span class='ocrx_word' id='word_1_89' title='bbox 202 1801 375 1883; x_wconf 84' lang='lat' dir='ltr'><strong>Exemplar</strong></span> <span class='ocrx_word' id='word_1_90' title='bbox 396 1803 466 1885; x_wconf 91' lang='lat' dir='ltr'><strong>hoc,</strong></span> <span class='ocrx_word' id='word_1_91' title='bbox 490 1821 528 1868; x_wconf 83' lang='lat' dir='ltr'><strong>ex</strong></span> <span class='ocrx_word' id='word_1_92' title='bbox 551 1801 758 1885; x_wconf 77' lang='lat' dir='ltr'><strong>autographis</strong></span> <span class='ocrx_word' id='word_1_93' title='bbox 783 1821 904 1869; x_wconf 90' lang='lat' dir='ltr'><strong>summa</strong></span> <span class='ocrx_word' id='word_1_94' title='bbox 927 1821 999 1869; x_wconf 91' lang='lat' dir='ltr'><strong>cum</strong></span> <span class='ocrx_word' id='word_1_95' title='bbox 1022 1803 1186 1886; x_wconf 86' lang='lat' dir='ltr'><strong>diligentia</strong></span> <span class='ocrx_word' id='word_1_96' title='bbox 1201 1804 1401 1886; x_wconf 76' lang='lat' dir='ltr'><strong>exscriptum,</strong></span> 
     </span>
     <span class='ocr_line' id='line_1_13' title="bbox 154 1907 1403 2002; baseline 0.001 -30"><span class='ocrx_word' id='word_1_97' title='bbox 154 1911 280 1972; x_wconf 86' lang='lat' dir='ltr'><strong>textum</strong></span> <span class='ocrx_word' id='word_1_98' title='bbox 311 1908 465 1990; x_wconf 89' lang='lat' dir='ltr'><strong>imprimis</strong></span> <span class='ocrx_word' id='word_1_99' title='bbox 496 1909 608 1972; x_wconf 89' lang='lat' dir='ltr'><strong>statuti</strong></span> <span class='ocrx_word' id='word_1_100' title='bbox 639 1908 767 2002; x_wconf 86' lang='lat' dir='ltr'><strong>veteris,</strong></span> <span class='ocrx_word' id='word_1_101' title='bbox 799 1907 871 1978; x_wconf 86' lang='lat' dir='ltr'><strong>dein</strong></span> <span class='ocrx_word' id='word_1_102' title='bbox 902 1926 1056 1974; x_wconf 86' lang='lat' dir='ltr'><strong>novorum</strong></span> <span class='ocrx_word' id='word_1_103' title='bbox 1089 1913 1281 1974; x_wconf 84' lang='lat' dir='ltr'><strong>statutorum</strong></span> <span class='ocrx_word' id='word_1_104' title='bbox 1305 1914 1403 1990; x_wconf 84' lang='lat' dir='ltr'><strong>atque</strong></span> 
     </span>
     <span class='ocr_line' id='line_1_14' title="bbox 155 2010 1404 2096; baseline 0 -20"><span class='ocrx_word' id='word_1_105' title='bbox 155 2029 199 2076; x_wconf 84' lang='lat' dir='ltr'><strong>ex</strong></span> <span class='ocrx_word' id='word_1_106' title='bbox 229 2010 310 2078; x_wconf 91' lang='lat' dir='ltr'><strong>libro</strong></span> <span class='ocrx_word' id='word_1_107' title='bbox 341 2011 603 2078; x_wconf 87' lang='lat' dir='ltr'><strong>reformationum</strong></span> <span class='ocrx_word' id='word_1_108' title='bbox 635 2012 746 2096; x_wconf 81' lang='lat' dir='ltr'><strong>viginti</strong></span> <span class='ocrx_word' id='word_1_109' title='bbox 777 2017 810 2078; x_wconf 90' lang='lat' dir='ltr'><strong>et</strong></span> <span class='ocrx_word' id='word_1_110' title='bbox 840 2031 896 2078; x_wconf 84' lang='lat' dir='ltr'><strong>sex</strong></span> <span class='ocrx_word' id='word_1_111' title='bbox 925 2013 1031 2095; x_wconf 86' lang='lat' dir='ltr'><strong>capita</strong></span> <span class='ocrx_word' id='word_1_112' title='bbox 1063 2015 1148 2094; x_wconf 84' lang='lat' dir='ltr'><strong>(pag.</strong></span> <span class='ocrx_word' id='word_1_113' title='bbox 1178 2017 1251 2077; x_wconf 81' lang='lat'>271.</span> <span class='ocrx_word' id='word_1_114' title='bbox 1283 2013 1332 2078; x_wconf 91' lang='lat' dir='ltr'><strong>ed.</strong></span> <span class='ocrx_word' id='word_1_115' title='bbox 1357 2013 1404 2096; x_wconf 87' lang='lat' dir='ltr'><strong>n.)</strong></span> 
     </span>
     <span class='ocr_line' id='line_1_15' title="bbox 155 2115 1252 2192; baseline 0.011 -12"><span class='ocrx_word' id='word_1_116' title='bbox 155 2115 308 2182; x_wconf 88' lang='lat' dir='ltr'><strong>continet</strong></span> <span class='ocrx_word' id='word_1_117' title='bbox 524 2123 529 2134; x_wconf 89' lang='lat'>&#39;</span> <span class='ocrx_word' id='word_1_118' title='bbox 1250 2185 1252 2192; x_wconf 93' lang='lat'><em>.</em></span> 
     </span>
    </p>

    <p class='ocr_par' dir='ltr' id='par_1_5' title="bbox 156 2219 1405 2498">
     <span class='ocr_line' id='line_1_16' title="bbox 204 2219 1402 2303; baseline 0.001 -18"><span class='ocrx_word' id='word_1_119' title='bbox 204 2220 248 2300; x_wconf 88' lang='lat'><strong>6.)</strong></span> <span class='ocrx_word' id='word_1_120' title='bbox 276 2219 314 2286; x_wconf 96' lang='lat' dir='ltr'><strong>ln</strong></span> <span class='ocrx_word' id='word_1_121' title='bbox 343 2219 536 2287; x_wconf 88' lang='lat' dir='ltr'><strong>bibliotheca</strong></span> <span class='ocrx_word' id='word_1_122' title='bbox 565 2219 604 2286; x_wconf 88' lang='lat' dir='ltr'><strong>ir.</strong></span> <span class='ocrx_word' id='word_1_123' title='bbox 627 2241 655 2288; x_wconf 95' lang='lat' dir='ltr'><strong>o.</strong></span> <span class='ocrx_word' id='word_1_124' title='bbox 680 2239 707 2286; x_wconf 91' lang='lat' dir='ltr'><strong>s.</strong></span> <span class='ocrx_word' id='word_1_125' title='bbox 739 2220 901 2286; x_wconf 86' lang='lat' dir='ltr'><strong>Francisci</strong></span> <span class='ocrx_word' id='word_1_126' title='bbox 923 2219 1083 2303; x_wconf 81' lang='lat' dir='ltr'><strong>ngusaci</strong></span> <span class='ocrx_word' id='word_1_127' title='bbox 1107 2220 1272 2288; x_wconf 84' lang='lat' dir='ltr'><strong>servatur¹</strong></span> <span class='ocrx_word' id='word_1_128' title='bbox 1303 2220 1402 2287; x_wconf 88' lang='lat' dir='ltr'><strong>codex</strong></span> 
     </span>
     <span class='ocr_line' id='line_1_17' title="bbox 156 2323 1405 2408; baseline 0.002 -20"><span class='ocrx_word' id='word_1_129' title='bbox 156 2323 407 2408; x_wconf 88' lang='lat' dir='ltr'><strong>manuscriptus,</strong></span> <span class='ocrx_word' id='word_1_130' title='bbox 436 2325 489 2408; x_wconf 90' lang='lat' dir='ltr'><strong>qui</strong></span> <span class='ocrx_word' id='word_1_131' title='bbox 511 2325 650 2391; x_wconf 82' lang='lat' dir='ltr'><strong>italicam</strong></span> <span class='ocrx_word' id='word_1_132' title='bbox 674 2331 866 2394; x_wconf 89' lang='lat' dir='ltr'><strong>statutorum</strong></span> <span class='ocrx_word' id='word_1_133' title='bbox 889 2331 985 2406; x_wconf 88' lang='lat' dir='ltr'><strong>atque</strong></span> <span class='ocrx_word' id='word_1_134' title='bbox 1007 2323 1267 2392; x_wconf 79' lang='lat' dir='ltr'><strong>reformationem</strong></span> <span class='ocrx_word' id='word_1_135' title='bbox 1291 2323 1405 2408; x_wconf 87' lang='lat' dir='ltr'><strong>Spala-</strong></span> 
     </span>
     <span class='ocr_line' id='line_1_18' title="bbox 157 2427 731 2498; baseline 0.002 -4"><span class='ocrx_word' id='word_1_136' title='bbox 157 2427 296 2494; x_wconf 87' lang='lat' dir='ltr'><strong>tensium</strong></span> <span class='ocrx_word' id='word_1_137' title='bbox 320 2432 557 2498; x_wconf 79' lang='lat' dir='ltr'><strong>conversionem</strong></span> <span class='ocrx_word' id='word_1_138' title='bbox 580 2431 731 2497; x_wconf 87' lang='lat' dir='ltr'><strong>continet.</strong></span> 
     </span>
    </p>

    <p class='ocr_par' dir='ltr' id='par_1_6' title="bbox 155 2532 1406 2931">
     <span class='ocr_line' id='line_1_19' title="bbox 204 2532 1404 2616; baseline 0.001 -17"><span class='ocrx_word' id='word_1_139' title='bbox 204 2532 313 2599; x_wconf 85' lang='lat' dir='ltr'><strong>Codex</strong></span> <span class='ocrx_word' id='word_1_140' title='bbox 330 2534 383 2601; x_wconf 87' lang='lat' dir='ltr'><strong>hic</strong></span> <span class='ocrx_word' id='word_1_141' title='bbox 398 2535 585 2602; x_wconf 78' lang='lat' dir='ltr'><strong>chartaceus</strong></span> <span class='ocrx_word' id='word_1_142' title='bbox 600 2534 722 2600; x_wconf 85' lang='lat' dir='ltr'><strong>formae</strong></span> <span class='ocrx_word' id='word_1_143' title='bbox 737 2535 960 2616; x_wconf 79' lang='lat' dir='ltr'><strong>quartanarius</strong></span> <span class='ocrx_word' id='word_1_144' title='bbox 972 2535 1025 2616; x_wconf 90' lang='lat' dir='ltr'><strong>qui</strong></span> <span class='ocrx_word' id='word_1_145' title='bbox 1038 2534 1155 2602; x_wconf 85' lang='lat' dir='ltr'>XVHI.</span> <span class='ocrx_word' id='word_1_146' title='bbox 1170 2553 1253 2602; x_wconf 87' lang='lat' dir='ltr'><strong>saec.</strong></span> <span class='ocrx_word' id='word_1_147' title='bbox 1268 2536 1404 2616; x_wconf 89' lang='lat' dir='ltr'><strong>scriptus</strong></span> 
     </span>
     <span class='ocr_line' id='line_1_20' title="bbox 155 2637 1403 2724; baseline 0 -20"><span class='ocrx_word' id='word_1_148' title='bbox 155 2643 221 2718; x_wconf 87' lang='lat' dir='ltr'><strong>est,</strong></span> <span class='ocrx_word' id='word_1_149' title='bbox 243 2639 483 2721; x_wconf 89' lang='lat' dir='ltr'><strong>comprehendit</strong></span> <span class='ocrx_word' id='word_1_150' title='bbox 507 2645 564 2705; x_wconf 93' lang='lat'><strong>111</strong></span> <span class='ocrx_word' id='word_1_151' title='bbox 591 2637 678 2721; x_wconf 84' lang='lat' dir='ltr'><strong>lolia,</strong></span> <span class='ocrx_word' id='word_1_152' title='bbox 702 2639 742 2704; x_wconf 92' lang='lat' dir='ltr'><strong>de</strong></span> <span class='ocrx_word' id='word_1_153' title='bbox 765 2639 880 2721; x_wconf 88' lang='lat' dir='ltr'><strong>quibus</strong></span> <span class='ocrx_word' id='word_1_154' title='bbox 903 2641 1088 2721; x_wconf 84' lang='lat' dir='ltr'><strong>prima105</strong></span> <span class='ocrx_word' id='word_1_155' title='bbox 1113 2640 1253 2706; x_wconf 90' lang='lat' dir='ltr'><strong>numeris</strong></span> <span class='ocrx_word' id='word_1_156' title='bbox 1276 2640 1403 2724; x_wconf 84' lang='lat' dir='ltr'><strong>signata</strong></span> 
     </span>
     <span class='ocr_line' id='line_1_21' title="bbox 158 2743 1406 2826; baseline -0.002 -16"><span class='ocrx_word' id='word_1_157' title='bbox 158 2747 244 2810; x_wconf 86' lang='lat' dir='ltr'><strong>sunt</strong></span> <span class='ocrx_word' id='word_1_158' title='bbox 283 2743 381 2811; x_wconf 88' lang='lat' dir='ltr'><strong>Foliis</strong></span> <span class='ocrx_word' id='word_1_159' title='bbox 411 2745 545 2826; x_wconf 76' lang='lat' dir='ltr'><strong>signatis</strong></span> <span class='ocrx_word' id='word_1_160' title='bbox 575 2749 745 2826; x_wconf 87' lang='lat' dir='ltr'><strong>utrumque</strong></span> <span class='ocrx_word' id='word_1_161' title='bbox 770 2749 935 2824; x_wconf 78' lang='lat' dir='ltr'><strong>statutum,</strong></span> <span class='ocrx_word' id='word_1_162' title='bbox 967 2743 1088 2809; x_wconf 92' lang='lat' dir='ltr'><strong>ultimis</strong></span> <span class='ocrx_word' id='word_1_163' title='bbox 1112 2763 1167 2812; x_wconf 83' lang='lat' dir='ltr'><strong>sex</strong></span> <span class='ocrx_word' id='word_1_164' title='bbox 1189 2743 1302 2810; x_wconf 91' lang='lat' dir='ltr'><strong>deinde</strong></span> <span class='ocrx_word' id='word_1_165' title='bbox 1325 2743 1406 2811; x_wconf 91' lang='lat' dir='ltr'><strong>liber</strong></span> 
     </span>
     <span class='ocr_line' id='line_1_22' title="bbox 155 2845 766 2931; baseline 0.005 -19"><span class='ocrx_word' id='word_1_166' title='bbox 155 2845 419 2914; x_wconf 86' lang='lat' dir='ltr'><strong>reformationnm</strong></span> <span class='ocrx_word' id='word_1_167' title='bbox 442 2849 580 2931; x_wconf 90' lang='lat' dir='ltr'><strong>scriptus</strong></span> <span class='ocrx_word' id='word_1_168' title='bbox 603 2855 661 2915; x_wconf 89' lang='lat' dir='ltr'><strong>est.</strong></span> <span class='ocrx_word' id='word_1_169' title='bbox 764 2863 766 2870; x_wconf 81' lang='grc'><em>’</em></span> 
     </span>
    </p>

    <p class='ocr_par' dir='ltr' id='par_1_7' title="bbox 158 2949 1406 3332">
     <span class='ocr_line' id='line_1_23' title="bbox 205 2949 1402 3036; baseline 0 -18"><span class='ocrx_word' id='word_1_170' title='bbox 205 2949 368 3018; x_wconf 84' lang='lat' dir='ltr'><strong>Statutnm</strong></span> <span class='ocrx_word' id='word_1_171' title='bbox 390 2957 482 3019; x_wconf 88' lang='lat' dir='ltr'><strong>vetus</strong></span> <span class='ocrx_word' id='word_1_172' title='bbox 500 2953 615 3036; x_wconf 81' lang='lat' dir='ltr'><strong>‘incipit</strong></span> <span class='ocrx_word' id='word_1_173' title='bbox 636 2953 758 3019; x_wconf 86' lang='lat' dir='ltr'><strong>verbis:</strong></span> <span class='ocrx_word' id='word_1_174' title='bbox 784 2953 822 3018; x_wconf 89' lang='lat' dir='ltr'><strong>ln</strong></span> <span class='ocrx_word' id='word_1_175' title='bbox 837 2971 932 3025; x_wconf 89' lang='lat' dir='ltr'><strong>nome</strong></span> <span class='ocrx_word' id='word_1_176' title='bbox 955 2952 995 3018; x_wconf 91' lang='lat' dir='ltr'><strong>de</strong></span> <span class='ocrx_word' id='word_1_177' title='bbox 1013 2951 1085 3019; x_wconf 90' lang='lat' dir='ltr'><strong>Dio.</strong></span> <span class='ocrx_word' id='word_1_178' title='bbox 1102 2951 1212 3020; x_wconf 81' lang='lat' dir='ltr'><strong>Amen.</strong></span> <span class='ocrx_word' id='word_1_179' title='bbox 1225 2989 1269 2999; x_wconf 93' lang='lat'>-</span> <span class='ocrx_word' id='word_1_180' title='bbox 1284 2951 1402 3031; x_wconf 85' lang='lat' dir='ltr'><strong>Questi</strong></span> 
     </span>
     <span class='ocr_line' id='line_1_24' title="bbox 158 3055 1401 3136; baseline 0 -14"><span class='ocrx_word' id='word_1_181' title='bbox 158 3072 241 3122; x_wconf 87' lang='lat' dir='ltr'><strong>sono</strong></span> <span class='ocrx_word' id='word_1_182' title='bbox 265 3055 287 3120; x_wconf 91' lang='lat' dir='ltr'><strong>li</strong></span> <span class='ocrx_word' id='word_1_183' title='bbox 313 3057 435 3136; x_wconf 88' lang='lat' dir='ltr'><strong>statuti,</strong></span> <span class='ocrx_word' id='word_1_184' title='bbox 459 3055 672 3123; x_wconf 90' lang='lat' dir='ltr'><strong>ordinamenti</strong></span> <span class='ocrx_word' id='word_1_185' title='bbox 696 3056 748 3123; x_wconf 91' lang='lat' dir='ltr'><strong>del</strong></span> <span class='ocrx_word' id='word_1_186' title='bbox 771 3074 937 3122; x_wconf 89' lang='lat' dir='ltr'><strong>commune</strong></span> <span class='ocrx_word' id='word_1_187' title='bbox 960 3060 994 3122; x_wconf 88' lang='lat' dir='ltr'><strong>et</strong></span> <span class='ocrx_word' id='word_1_188' title='bbox 1015 3056 1142 3123; x_wconf 91' lang='lat' dir='ltr'><strong>homeni</strong></span> <span class='ocrx_word' id='word_1_189' title='bbox 1165 3056 1250 3124; x_wconf 85' lang='lat' dir='ltr'><strong>della</strong></span> <span class='ocrx_word' id='word_1_190' title='bbox 1272 3056 1349 3123; x_wconf 81' lang='lat' dir='ltr'><strong>dota</strong></span> <span class='ocrx_word' id='word_1_191' title='bbox 1368 3057 1401 3123; x_wconf 93' lang='lat' dir='ltr'><strong>di</strong></span> 
     </span>
     <span class='ocr_line' id='line_1_25' title="bbox 161 3157 1399 3243; baseline 0.001 -17"><span class='ocrx_word' id='word_1_192' title='bbox 161 3157 308 3240; x_wconf 78' lang='lat' dir='ltr'><strong>spalato,</strong></span> <span class='ocrx_word' id='word_1_193' title='bbox 333 3159 414 3243; x_wconf 85' lang='lat' dir='ltr'><strong>fatti,</strong></span> <span class='ocrx_word' id='word_1_194' title='bbox 439 3161 577 3226; x_wconf 90' lang='lat' dir='ltr'><strong>ordinati</strong></span> <span class='ocrx_word' id='word_1_195' title='bbox 601 3167 634 3228; x_wconf 91' lang='lat' dir='ltr'><strong>et</strong></span> <span class='ocrx_word' id='word_1_196' title='bbox 656 3159 811 3243; x_wconf 87' lang='lat' dir='ltr'><strong>composti</strong></span> <span class='ocrx_word' id='word_1_197' title='bbox 843 3178 901 3243; x_wconf 90' lang='lat' dir='ltr'><strong>per</strong></span> <span class='ocrx_word' id='word_1_198' title='bbox 923 3160 955 3227; x_wconf 93' lang='lat' dir='ltr'><strong>lo</strong></span> <span class='ocrx_word' id='word_1_199' title='bbox 977 3161 1101 3242; x_wconf 90' lang='lat' dir='ltr'><strong>prohile</strong></span> <span class='ocrx_word' id='word_1_200' title='bbox 1124 3181 1142 3226; x_wconf 91' lang='lat' dir='ltr'><strong>e</strong></span> <span class='ocrx_word' id='word_1_201' title='bbox 1165 3161 1253 3228; x_wconf 88' lang='lat' dir='ltr'><strong>sauio</strong></span> <span class='ocrx_word' id='word_1_202' title='bbox 1281 3161 1399 3227; x_wconf 92' lang='lat' dir='ltr'><strong>huomo</strong></span> 
     </span>
     <span class='ocr_line' id='line_1_26' title="bbox 159 3263 1406 3332; baseline 0.002 -4"><span class='ocrx_word' id='word_1_203' title='bbox 159 3281 284 3330; x_wconf 88' lang='lat' dir='ltr'><strong>messer</strong></span> <span class='ocrx_word' id='word_1_204' title='bbox 313 3263 504 3331; x_wconf 89' lang='lat' dir='ltr'><strong>Princiualle</strong></span> <span class='ocrx_word' id='word_1_205' title='bbox 536 3265 576 3332; x_wconf 91' lang='lat' dir='ltr'><strong>de</strong></span> <span class='ocrx_word' id='word_1_206' title='bbox 598 3265 714 3332; x_wconf 90' lang='lat' dir='ltr'><strong>Joanni</strong></span> <span class='ocrx_word' id='word_1_207' title='bbox 737 3265 823 3330; x_wconf 89' lang='lat' dir='ltr'><strong>della</strong></span> <span class='ocrx_word' id='word_1_208' title='bbox 852 3264 959 3332; x_wconf 90' lang='lat' dir='ltr'><strong>nobile</strong></span> <span class='ocrx_word' id='word_1_209' title='bbox 982 3270 1015 3332; x_wconf 89' lang='lat' dir='ltr'><strong>et</strong></span> <span class='ocrx_word' id='word_1_210' title='bbox 1042 3265 1235 3331; x_wconf 91' lang='lat' dir='ltr'><strong>honoreuole</strong></span> <span class='ocrx_word' id='word_1_211' title='bbox 1265 3266 1343 3330; x_wconf 78' lang='lat' dir='ltr'><strong>cittt</strong></span> <span class='ocrx_word' id='word_1_212' title='bbox 1365 3266 1406 3331; x_wconf 90' lang='lat' dir='ltr'><strong>de</strong></span> 
     </span>
    </p>
   </div>
   <div class='ocr_carea' id='block_1_2' title="bbox 159 3366 1517 3452">
    <p class='ocr_par' dir='ltr' id='par_1_8' title="bbox 159 3366 1517 3452">
     <span class='ocr_line' id='line_1_27' title="bbox 159 3366 1517 3452; baseline 0.002 -20"><span class='ocrx_word' id='word_1_213' title='bbox 159 3366 342 3449; x_wconf 86' lang='lat' dir='ltr'><strong>Fermo..‚</strong></span> <span class='ocrx_word' id='word_1_214' title='bbox 367 3369 498 3452; x_wconf 79' lang='lat' dir='ltr'><strong>Moccxij</strong></span> <span class='ocrx_word' id='word_1_215' title='bbox 522 3369 693 3438; x_wconf 79' lang='lat' dir='ltr'><strong>indictione</strong></span> <span class='ocrx_word' id='word_1_216' title='bbox 715 3389 745 3434; x_wconf 86' lang='lat' dir='ltr'><strong>x.</strong></span> <span class='ocrx_word' id='word_1_217' title='bbox 769 3369 800 3436; x_wconf 88' lang='lat' dir='ltr'><strong>al</strong></span> <span class='ocrx_word' id='word_1_218' title='bbox 819 3374 927 3452; x_wconf 91' lang='lat' dir='ltr'><strong>tempo</strong></span> <span class='ocrx_word' id='word_1_219' title='bbox 950 3368 990 3435; x_wconf 90' lang='lat' dir='ltr'><strong>dc</strong></span> <span class='ocrx_word' id='word_1_220' title='bbox 1020 3369 1166 3436; x_wconf 89' lang='lat' dir='ltr'><strong>sanctiss.</strong></span> <span class='ocrx_word' id='word_1_221' title='bbox 1191 3369 1286 3452; x_wconf 83' lang='lat' dir='ltr'><strong>ptfre.</strong></span> <span class='ocrx_word' id='word_1_222' title='bbox 1311 3387 1404 3435; x_wconf 88' lang='lat' dir='ltr'><strong>mmo.</strong></span> <span class='ocrx_word' id='word_1_223' title='bbox 1516 3423 1517 3426; x_wconf 63' lang='lat'>,</span> 
     </span>
    </p>
   </div>
   <div class='ocr_carea' id='block_1_3' title="bbox 155 3471 1408 4806">
    <p class='ocr_par' dir='ltr' id='par_1_9' title="bbox 160 3471 514 3556">
     <span class='ocr_line' id='line_1_28' title="bbox 160 3471 514 3556; baseline 0.006 -20"><span class='ocrx_word' id='word_1_224' title='bbox 160 3471 328 3540; x_wconf 81' lang='lat' dir='ltr'><strong>Clemente</strong></span> <span class='ocrx_word' id='word_1_225' title='bbox 349 3491 433 3556; x_wconf 86' lang='lat' dir='ltr'><strong>papa</strong></span> <span class='ocrx_word' id='word_1_226' title='bbox 456 3473 514 3538; x_wconf 84' lang='lat' dir='ltr'><strong>V.“</strong></span> 
     </span>
    </p>

    <p class='ocr_par' dir='ltr' id='par_1_10' title="bbox 162 3574 1406 3871">
     <span class='ocr_line' id='line_1_29' title="bbox 206 3574 1405 3670; baseline 0.001 -29"><span class='ocrx_word' id='word_1_227' title='bbox 206 3574 381 3645; x_wconf 80' lang='lat' dir='ltr'><strong>Conversio</strong></span> <span class='ocrx_word' id='word_1_228' title='bbox 402 3577 482 3645; x_wconf 87' lang='lat' dir='ltr'><strong>haec</strong></span> <span class='ocrx_word' id='word_1_229' title='bbox 504 3579 600 3661; x_wconf 89' lang='lat' dir='ltr'><strong>plane</strong></span> <span class='ocrx_word' id='word_1_230' title='bbox 622 3578 768 3662; x_wconf 84' lang='lat' dir='ltr'><strong>congruit</strong></span> <span class='ocrx_word' id='word_1_231' title='bbox 791 3595 862 3644; x_wconf 91' lang='lat' dir='ltr'><strong>cum</strong></span> <span class='ocrx_word' id='word_1_232' title='bbox 879 3583 1070 3670; x_wconf 88' lang='lat' dir='ltr'><strong>statutorum</strong></span> <span class='ocrx_word' id='word_1_233' title='bbox 1088 3595 1127 3644; x_wconf 88' lang='lat' dir='ltr'><strong>ac</strong></span> <span class='ocrx_word' id='word_1_234' title='bbox 1145 3577 1405 3644; x_wconf 87' lang='lat' dir='ltr'><strong>reformationum</strong></span> 
     </span>
     <span class='ocr_line' id='line_1_30' title="bbox 162 3681 1406 3767; baseline 0.002 -19"><span class='ocrx_word' id='word_1_235' title='bbox 162 3681 361 3763; x_wconf 79' lang='lat' dir='ltr'><strong>collectione,</strong></span> <span class='ocrx_word' id='word_1_236' title='bbox 386 3701 481 3766; x_wconf 89' lang='lat' dir='ltr'><strong>quam</strong></span> <span class='ocrx_word' id='word_1_237' title='bbox 505 3684 535 3748; x_wconf 92' lang='lat' dir='ltr'><strong>in</strong></span> <span class='ocrx_word' id='word_1_238' title='bbox 560 3685 628 3750; x_wconf 93' lang='lat' dir='ltr'><strong>cod.</strong></span> <span class='ocrx_word' id='word_1_239' title='bbox 646 3681 759 3749; x_wconf 86' lang='lat' dir='ltr'><strong>Chiud.</strong></span> <span class='ocrx_word' id='word_1_240' title='bbox 776 3685 965 3766; x_wconf 86' lang='lat' dir='ltr'><strong>reperimus,</strong></span> <span class='ocrx_word' id='word_1_241' title='bbox 987 3683 1047 3749; x_wconf 90' lang='lat' dir='ltr'><strong>hoc</strong></span> <span class='ocrx_word' id='word_1_242' title='bbox 1069 3686 1192 3748; x_wconf 84' lang='lat' dir='ltr'><strong>tantum</strong></span> <span class='ocrx_word' id='word_1_243' title='bbox 1216 3681 1406 3767; x_wconf 85' lang='lat' dir='ltr'><strong>discrimine,</strong></span> 
     </span>
     <span class='ocr_line' id='line_1_31' title="bbox 164 3787 1052 3871; baseline -0.002 -19"><span class='ocrx_word' id='word_1_244' title='bbox 164 3787 251 3869; x_wconf 88' lang='lat' dir='ltr'><strong>quod</strong></span> <span class='ocrx_word' id='word_1_245' title='bbox 276 3793 317 3852; x_wconf 83' lang='lat'><strong>22</strong></span> <span class='ocrx_word' id='word_1_246' title='bbox 341 3791 466 3854; x_wconf 86' lang='lat' dir='ltr'><strong>tantum</strong></span> <span class='ocrx_word' id='word_1_247' title='bbox 490 3788 596 3871; x_wconf 87' lang='lat' dir='ltr'><strong>capita</strong></span> <span class='ocrx_word' id='word_1_248' title='bbox 618 3787 877 3856; x_wconf 82' lang='lat' dir='ltr'><strong>reformationum</strong></span> <span class='ocrx_word' id='word_1_249' title='bbox 901 3789 1052 3855; x_wconf 89' lang='lat' dir='ltr'><strong>continet.</strong></span> 
     </span>
    </p>

    <p class='ocr_par' dir='ltr' id='par_1_11' title="bbox 155 3890 1408 4688">
     <span class='ocr_line' id='line_1_32' title="bbox 211 3890 1407 3974; baseline 0 -18"><span class='ocrx_word' id='word_1_250' title='bbox 211 3927 246 3938; x_wconf 92' lang='lat'><em>-</em></span> <span class='ocrx_word' id='word_1_251' title='bbox 273 3891 334 3958; x_wconf 89' lang='lat' dir='ltr'><strong>His</strong></span> <span class='ocrx_word' id='word_1_252' title='bbox 356 3891 454 3974; x_wconf 84' lang='lat' dir='ltr'><strong>igitur</strong></span> <span class='ocrx_word' id='word_1_253' title='bbox 477 3892 641 3960; x_wconf 89' lang='lat' dir='ltr'><strong>codicibus</strong></span> <span class='ocrx_word' id='word_1_254' title='bbox 664 3893 706 3959; x_wconf 90' lang='lat' dir='ltr'><strong>ad</strong></span> <span class='ocrx_word' id='word_1_255' title='bbox 730 3893 901 3960; x_wconf 89' lang='lat' dir='ltr'><strong>editionem</strong></span> <span class='ocrx_word' id='word_1_256' title='bbox 926 3897 1121 3960; x_wconf 86' lang='lat' dir='ltr'><strong>statutorum</strong></span> <span class='ocrx_word' id='word_1_257' title='bbox 1137 3909 1175 3956; x_wconf 87' lang='lat' dir='ltr'><strong>ac</strong></span> <span class='ocrx_word' id='word_1_258' title='bbox 1198 3891 1304 3974; x_wconf 83' lang='lat' dir='ltr'><strong>legum</strong></span> <span class='ocrx_word' id='word_1_259' title='bbox 1328 3890 1407 3972; x_wconf 87' lang='lat' dir='ltr'><strong>Spa-</strong></span> 
     </span>
     <span class='ocr_line' id='line_1_33' title="bbox 163 3993 1408 4084; baseline -0.004 -21"><span class='ocrx_word' id='word_1_260' title='bbox 163 3994 336 4063; x_wconf 85' lang='lat' dir='ltr'><strong>latensium</strong></span> <span class='ocrx_word' id='word_1_261' title='bbox 359 3995 586 4064; x_wconf 88' lang='lat' dir='ltr'><strong>conficiendam</strong></span> <span class='ocrx_word' id='word_1_262' title='bbox 609 4015 686 4084; x_wconf 87' lang='lat' dir='ltr'><strong>usus</strong></span> <span class='ocrx_word' id='word_1_263' title='bbox 701 4016 781 4063; x_wconf 90' lang='lat' dir='ltr'><strong>sum.</strong></span> <span class='ocrx_word' id='word_1_264' title='bbox 806 3997 939 4062; x_wconf 89' lang='lat' dir='ltr'><strong>Praeter</strong></span> <span class='ocrx_word' id='word_1_265' title='bbox 962 3995 1020 4062; x_wconf 91' lang='lat' dir='ltr'><strong>hos</strong></span> <span class='ocrx_word' id='word_1_266' title='bbox 1043 3996 1097 4061; x_wconf 87' lang='lat' dir='ltr'><strong>ulii</strong></span> <span class='ocrx_word' id='word_1_267' title='bbox 1120 4013 1245 4076; x_wconf 88' lang='lat' dir='ltr'><strong>quoque</strong></span> <span class='ocrx_word' id='word_1_268' title='bbox 1267 3993 1408 4060; x_wconf 91' lang='lat' dir='ltr'><strong>nonnulli</strong></span> 
     </span>
     <span class='ocr_line' id='line_1_34' title="bbox 164 4099 1407 4183; baseline -0.001 -18"><span class='ocrx_word' id='word_1_269' title='bbox 164 4099 292 4168; x_wconf 87' lang='lat' dir='ltr'><strong>codices</strong></span> <span class='ocrx_word' id='word_1_270' title='bbox 315 4105 453 4179; x_wconf 80' lang='lat' dir='ltr'><strong>exstant,</strong></span> <span class='ocrx_word' id='word_1_271' title='bbox 477 4119 556 4183; x_wconf 87' lang='lat' dir='ltr'><strong>quos</strong></span> <span class='ocrx_word' id='word_1_272' title='bbox 580 4101 723 4183; x_wconf 89' lang='lat' dir='ltr'><strong>quamvis</strong></span> <span class='ocrx_word' id='word_1_273' title='bbox 748 4117 949 4182; x_wconf 88' lang='lat' dir='ltr'><strong>summopere</strong></span> <span class='ocrx_word' id='word_1_274' title='bbox 974 4100 1104 4166; x_wconf 88' lang='lat' dir='ltr'><strong>editioni</strong></span> <span class='ocrx_word' id='word_1_275' title='bbox 1128 4099 1201 4164; x_wconf 91' lang='lat' dir='ltr'><strong>huic</strong></span> <span class='ocrx_word' id='word_1_276' title='bbox 1224 4115 1407 4180; x_wconf 89' lang='lat' dir='ltr'><strong>supponere</strong></span> 
     </span>
     <span class='ocr_line' id='line_1_35' title="bbox 165 4204 1403 4288; baseline -0.003 -17"><span class='ocrx_word' id='word_1_277' title='bbox 165 4206 351 4288; x_wconf 84' lang='lat' dir='ltr'><strong>studuerim,</strong></span> <span class='ocrx_word' id='word_1_278' title='bbox 374 4211 480 4272; x_wconf 86' lang='lat' dir='ltr'><strong>tamen</strong></span> <span class='ocrx_word' id='word_1_279' title='bbox 502 4205 578 4270; x_wconf 90' lang='lat' dir='ltr'><strong>mihi</strong></span> <span class='ocrx_word' id='word_1_280' title='bbox 601 4225 664 4272; x_wconf 92' lang='lat' dir='ltr'><strong>non</strong></span> <span class='ocrx_word' id='word_1_281' title='bbox 686 4204 819 4287; x_wconf 80' lang='lat' dir='ltr'><strong>contigit</strong></span> <span class='ocrx_word' id='word_1_282' title='bbox 840 4211 877 4270; x_wconf 94' lang='lat' dir='ltr'><strong>ut</strong></span> <span class='ocrx_word' id='word_1_283' title='bbox 896 4205 1091 4283; x_wconf 89' lang='lat' dir='ltr'><strong>obtinerem;</strong></span> <span class='ocrx_word' id='word_1_284' title='bbox 1115 4205 1172 4270; x_wconf 89' lang='lat' dir='ltr'><strong>sed</strong></span> <span class='ocrx_word' id='word_1_285' title='bbox 1196 4205 1264 4268; x_wconf 89' lang='lat' dir='ltr'><strong>sine</strong></span> <span class='ocrx_word' id='word_1_286' title='bbox 1287 4219 1403 4284; x_wconf 82' lang='lat' dir='ltr'><strong>magno</strong></span> 
     </span>
     <span class='ocr_line' id='line_1_36' title="bbox 166 4305 1407 4392; baseline -0.002 -19"><span class='ocrx_word' id='word_1_287' title='bbox 166 4309 262 4392; x_wconf 86' lang='lat' dir='ltr'><strong>hujus</strong></span> <span class='ocrx_word' id='word_1_288' title='bbox 288 4311 433 4392; x_wconf 90' lang='lat' dir='ltr'><strong>opusculi</strong></span> <span class='ocrx_word' id='word_1_289' title='bbox 458 4311 660 4390; x_wconf 83' lang='lat' dir='ltr'><strong>detrimento,</strong></span> <span class='ocrx_word' id='word_1_290' title='bbox 684 4328 756 4374; x_wconf 91' lang='lat' dir='ltr'><strong>nam</strong></span> <span class='ocrx_word' id='word_1_291' title='bbox 780 4309 962 4375; x_wconf 89' lang='lat' dir='ltr'><strong>auctoribus</strong></span> <span class='ocrx_word' id='word_1_292' title='bbox 985 4308 1169 4376; x_wconf 87' lang='lat' dir='ltr'><strong>certissimis</strong></span> <span class='ocrx_word' id='word_1_293' title='bbox 1200 4313 1296 4387; x_wconf 88' lang='lat' dir='ltr'><strong>atquc</strong></span> <span class='ocrx_word' id='word_1_294' title='bbox 1319 4305 1407 4371; x_wconf 89' lang='lat' dir='ltr'><strong>fidis·</strong></span> 
     </span>
     <span class='ocr_line' id='line_1_37' title="bbox 164 4413 1402 4495; baseline -0.003 -17"><span class='ocrx_word' id='word_1_295' title='bbox 164 4414 253 4479; x_wconf 89' lang='lat' dir='ltr'><strong>simis</strong></span> <span class='ocrx_word' id='word_1_296' title='bbox 277 4413 319 4478; x_wconf 92' lang='lat' dir='ltr'><strong>de</strong></span> <span class='ocrx_word' id='word_1_297' title='bbox 341 4421 456 4480; x_wconf 88' lang='lat' dir='ltr'><strong>natura</strong></span> <span class='ocrx_word' id='word_1_298' title='bbox 478 4419 511 4480; x_wconf 91' lang='lat' dir='ltr'><strong>et</strong></span> <span class='ocrx_word' id='word_1_299' title='bbox 526 4419 594 4480; x_wconf 88' lang='lat' dir='ltr'><strong>toto</strong></span> <span class='ocrx_word' id='word_1_300' title='bbox 619 4415 813 4494; x_wconf 87' lang='lat' dir='ltr'><strong>charactere,</strong></span> <span class='ocrx_word' id='word_1_301' title='bbox 831 4415 883 4495; x_wconf 89' lang='lat' dir='ltr'><strong>qui</strong></span> <span class='ocrx_word' id='word_1_302' title='bbox 900 4413 1025 4492; x_wconf 87' lang='lat' dir='ltr'><strong>dicitur,</strong></span> <span class='ocrx_word' id='word_1_303' title='bbox 1042 4413 1173 4479; x_wconf 89' lang='lat' dir='ltr'><strong>edoctus</strong></span> <span class='ocrx_word' id='word_1_304' title='bbox 1190 4430 1245 4478; x_wconf 91' lang='lat' dir='ltr'><strong>eos</strong></span> <span class='ocrx_word' id='word_1_305' title='bbox 1269 4428 1402 4492; x_wconf 85' lang='lat' dir='ltr'><strong>prorsus</strong></span> 
     </span>
     <span class='ocr_line' id='line_1_38' title="bbox 155 4514 1405 4606; baseline -0.002 -26"><span class='ocrx_word' id='word_1_306' title='bbox 155 4517 243 4606; x_wconf 91' lang='lat' dir='ltr'><strong>nihil</strong></span> <span class='ocrx_word' id='word_1_307' title='bbox 267 4519 430 4584; x_wconf 88' lang='lat' dir='ltr'><strong>continere</strong></span> <span class='ocrx_word' id='word_1_308' title='bbox 447 4518 522 4582; x_wconf 91' lang='lat' dir='ltr'><strong>mihi</strong></span> <span class='ocrx_word' id='word_1_309' title='bbox 546 4537 733 4600; x_wconf 83' lang='lat' dir='ltr'><strong>persuasum</strong></span> <span class='ocrx_word' id='word_1_310' title='bbox 755 4519 869 4598; x_wconf 86' lang='lat' dir='ltr'><strong>habeo,</strong></span> <span class='ocrx_word' id='word_1_311' title='bbox 893 4535 955 4598; x_wconf 91' lang='lat' dir='ltr'><strong>quo</strong></span> <span class='ocrx_word' id='word_1_312' title='bbox 972 4517 1070 4582; x_wconf 88' lang='lat' dir='ltr'><strong>editio</strong></span> <span class='ocrx_word' id='word_1_313' title='bbox 1093 4514 1264 4596; x_wconf 84' lang='lat' dir='ltr'><strong>perfectior</strong></span> <span class='ocrx_word' id='word_1_314' title='bbox 1279 4514 1405 4580; x_wconf 85' lang='lat' dir='ltr'><strong>evadat.</strong></span> 
     </span>
     <span class='ocr_line' id='line_1_39' title="bbox 166 4620 452 4688; baseline 0.007 -2"><span class='ocrx_word' id='word_1_315' title='bbox 166 4620 250 4686; x_wconf 88' lang='lat' dir='ltr'><strong>Sunt</strong></span> <span class='ocrx_word' id='word_1_316' title='bbox 272 4626 381 4688; x_wconf 82' lang='lat' dir='ltr'><strong>autem</strong></span> <span class='ocrx_word' id='word_1_317' title='bbox 404 4621 452 4688; x_wconf 94' lang='lat' dir='ltr'><strong>hi:</strong></span> 
     </span>
    </p>

    <p class='ocr_par' dir='ltr' id='par_1_12' title="bbox 165 4711 963 4806">
     <span class='ocr_line' id='line_1_40' title="bbox 165 4711 963 4806; baseline -0.001 -16"><span class='ocrx_word' id='word_1_318' title='bbox 165 4711 438 4806; x_wconf 48' lang='lat' dir='ltr'><strong>&#39;mamogo</strong></span> <span class='ocrx_word' id='word_1_319' title='bbox 461 4732 530 4793; x_wconf 80' lang='lat' dir='ltr'><strong>arar.</strong></span> <span class='ocrx_word' id='word_1_320' title='bbox 555 4733 610 4792; x_wconf 74' lang='lat' dir='ltr'><strong>fra.</strong></span> <span class='ocrx_word' id='word_1_321' title='bbox 635 4733 678 4791; x_wconf 84' lang='lat' dir='ltr'><strong>m.</strong></span> <span class='ocrx_word' id='word_1_322' title='bbox 702 4730 814 4791; x_wconf 68' lang='lat' dir='ltr'><strong>othon</strong></span> <span class='ocrx_word' id='word_1_323' title='bbox 837 4749 867 4788; x_wconf 77' lang='lat' dir='ltr'><strong>n.</strong></span> <span class='ocrx_word' id='word_1_324' title='bbox 891 4731 963 4789; x_wconf 77' lang='lat' dir='ltr'><strong>aaa.</strong></span> 
     </span>
    </p>
   </div>
   <div class='ocr_carea' id='block_1_4' title="bbox 0 0 1734 5362">
    <p class='ocr_par' dir='ltr' id='par_1_13' title="bbox 0 0 1734 5362">
     <span class='ocr_line' id='line_1_41' title="bbox 0 0 1734 5362; baseline 0 0"><span class='ocrx_word' id='word_1_325' title='bbox 0 0 1734 5362; x_wconf 95' lang='lat' dir='ltr'><strong> </strong></span> 
     </span>
    </p>
   </div>
  </div>
 </body>
</html>
