3436 5362
1288 463 1366 528 XIII

165 669 200 756 a)
225 669 329 756 primo
350 669 432 737 libro
456 669 567 738 statuti
591 670 707 738 veteris
730 692 797 753 cap.
821 670 938 738 XVIII.
963 669 1123 736 averbis:
1150 673 1360 758 „laborerium

116 773 317 844 faciendum.
342 777 386 844 Et
400 779 454 859 qui
477 775 718 843 contrafecerit“
744 783 803 842 etc.
829 779 916 859 (pag.
938 776 1191 859 15.‘ed.)usque
1215 779 1371 844 ad‘verba

117 899 194 963 cap.
218 881 328 948 XXI:
356 879 573 960 ,ommittendi
595 881 637 960 id,
661 881 747 963 quod
770 881 932 947 venditum
955 882 1062 946 esser‘
1087 881 1175 964 (pag.
1203 883 1279 966 16.).

171 983 208 1071 b)
232 1005 302 1068 cap.
326 986 352 1051 I.
368 986 440 1053 libri
455 985 585 1051 secundi
609 986 721 1051 statuti
743 985 861 1052 veteris
884 985 999 1050 verba:
1024 983 1198 1070 (iune)nIri.
1221 986 1259 1050 In
1276 987 1365 1052 cuins

117 1087 305 1157 electione⁸
331 1097 392 1156 etc.
416 1091 502 1174 (pag.
530 1091 605 1170 la),
628 1109 730 1171 usque
753 1091 794 1155 ad
818 1089 932 1156 verba:
961 1089 1068 1172 „lipsil
1102 1089 1217 1157 iratres
1241 1091 1369 1171 publice

116 1200 156 1260 et
177 1195 287 1278 palam
310 1213 416 1260 coram
438 1191 587 1262 consilio“
613 1201 665 1260 etc
688 1196 775 1281 (pag.
802 1195 877 1277 20).

164 1299 197 1384 c)
222 1299 304 1366 libro
327 1307 441 1382 quarto
464 1302 577 1366 statuti
601 1301 719 1366 veteris
743 1320 762 1365 a
784 1299 888 1365 verbis
912 1317 979 1380 cap.
1004 1299 1108 1365 XVI:
1140 1301 1280 1382 (statuti)
1304 1320 1367 1367 non

118 1405 286 1488 obstante,
311 1407 422 1472 sinon
445 1403 543 1471 iuerIt
566 1411 625 1473 etc.
649 1409 735 1486 (pag.
763 1407 838 1488 143)
856 1423 955 1485 usquo
978 1405 1018 1469 ad
1043 1403 1140 1470 verba
1163 1425 1230 1487 cap.
1246 1405 1370 1470 XLII:

121 1507 401 1594 ,(praesumatur)
425 1516 458 1576 et
481 1511 546 1574 uim
568 1509 599 1573 ui
624 1509 797 1591 repellere“
825 1513 883 1574 etc.
909 1508 996 1593 (pag.
1024 1495 1127 1576 155'1.
1144 1510 1214 1594 l.).·

165 1612 203 1694 d)
227 1614 261 1678 in
283 1613 365 1679 libro
396 1613 657 1680 reformationum
680 1613 778 1680 verba
807 1633 876 1695 cap.
901 1611 1038 1678 XXVI:
1073 1615 1224 1696 ,(pocna)
1248 1615 1279 1678 xl
1302 1615 1366 1681 sol-

118 1717 237 1783 dorum
256 1724 290 1783 et
312 1719 408 1783 etiam
431 1721 620 1783 teneantur“
646 1723 706 1783 etc.
731 1716 816 1801 (pag.
836 1721 910 1794 271)
933 1735 1034 1798 usqne
1050 1719 1090 1783 ad
1114 1719 1218 1785 linem.

163 1821 235 1887 Nec
247 1823 350 1888 minus
362 1829 395 1888 et
407 1823 596 1888 documenta
607 1822 639 1886 in
652 1822 876 1889 additamentis
893 1821 999 1903 posita
1014 1824 1184 1888 recentIori
1201 1824 1255 1889 illa
1270 1842 1365 1890 manu

117 1932 200 1992 sunt
222 1928 351 2008 scripta,
376 1944 458 2007 quae
482 1933 516 1992 et
539 1927 659 1992 alteras
682 1925 798 1993 codicis
825 1927 918 2012 hujus
942 1928 1073 1993 lacunas
1092 1928 1220 2009 explere
1237 1929 1368 1994 studuIt.

172 2036 216 2108 3.)
241 2030 349 2097 Codex
364 2033 599 2113 manuscriptus
615 2031 803 2097 chartaceus
828 2029 859 2095 in
874 2031 922 2110 4⁰,
947 2050 1041 2112 quem
1065 2051 1148 2098 nunc
1171 2037 1316 2116 tempore
1339 2033 1369 2097 d.

116 2135 277 2202 Giacomo
309 2135 467 2200 Chindina
490 2133 690 2217 SpatalensiS
725 2135 870 2218 possidet
891 2135 1040 2220 mihique,
1073 2137 1103 2202 d.
1128 2135 1203 2204 Sim.
1228 2138 1370 2219 Liuhidio

114 2240 261 2321 benigne
284 2240 513 2320 intercedente,
538 2239 767 2322 inspiciendum
792 2239 978 2324 Zagrabiam
1002 2241 1097 2306 miSIt.

165 2343 335 2426 Inscriptio
358 2345 471 2412 statuti
494 2349 621 2424 veteris,
644 2345 699 2426 qui
722 2365 741 2410 a
763 2345 852 2410 novis
870 2345 1001 2410 statutis
1017 2345 1136 2412 diserte
1152 2345 1367 2430 distinguitur,

115 2450 241 2532 pagina
263 2450 365 2530 prima
387 2451 468 2515 sexti
491 2449 558 2515 lolii
581 2451 614 2514 in
636 2449 720 2514 hunc
742 2449 869 2514 modum
893 2450 1013 2532 scripte
1028 2457 1095 2516 est:
1123 2449 1272 2536 ,Statuta
1288 2448 1369 2530 Spa-

115 2553 242 2619 latinae
265 2553 353 2618 urbis
376 2572 434 2635 per
456 2553 566 2619 excell.
584 2553 614 2618 d.
632 2553 851 2620 Percevallum
874 2553 1013 2620 nobilem
1030 2555 1069 2620 de
1084 2555 1199 2621 Ferme
1216 2556 1248 2619 in
1265 2561 1368 2636 utroq.

112 2659 194 2740 jure
217 2657 352 2738 peritum
382 2665 416 2722 et
447 2658 589 2740 ejusdem
621 2657 757 2722 civitatis
788 2663 979 2738 potestatem
1007 2659 1094 2723 edita
1118 2677 1200 2724 anno
1224 2657 1366 2738 Mcccxij.

117 2768 202 2827 tune
220 2762 353 2853 sedente
384 2767 494 2827 sonmo
522 2761 673 2828 interris
697 2760 861 2828 Clemente
885 2761 924 2826 V.
948 2762 1096 2844 pontifice
1119 2764 1265 2842 mammo,
1288 2781 1371 2826 nunc

116 2883 198 2931 vero
221 2865 424 2947 praesidente
447 2865 621 2932 universali
645 2865 739 2932 matri
763 2865 918 2932 ecclesiae
943 2865 1109 2933 Clemente
1125 2867 1163 2931 II.
1188 2869 1367 2948 imperante

117 2976 238 3036 sermo.
264 2965 471 3036 Venetiarum
502 2970 583 3064 duce
606 2970 772 3036 Dominico
796 2969 985 3054 Contureno,
1017 2972 1076 3036 sub
1108 2971 1258 3052 auspicijs
1290 2970 1367 3034 illmi

118 3081 158 3141 et
186 3074 321 3140 reddimi
351 3075 381 3140 d.
406 3075 434 3140 d.
466 3094 514 3140 co.
538 3073 693 3156 Boniiacij
718 3075 842 3151 Albani,
876 3075 1016 3157 archiepi
1039 3073 1245 3157 spalatensis
1269 3074 1367 3140 totius

119 3179 305 3246 Dalmatiae
328 3184 362 3245 et
383 3178 534 3244 Croatiae
561 3179 705 3261 primatis
737 3199 756 3244 a
785 3181 882 3246 Petro
905 3179 1110 3262 Luposignoli
1135 3178 1314 3261 Spalatensi
1337 3178 1357 3242 J
1361 3229 1367 3242 .

119 3281 165 3348 U.
188 3283 226 3348 D.
249 3281 435 3366 Hungariae
457 3284 661 3366 universique
683 3284 772 3366 Illirij
796 3283 869 3350 nob.
892 3287 926 3349 et
947 3285 979 3348 in
995 3283 1108 3350 eadem
1124 3283 1371 3363 metropolitana

122 3387 288 3470 Spalateu.
312 3389 463 3454 canonico
493 3407 532 3455 ae
562 3388 708 3454 auditore
731 3387 884 3469 generali,
913 3387 944 3451 in
967 3387 1188 3469 paragraphos
1212 3387 1369 3466 distincta,

120 3492 228 3558 indIce
251 3497 284 3558 et
306 3493 481 3575 repertorio
504 3493 709 3576 locupletata,
734 3511 792 3558 nec
815 3509 878 3556 non
897 3491 1108 3557 decisionibus
1124 3496 1188 3556 tam
1206 3489 1371 3556 ducalibus

121 3616 219 3679 quam
251 3597 450 3683 generalitijs
482 3597 569 3662 varie
592 3599 750 3663 emanatin
773 3604 876 3662 ancta.
908 3595 1027 3661 Tomus
1049 3597 1178 3676 primns.
1204 3595 1296 3659 Auno
1320 3613 1371 3658 sa·

120 3701 200 3767 lutis
223 3691 390 3784 Mdclxxj.⁰

167 3805 205 3869 In
228 3807 346 3889 pagina
367 3807 511 3888 proxima
533 3807 647 3874 literae
670 3807 878 3873 dedicationis
901 3807 951 3870 his
967 3807 1073 3872 verbin
1090 3811 1164 3870 sunt
1182 3807 1370 3884 Inscriplae:

169 3909 282 3994 ,Illmo
305 3915 339 3975 et
360 3919 470 3977 rerum
500 3911 530 3975 d.
554 3911 584 3976 d.
611 3911 773 3978 Boniiacio
795 3911 920 3976 Albano
944 3910 1182 3991 archiepiscopo
1207 3909 1369 3989 Spalaton.

122 4015 202 4080 alias
227 4012 404 4080 Salonitan.
427 4015 588 4096 Dalmatia
611 4021 645 4083 et
668 4015 796 4095 Croatie
819 4015 957 4096 primati.

166 4117 288 4184 Auctor
317 4118 412 4201 hujus
442 4119 609 4185 voluminis
641 4119 806 4201 SpalatIne
840 4119 987 4202 civitatis
1021 4119 1226 4200 municipales
1260 4135 1371 4200 nempe

124 4221 216 4304 leges
241 4223 442 4300 continentis,
467 4223 573 4288 diviua
594 4225 796 4306 humanaque
819 4227 972 4305 precepta
992 4224 1213 4306 complexurus
1228 4243 1286 4306 pro
1302 4229 1373 4289 rata

110 4371 114 4378 -
121 4325 282 4407 justitiam
309 4325 447 4407 prefixit,
479 4345 518 4393 eo
549 4347 639 4408 sacre
670 4329 786 4411 pagine
816 4347 949 4394 exorsus
979 4333 1185 4411 argumento:
1219 4345 1297 4412 ,per
1319 4345 1371 4393 me

125 4448 218 4511 reges
242 4429 397 4512 regnand‘
432 4435 465 4496 et
494 4438 623 4498 secutus
646 4433 860 4498 Justinianum
891 4433 922 4497 in
945 4433 1106 4515 prooemio
1130 4432 1171 4497 de
1190 4432 1316 4514 justitia
1338 4438 1372 4496 et

120 4535 191 4616 jure
214 4535 247 4600 in
270 4535 366 4616 th'us
389 4536 497 4618 populi
518 4537 631 4603 animis
653 4543 786 4603 conatus
809 4543 860 4602 est
879 4537 1069 4620 imprimere,
1091 4536 1225 4602 honeste
1248 4535 1366 4615 vivere,

124 4637 258 4705 alterum
282 4657 347 4704 non
369 4639 487 4718 ledere,
500 4639 554 4720 jus
569 4659 660 4706 snum
677 4641 844 4722 unicuique
861 4641 1010 4722 tribuere,
1027 4640 1114 4706 nnllo
1131 4645 1222 4722 pacto
1239 4658 1364 4707 conaer-

1 4810 3 4823 ,
114 4743 188 4848 'rari
210 4743 328 4809 melius
351 4743 504 4826 civitates,
529 4763 623 4825 qnam
636 4745 760 4826 justitie
777 4743 977 4829 admiuiculo,
993 4745 1206 4811 Romanorum
1222 4744 1366 4826 exemplo

1604 4785 1688 4816 ,uu
