3388 5356
273 1123 275 1130 ‘
376 1093 539 1170 INDEX
564 1091 744 1172 RERUM
773 1087 1177 1172 ALPHABETIOUS.

757 1320 800 1390 A.

155 1460 331 1545 acdpiertdi
354 1465 481 1540 pervim
496 1483 600 1542 poena.
645 1483 675 1544 p.
694 1467 765 1526 106.

156 1550 371 1613 accusationes
393 1549 465 1612 fiant
479 1553 556 1612 intra
571 1557 636 1612 ooto
652 1553 714 1612 dies
729 1555 797 1628 post
811 1555 963 1630 acceptum
979 1553 1124 1612 damnum.
1169 1565 1198 1626 p.
1215 1551 1267 1610 49.

156 1642 321 1700 aceruatos·
344 1637 421 1698 inira
438 1644 503 1699 ooto
519 1639 582 1700 dios
597 1640 740 1715 producat
754 1643 843 1700 testes
860 1657 938 1701 suos.
982 1656 1011 1715 p.
1029 1639 1080 1698 49.

156 1723 385 1788 accusationem
408 1727 534 1802 probare
549 1727 574 1786 si
589 1731 742 1786 aecusator
757 1744 814 1786 non
829 1727 932 1804 possit,
948 1725 1094 1802 puniatur.
1139 1741 1168 1800 p.
1186 1725 1237 1784 52.

154 1819 270 1874 atussa
292 1829 428 1887 quaeque
443 1813 614 1873 extrahatur
629 1815 750 1872 termino
766 1831 815 1874 xv.
833 1815 953 1874 dierum.
998 1829 1027 1888 p.
1045 1814 1095 1872 83.

158 1903 340 1961 matam
363 1900 480 1974 quando
495 1917 645 1960 commune
661 1901 790 1977 adjuvet.
835 1919 864 1977 p.
882 1904 932 1961 88.

156 1982 304 2047 aduocati
321 1987 485 2074 ,eligantur
519 2005 574 2063 per
609 1987 742 2047 comitem
776 1993 805 2048 et
836 1989 977 2048 maiorem
1010 1989 1123 2063 partem
1156 1985 1240 2062 parvi
1276 1983 1399 2044 oonsilii.

157 2155 304 2222 acuent
325 2161 484 2220 communia
500 2165 637 2234 quattuor
658 2161 784 2238 eligendi
806 2181 825 2221 a
846 2162 982 2240 eonsili03
1005 2179 1058 2220 neo
1080 2159 1324 2219 adunaremus
1346 2157 1400 2217 hos

247 2247 315 2322 quis
329 2249 427 2307 valeat
442 2249 497 2307 nisi
512 2253 647 2324 parentes
663 2248 792 2310 intortio
807 2249 910 2325 gradu
956 2267 985 2324 p.
1004 2251 1073 2308 165.

159 2330 315 2396 cauom
336 2335 450 2409 possint
466 2351 574 2414 omnes,
591 2353 665 2410 quos
683 2353 753 2410 pars
768 2337 885 2412 litigans
902 2335 955 2396 sibi
971 2335 1100 2412 elegerit.
1146 2352 1174 2410 p.
1195 2335 1264 2392 172.

159 2417 382 2484 αᾶοοοαιοηιω
404 2421 541 2481 officium.
586 2439 615 2498 p.
635 2425 683 2482 13.
701 2439 745 2496 sq.
763 2426 813 2484 34.

158 2503 305 2570 Maccui
326 2513 428 2568 tantm
443 2509 673 2584 consanguineos
689 2509 833 2570 advocare
847 2528 905 2569 non
920 2513 1081 2569 teneantur.
1126 2525 1155 2584 p.
1174 2510 1222 2568 13.
1240 2521 1284 2581 sq.
1302 2509 1352 2566 34.

159 2590 314 2656 adaman
336 2611 391 2669 pro
405 2595 577 2674 forensibus,
593 2596 688 2670 iisque
703 2597 885 2672 presentibus
901 2613 985 2656 nemo
997 2597 1052 2655 nisi
1067 2595 1226 2654 advocatus
1242 2593 1401 2653 communis

249 2681 354 2756 possit.
399 2699 428 2756 p.
446 2685 497 2742 58.

161 2763 384 2830 αάυοοαιονιιηι
407 2769 554 2828 salarium.
600 2787 629 2844 p.
649 2773 697 2828 13.
715 2787 760 2845 sq.
777 2773 828 2830 34.
847 2773 897 2830 63.
915 2773 965 2830 95.

160 2851 305 2916 (1111011111
326 2855 468 2934 requisiti,
486 2856 510 2914 si
526 2856 670 2916 advoome
685 2859 892 2934 recusaverint,
908 2857 1073 2932 puniantur.
1118 2873 1147 2931 p.
1167 2857 1237 2914 128.
1254 2871 1299 2928 sq.

160 2935 337 3020 aedificatio
360 2942 510 3001 domorum
526 2943 554 3001 in
571 2943 648 3002 valle
663 2943 830 3003 Saualatiza
844 2943 988 3018 quomodo
1004 2942 1064 3001 flat.
1109 2959 1138 3017 p.
1157 2945 1227 3002 102.

162 3025 367 3089 alienationes
389 3029 591 3090 annuentes
606 3030 749 3090 maritatis
772 3031 917 3105 quomodo
932 3029 1012 3090 liant.
1057 3047 1086 3104 p.
1105 3032 1144 3090 75
1161 3045 1204 3103 sq.

163 3111 427 3177 ambasciatorurn
449 3117 597 3175 narrum.
642 3135 671 3192 p.
689 3121 739 3177 73.

161 3198 388 3282 anchoraqinm
410 3204 526 3262 solvant
539 3204 658 3280 navigia
673 3205 883 3280 Raguseorum.
929 3221 957 3279 p.
977 3207 1036 3264 193
1059 3222 1104 3278 sq.

164 3286 320 3370 annariae
342 3289 528 3365 imponantur
542 3295 572 3350 et
586 3297 776 3350 exerceantur
791 3293 872 3350 iuxta
888 3291 1132 3350 consuetudinem.
1178 3309 1207 3366 p.
1226 3293 1296 3350 159.

162 3391 216 3452 pro
240 3374 349 3436 anima
379 3377 424 3434 vir
451 3381 520 3436 aute
541 3382 663 3437 mortem
686 3395 768 3437 suam
791 3379 881 3438 libere
904 3377 940 3437 ae
965 3379 1051 3438 rebus
1074 3377 1228 3438 mobilibus
1251 3375 1403 3436 extrahere

252 3463 356 3538 possit.
401 3481 431 3539 p.
451 3465 499 3523 16.
517 3467 568 3523 37.

162 3547 318 3610 annania
340 3550 433 3626 possit
447 3551 571 3625 quisque
586 3555 726 3627 patronus
741 3569 760 3610 a
774 3551 887 3610 decima
904 3551 1030 3626 exigere.
1076 3569 1105 3628 p.
1123 3555 1173 3612 84.

162 3634 319 3698 animalia
340 3655 396 3696 non
419 3635 605 3714 postulentur
622 3643 690 3698 ante
704 3636 860 3698 civitatem.
905 3655 934 3714 p.
952 3642 1002 3699 61.
1021 3641 1139 3699 ‘lasa

163 3720 319 3784 animulia
341 3725 515 3798 quicumque
527 3727 724 3800 monlaverit
738 3727 767 3784 in
782 3726 868 3786 vinea
883 3727 977 3801 campi
990 3725 1115 3800 dolgnae
1130 3725 1241 3803 Blatae,
1259 3724 1404 3800 puniatur.

162 3891 319 3958 animabo
340 3912 397 3956 non
421 3903 573 3957 teneantur
594 3899 622 3957 in
646 3899 806 3976 casalibus,
830 3915 882 3960 neo
906 3913 1006 3976 prope,
1030 3899 1081 3958 sed
1104 3899 1134 3958 in
1156 3899 1295 3958 distantia
1316 3897 1402 3956 medii

151 4021 153 4028 ›
254 3985 391 4044 milliarii.
437 3998 466 4060 p.
487 3988 557 4045 199.

165 4067 321 4132 animalia
344 4089 401 4131 non
418 4077 575 4149 pascantur
590 4072 619 4131 in
636 4073 756 4148 scopulo
772 4072 894 4132 fratrum
909 4073 977 4132 min.
995 4072 1023 4134 S.
1040 4073 1197 4132 Frauoisoi.
1242 4090 1271 4148 p.
1291 4073 1361 4132 156.

163 4155 318 4220 animalia
341 4155 448 4218 nullius
463 4159 578 4235 generis
593 4162 746 4218 teneantur
760 4159 789 4218 iu
806 4159 971 4219 Lombarda
986 4165 1045 4218 tarn
1068 4173 1133 4218 cum
1150 4159 1292 4237 1111151111,
1316 4169 1404 4232 quarn

250 4245 323 4306 sine.
368 4263 397 4320 p.
417 4247 487 4306 183.

162 4334 199 4393 ab
221 4327 414 4394 animalibus
435 4333 572 4393 damnum
588 4333 696 4392 iactum
715 4333 860 4407 quomodo
875 4333 1051 4392 emendetur.
1097 4351 1126 4410 p.
1144 4327 1194 4392 st.

163 4415 284 4481 animal
306 4419 401 4494 majus
417 4421 441 4479 si
457 4421 594 4480 damnum
609 4419 718 4496 secent,
735 4421 868 4483 dominus
882 4419 1027 4494 quomodo
1042 4421 1188 4495 puniatur.
1234 4431 1262 4494 p.
1289 4419 1359 4476 112.

163 4503 387 4588 appellationes
409 4507 616 4566 sententiarum
631 4507 776 4582 quomodo
792 4505 873 4576 flant.
918 4524 947 4582 p.
966 4507 1016 4567 32.
1034 4509 1084 4567 99.

163 4589 331 4675 appellabo
353 4593 382 4652 tu
397 4606 568 4654 causacum
584 4593 692 4654 lorensi
707 4608 764 4653 non
781 4593 961 4653 admittatur.
1006 4603 1035 4668 p.
1056 4595 1126 4652 117.

162 4677 322 4764 appellare
343 4698 375 4740 se
396 4681 435 4740 ad
458 4679 551 4740 offitia
571 4681 684 4742 Veneta
705 4680 873 4742 conoeffitur
894 4679 1118 4741 (imolensibus
1141 4680 1216 4739 siout
1237 4677 1303 4738 allis
1326 4677 1395 4736 Dal-

252 4767 380 4828 matinis.
425 4784 454 4845 p.
475 4767 545 4830 142.
