3388 5356
1299 493 1361 553 243

128 697 163 762 ui
186 717 255 783 par,
277 667 336 764 ch⁹e
358 699 376 764 b
400 697 629 764 consuetudine
651 703 684 762 et
707 696 817 762 ordeni
840 695 880 762 de
903 701 1016 776 questa
1039 701 1134 774 terra,
1167 697 1195 761 el
1227 699 1300 779 qual
1324 717 1362 763 ne

130 803 265 886 rispose‚
288 802 346 868 che
368 803 413 868 lui
436 821 491 869 era
512 820 595 868 nono
618 803 650 866 in
673 809 786 882 questa
802 806 897 879 terra,
922 806 955 865 et
970 801 1027 866 obe
1045 807 1127 868 tutto
1142 801 1171 867 el
1186 819 1243 868 suo
1259 810 1367 886 tempo

130 926 216 974 anea
237 905 320 974 latto
342 908 374 972 ln
398 908 479 974 altre
503 907 584 989 parti
608 925 696 972 come
719 911 755 971 sb
777 907 919 972 cadauno
944 911 976 972 et
1001 907 1058 972 che
1088 927 1149 973 non
1180 908 1222 973 mi
1250 927 1369 990 sapeua

130 1012 191 1077 dar
214 1013 327 1078 alcuna
350 1011 570 1090 information3
594 1015 669 1093 perb
692 1011 847 1090 dedendo,
879 1011 937 1077 che
967 1011 1039 1076 altri
1068 1011 1120 1076 dui
1150 1013 1265 1095 gindisi
1295 1011 1368 1077 fatti

128 1135 189 1198 per
211 1117 242 1184 el
264 1117 430 1201 consegho,
455 1115 512 1183 che
535 1135 613 1182 sono
637 1135 694 1181 ms.
719 1115 821 1180 Marin
846 1114 973 1181 Ostrioh
997 1127 1029 1182 et
1051 1135 1106 1180 ms.
1125 1117 1249 1183 Priamo
1266 1115 1366 1184 Simo-

128 1221 211 1286 netti
234 1239 311 1288 sono
333 1223 366 1287 in
388 1221 421 1286 la
442 1221 519 1285 uilla
534 1227 566 1287 et
589 1239 646 1302 per
668 1221 776 1286 auanti
800 1221 829 1286 el
852 1222 907 1302 piu
930 1220 1013 1287 delle
1037 1221 1122 1286 nolte
1138 1221 1159 1284 li
1175 1222 1290 1303 giudisi
1305 1241 1367 1288 non

129 1343 165 1390 se
188 1331 281 1392 troua
302 1325 335 1391 in
357 1327 390 1392 la
410 1331 505 1402 terra,
529 1329 582 1390 1111
603 1343 707 1391 nanno
731 1323 822 1391 fnora
846 1344 941 1390 senza
964 1331 1077 1408 saputo
1100 1333 1133 1392 et
1155 1327 1282 1392 licentia
1316 1328 1367 1394 del

127 1436 232 1498 rettor
254 1440 287 1497 et
308 1450 370 1498 non
394 1430 422 1496 si
444 1449 560 1496 curano
584 1429 624 1496 de
646 1430 792 1496 attender
822 1430 851 1496 al
882 1449 939 1496 suo
963 1429 1062 1497 offitio
1093 1433 1366 1516 accompagnando

127 1535 361 1616 brettaniae
394 1535 475 1601 darli
505 1535 631 1616 quando
663 1535 778 1600 accede
810 1535 839 1600 le
867 1535 1068 1602 information
1099 1538 1285 1616 necessarie,
1315 1541 1368 1602 ma

128 1647 246 1707 stanno
268 1641 291 1705 li
313 1642 394 1706 mesi
415 1641 448 1705 in
470 1641 502 1706 la
530 1639 607 1704 uilla
637 1639 855 1722 desprisiando
879 1639 901 1704 il
931 1641 1021 1708 luoco
1053 1645 1072 1706 a
1101 1641 1150 1706 lor
1180 1641 1365 1723 deputatoli,

126 1749 206 1828 perb
229 1745 261 1810 ni
283 1747 301 1810 b
324 1763 418 1826 parso
441 1744 481 1812 de
504 1743 651 1830 poueder‚
676 1744 733 1810 obe
757 1744 797 1808 de
813 1751 919 1811 cetero
935 1747 956 1810 li
971 1745 1086 1828 gindisi
1102 1765 1207 1811 mazor
1223 1747 1273 1815 sia
1288 1745 1365 1812 obli·

130 1851 208 1932 gati,
233 1849 290 1915 che
313 1850 457 1916 cadauna
478 1849 575 1930 molta,
600 1850 657 1916 che
680 1851 690 1915 i
714 1852 827 1915 rettori
849 1851 965 1916 inscirb
986 1851 1016 1915 al
1040 1869 1119 1917 suon
1142 1851 1227 1916 della
1242 1871 1366 1933 campa·

130 1954 228 2036 nella,
250 1955 261 2019 i
283 1973 318 2020 se
341 1954 459 2020 debbia
480 1961 590 2021 tronar
612 1974 764 2037 appresso
795 1954 834 2020 de
865 1955 941 2036 loro,
973 1955 1223 2039 accompagnarli
1253 1953 1317 2022 fina
1344 1957 1366 2020 il

128 2077 188 2126 suo
211 2059 332 2125 ritomo
354 2078 412 2141 per
433 2061 524 2125 uenir
546 2058 574 2125 al
598 2059 737 2142 palazzo,
760 2065 844 2127 sotto
867 2079 947 2142 pena
970 2063 1102 2144 bonelli
1124 2061 1365 2128 contraieranno

133 2163 174 2231 de
197 2183 297 2248 pagan
318 2163 445 2248 perperi
468 2181 531 2230 uno
554 2183 611 2246 per
630 2163 774 2229 cadauna
790 2164 877 2229 uolta
899 2164 963 2230 lina
984 2167 1013 2230 al
1037 2185 1166 2233 numero
1183 2167 1222 2234 de
1238 2171 1364 2248 quattro

131 2269 223 2336 uolte
245 2269 268 2336 li
291 2269 488 2350 contrafart3
513 2275 546 2334 et
568 2267 812 2335 contralazendo
837 2269 868 2333 la
891 2271 1001 2352 quinta
1024 2271 1119 2350 uolta,
1143 2271 1191 2336 sia
1206 2273 1297 2352 prino
1313 2271 1375 2337 del

127 2373 277 2458 giudiga3
300 2373 333 2440 la
354 2374 429 2458 qual
450 2391 534 2456 pena
556 2373 628 2439 uadi
650 2373 683 2438 in
706 2373 738 2438 la
759 2375 959 2439 communita.
984 2374 1038 2439 Ma
1059 2375 1091 2439 in
1122 2393 1196 2440 caso
1224 2375 1245 2440 li
1277 2393 1364 2441 acca·

129 2478 225 2546 desse
247 2478 350 2544 andnr
370 2499 429 2562 per
451 2478 584 2560 qualche
606 2496 664 2544 sna
686 2477 828 2558 facenda,
853 2497 916 2545 non
935 2479 1020 2559 possi
1036 2479 1171 2561 portinse
1189 2480 1277 2546 saluo
1294 2499 1363 2545 cum

126 2581 258 2650 licentia
281 2583 356 2650 delli
378 2583 492 2650 rettori
516 2587 548 2649 et
570 2586 681 2665 questo
705 2583 790 2648 accio
814 2583 956 2650 cadanno
979 2583 1053 2650 abbi
1083 2602 1178 2650 causa
1201 2585 1240 2652 de
1267 2583 1316 2650 far
1342 2583 1365 2649 il

128 2705 186 2754 suo
210 2687 310 2756 offido
332 2687 533 2770 legalmenta.

170 2793 339 2860 Pnblicata
361 2793 412 2858 die
435 2792 567 2860 Veneris
590 2791 631 2874 iij.
656 2791 855 2872 Nouembris,
879 2793 1049 2859 indictione
1073 2794 1102 2876 ij.
1135 2795 1167 2858 iu
1189 2794 1274 2876 logia
1297 2811 1364 2858 mo-

128 2898 227 2978 rione,
251 2897 451 2980 presentibus
473 2897 598 2962 domino
621 2897 702 2964 Abel
725 2916 754 2980 q.
779 2899 896 2964 domini
912 2898 1053 2982 loannis,
1077 2897 1211 2964 Antonio
1229 2899 1363 2982 Pelidis,

131 2999 269 3068 Antonio
292 3001 495 3068 Roxenouich
519 3007 551 3068 et
573 3003 643 3083 alijs
667 3003 936 3086 quampluribus.
960 3003 1084 3068 MDxiv.

172 3107 235 3174 Die
257 3107 297 3172 ix.
321 3107 507 3174 Decembris
530 3124 622 3174 cassa
643 3108 704 3174 luit
722 3109 935 3191 suprascripta
958 3109 1115 3175 sententia
1138 3127 1196 3190 per
1223 3105 1364 3189 magnifi-

130 3228 200 3277 cum
226 3218 260 3278 et
281 3211 490 3278 clarissimum
512 3212 721 3296 Augustinum
746 3214 785 3278 de
809 3213 905 3292 Mula,
936 3215 1133 3295 pronisorem
1157 3219 1189 3279 et
1211 3213 1363 3280 sindicum

127 3316 329 3399 Dalmaticae
342 3322 378 3384 ut
400 3323 524 3385 constat
538 3336 577 3383 ex
591 3318 774 3386 authentico
791 3319 957 3402 registrare
974 3318 1005 3382 in
1020 3317 1162 3400 registris
1177 3319 1362 3385 litterarum.

526 3532 660 3574 nxxxm.
683 3533 805 3577 11111110
829 3532 962 3589 11111111,

131 3625 185 3680 qna
204 3611 343 3676 statuitur,
361 3609 433 3678 quod
451 3610 559 3680 datiarij
579 3613 740 3668 intermino
760 3613 863 3668 dierum
882 3621 942 3668 ooto
960 3613 1025 3667 dant
1048 3611 1163 3681 plegios
1190 3616 1217 3664 et
1241 3611 1264 3666 si
1287 3626 1364 3666 secus

333 3697 455 3764 iecerint,
474 3697 561 3754 denno
579 3699 752 3754 incantantur
769 3699 845 3756 datia
862 3701 897 3755 ad
916 3717 1006 3756 corum
1025 3700 1158 3756 damnum.

170 3821 305 3886 MDxiv.

172 3945 241 4012 Nos
264 3943 476 4028 Hieronymus
499 3945 706 4025 iustinianus
731 3967 787 4029 pro
811 3947 1021 4014 illustrissimo
1049 3951 1082 4012 ot
1104 3945 1362 4014 excellentissimo

129 4051 233 4117 ducali
258 4051 393 4117 dominio
416 4051 621 4118 Venetiarum
644 4071 750 4118 comes
774 4049 938 4118 Curzulae.

131 4201 136 4208 .
171 4154 359 4238 comparuit
380 4175 486 4221 coram
511 4157 600 4221 nobis
623 4156 692 4222 heri
715 4157 859 4223 dominns
883 4157 1023 4222 Jonnnes
1046 4155 1219 4222 Gobriellis
1242 4156 1300 4222 snb
1316 4157 1361 4222 lo·

128 4260 178 4344 gia
210 4262 359 4344 marinae,
392 4261 594 4342 presentibus
617 4261 723 4326 multis
746 4263 902 4328 nobilibus
926 4268 958 4326 et
987 4261 1107 4328 ciuibus
1131 4263 1246 4340 dicens,
1279 4261 1362 4343 quod

127 4383 197 4430 cum
222 4377 309 4432 essct
331 4365 456 4431 indexdi
472 4367 550 4432 ebus
565 4368 756 4448 praeteritis,
780 4365 909 4433 fuerunt
923 4368 1085 4433 incantata
1106 4368 1261 4449 quaedam
1278 4366 1364 4431 datia

128 4476 161 4535 11
187 4469 293 4550 blada,
314 4471 390 4556 pina
413 4477 447 4536 et
469 4471 590 4553 scopuli
614 4471 853 4551 communitatis,
878 4491 959 4553 qnae
989 4472 1125 4538 nondum
1155 4477 1228 4538 sunt
1256 4477 1364 4537 notata

129 4573 161 4638 in
183 4575 273 4641 libris
295 4577 492 4642 incautorum
516 4576 687 4642 secundnm
710 4581 894 4643 consuetum
919 4583 951 4644 et
973 4577 1030 4642 che
1060 4595 1176 4642 ancora
1205 4577 1262 4641 che
1292 4595 1364 4658 pas-

128 4681 202 4746 sado
226 4680 256 4746 el
278 4687 420 4748 termene
443 4681 518 4746 delli
535 4687 601 4748 otto
618 4681 704 4747 zorni
727 4701 789 4747 non
806 4681 951 4763 dagando
967 4682 990 4746 li
1005 4681 1053 4747 sui
1069 4683 1151 4763 pieni
1167 4680 1259 4746 dicno
1277 4699 1364 4746 esser

131 4783 333 4852 incantadib
363 4785 467 4852 danuo
492 4785 531 4852 de
561 4786 657 4868 quelli
685 4786 789 4853 banno
818 4786 986 4853 incantado
1013 4792 1046 4852 et
1077 4787 1155 4852 tolto
1185 4785 1256 4922 ditti
1286 4785 1361 4867 datij

1511 4903 1526 4951 i

1530 4831 1672 4895 m.
