3388 5356
1319 492 1382 554 245

141 695 224 761 ridis
244 697 292 761 uti
316 696 471 763 aduocato
494 696 727 763 communitatis
751 701 880 778 petente
905 696 1030 762 nondnc
1053 697 1154 762 dictae
1178 701 1381 764 communita·

138 801 184 866 tis
206 819 271 866 una
294 820 363 866 cnm
383 801 455 884 alijs
477 802 584 866 multis
608 806 641 868 et
663 801 855 881 requirente,
880 807 915 866 nt
936 801 968 865 in
989 803 1173 869 executione
1189 805 1294 885 partis
1310 823 1382 886 cap

142 912 198 970 tae
214 906 247 970 in
263 903 400 988 generali
417 907 546 972 consilio
562 907 654 972 huius
670 906 806 972 ciuitatis
828 908 885 972 sub
903 907 953 972 die
969 907 1029 972 xiv.
1046 907 1221 989 Februarij,
1243 909 1380 991 Mcccclj.

138 1017 175 1076 et
197 1008 404 1078 confirmatae
426 1029 484 1092 per
501 1011 623 1077 lrtteras
646 1011 852 1077 illustrissimi
872 1011 991 1077 ducalis
1014 1012 1142 1094 dominij
1159 1013 1373 1095 Venetiarum,

140 1115 234 1180 datos
251 1116 308 1180 snb
331 1117 433 1199 xxviij.
450 1115 578 1198 Aprilis
595 1115 730 1198 Mcccclj.
756 1135 814 1180 sua
828 1115 1062 1198 magnificentia
1084 1117 1257 1182 decernere
1275 1119 1380 1200 uellet,

142 1239 186 1285 na
208 1219 294 1284 dicta
317 1219 401 1285 scala
423 1221 455 1284 in
480 1221 564 1285 dicto
588 1221 656 1286 loco
680 1221 826 1287 fabricari
849 1227 966 1303 posset,
999 1239 1058 1288 nec
1087 1223 1126 1288 de
1158 1229 1263 1288 cetero
1294 1227 1379 1306 quise,

140 1342 237 1404 quam
260 1325 447 1406 super'uias
471 1325 612 1407 publicas
644 1332 752 1407 posset
784 1327 922 1406 aliquam
955 1326 1071 1390 scalam
1103 1323 1275 1393 fabricare:
1305 1330 1383 1394 nisis

142 1427 230 1493 dicta
251 1435 343 1511 parte
365 1436 397 1495 et
419 1431 542 1506 litteris,
568 1431 776 1511 omnibusque
798 1437 924 1496 mature
947 1429 1154 1496 consideratis
1177 1434 1383 1500 sententiauit

141 1539 178 1598 et
200 1533 384 1600 terminauit
406 1555 469 1600 una
491 1554 560 1600 cnm
585 1537 649 1599 suis
666 1535 819 1616 praelatis
836 1535 989 1600 iudicibus
1012 1542 1048 1600 ut
1063 1554 1167 1616 neque
1185 1536 1268 1602 dicta
1285 1538 1379 1618 scala,

141 1656 246 1718 neque
269 1639 331 1704 alia
353 1639 458 1720 aliqua
480 1641 512 1703 in
536 1657 732 1720 quacumque
755 1641 808 1704 tria
830 1641 967 1707 ciuitatis
983 1659 1040 1722 per
1056 1641 1193 1722 aliquem
1216 1641 1255 1706 de
1271 1647 1378 1707 cetero

138 1741 289 1808 fabricari
311 1746 411 1826 possit
432 1745 499 1810 sine
523 1763 673 1826 expressa
696 1745 824 1811 licentia
846 1745 1002 1830 magnifici
1019 1745 1135 1812 domini
1160 1745 1292 1827 comitis,
1310 1746 1379 1828 qui-

143 1866 280 1929 cumque
303 1849 357 1915 illo
380 1855 524 1930 tempore
546 1848 650 1914 fuerit.

183 1953 315 2019 Testes:
349 1953 493 2020 dominus
524 1955 664 2019 Marinus
697 1955 736 2019 de
768 1955 965 2034 cornuallie,
998 1956 1141 2022 dominus
1174 1955 1369 2038 Seraphinus

142 2057 310 2140 Grupsich.

559 2259 675 2300 dxxxv.
700 2258 821 2301 nncrsm
846 2259 979 2314 commta,

165 2354 222 2406 qua
241 2338 371 2392 statuitur
389 2337 455 2392 ordo
472 2338 593 2408 piscandi
611 2339 645 2392 ad
663 2337 805 2393 euitandas
824 2337 995 2394 confusiones
1013 2345 1041 2393 et
1059 2339 1156 2394 damna
1174 2340 1358 2398 datiariornm.

190 2461 253 2526 Die
274 2465 340 2526 xxi.
364 2460 467 2546 Jacnij,
491 2461 627 2547 MDctp‘.

193 2585 379 2667 Magnificus
402 2591 435 2650 et
465 2605 636 2667 generosus
659 2587 803 2652 dominus
832 2599 950 2666 comes,
974 2587 1087 2652 sedens
1118 2588 1176 2652 sub
1205 2588 1289 2668 logia
1318 2607 1383 2654 ma·

145 2694 246 2768 rinae,
271 2691 388 2757 auditis
419 2691 560 2773 plurimis
584 2689 770 2774 differentijs
799 2693 882 2755 inter
912 2691 1086 2773 piscatores
1116 2693 1155 2758 de
1179 2693 1287 2760 ordine
1318 2695 1383 2776 pis-

145 2797 239 2863 candi
263 2805 296 2862 et
319 2796 517 2862 considerato
541 2796 664 2879 dmnno,
689 2797 773 2878 quod
796 2801 859 2860 tam
882 2797 959 2878 ipsis
981 2797 1199 2878 piscatoribus
1217 2816 1310 2878 qnam
1327 2799 1383 2862 da-

144 2905 251 2985 tiarijs
274 2907 308 2966 et
330 2901 402 2983 alijs
424 2900 531 2965 multis
554 2907 703 2966 causatur
726 2921 763 2966 ex
787 2901 903 2966 talibus
927 2919 1036 2968 eorum
1052 2901 1248 2984 differentijs
1272 2902 1385 2969 habita

49 3017 52 3036 ¹
145 3025 245 3088 super
274 3005 334 3071 hoc
361 3005 468 3072 debita
495 3005 725 3087 informatione,
756 3012 789 3070 et
819 3007 988 3071 admonitis
1018 3006 1096 3089 ipsis
1118 3007 1272 3088 capitibus
1302 3014 1384 3073 trac-

146 3116 262 3191 tarum‚
287 3109 341 3190 qui
364 3129 472 3176 omnes
495 3110 538 3175 ibi
562 3115 747 3191 praesentes
771 3110 811 3174 ad
835 3107 1022 3196 audiendam
1053 3111 1135 3176 hanc
1157 3131 1245 3176 suam
1269 3110 1383 3178 diffini·

146 3216 248 3281 tiuam
284 3215 471 3280 sententiam
502 3221 534 3280 et
563 3214 710 3280 iudiciale
740 3215 901 3280 decretum
933 3222 1161 3294 conuenerant,
1193 3216 1383 3298 terminarit,

146 3327 186 3386 ut
207 3321 239 3384 in
262 3319 403 3386 futurum
427 3327 573 3387 seruetur
601 3321 651 3386 hic
674 3321 751 3386 ordo
783 3321 939 3402 piscandi:
964 3321 1074 3402 utqui
1104 3321 1224 3403 primus
1247 3340 1316 3386 cum
1338 3321 1385 3386 lu-

147 3427 262 3492 minari
286 3443 343 3491 suo
365 3425 524 3492 inuenerit
555 3427 658 3508 pisces
681 3430 715 3491 et
737 3425 921 3490 conduxerit
951 3425 1037 3506 ipsos
1060 3426 1093 3488 in
1115 3445 1172 3491 sua
1195 3431 1296 3511 posta,
1320 3432 1385 3492 sta-

147 3532 206 3597 tim
230 3531 347 3597 debeat
368 3541 484 3597 uocare
514 3531 689 3613 piscatores
718 3549 794 3596 suae
822 3535 952 3608 tractae,
977 3529 1030 3612 qui
1053 3529 1190 3596 debeant
1211 3531 1257 3596 ire
1279 3535 1312 3596 et
1333 3551 1385 3595 ex-

146 3637 279 3702 tendere
302 3655 392 3702 suam
415 3639 548 3700 tractam
570 3641 603 3701 et
625 3653 716 3700 nemo
740 3633 836 3700 audet
858 3653 914 3699 eos
936 3633 1000 3700 ullo
1023 3633 1115 3700 modo
1139 3635 1302 3718 impedire,
1327 3639 1383 3700 aut

148 3743 266 3808 ducere
296 3741 376 3807 alios
407 3741 508 3822 pisces
538 3739 580 3805 ad
610 3739 725 3805 dictam
757 3744 897 3820 postam,
929 3757 1093 3820 quousque
1124 3740 1215 3821 primi
1244 3739 1289 3804 illi
1320 3759 1384 3806 non

146 3847 303 3912 traxerint
337 3851 437 3911 totam
462 3863 550 3910 suem
581 3851 715 3910 tractem
747 3849 780 3910 et
809 3843 994 3925 collegerint
1024 3845 1126 3926 pisces
1150 3849 1276 3925 captos,
1301 3845 1384 3926 quod

146 3959 255 4018 tamen
278 3969 348 4016 curn
373 3951 458 4016 omni
480 3951 683 4017 festinatione
704 3947 810 4014 facere
832 3949 988 4026 debeant;
1013 3954 1046 4014 et
1068 3949 1119 4014 hic
1141 3949 1218 4014 ordo
1242 3954 1386 4014 seruetur

148 4057 247 4122 etiam
278 4056 310 4119 in
333 4055 458 4140 ceteris,
482 4057 535 4138 qui
566 4054 676 4120 eodem
708 4053 818 4120 ordine
846 4054 986 4120 debeant
1011 4054 1186 4119 conducere
1216 4053 1318 4135 pisces
1342 4051 1382 4116 ad

148 4159 294 4227 eamdem
317 4165 448 4242 postem,
473 4165 509 4225 ut
530 4159 649 4226 scilicet
678 4159 765 4242 prins
796 4159 958 4224 inueniant
980 4164 1013 4222 et
1035 4159 1150 4223 ducent
1172 4159 1204 4222 in
1234 4163 1325 4239 posta
1348 4161 1381 4222 et

146 4283 240 4331 nemo
273 4264 389 4330 audeat
415 4282 471 4329 eos
506 4263 673 4345 impedire,
709 4264 767 4329 snb
803 4281 906 4344 poena
939 4262 1105 4344 unicuique
1145 4260 1382 4326 contrafacienti

146 4369 366 4452 iperperorum
399 4370 495 4434 trium
528 4367 855 4434 inremissionabiliter
889 4367 1115 4449 exigendarum
1145 4371 1179 4432 et
1202 4365 1385 4431 diuidendo·

146 4493 220 4540 rum
241 4480 333 4556 parte
356 4475 483 4540 dimidia
505 4475 588 4539 inter
610 4479 825 4539 accusatorem
841 4479 873 4538 et
889 4471 1144 4537 communitatem
1167 4477 1201 4535 et
1223 4469 1386 4536 reficiendi

148 4579 309 4658 damnum,
333 4579 418 4660 quod
440 4577 551 4644 fecerit
574 4578 671 4660 priori
694 4577 852 4659 piscatori,
876 4575 930 4656 qui
953 4575 1122 4657 impeditus
1145 4574 1248 4640 fuerit.

194 4683 323 4751 Testes:
359 4683 503 4750 dominus
534 4683 689 4749 Antonius
722 4681 892 4766 Bernardi‚
927 4681 1071 4746 dominus
1102 4679 1248 4746 Andreas
1283 4675 1385 4744 (lana-

147 4790 262 4856 uellus.
