3396 5402
370 419 429 482 100

364 625 434 690 lans
456 629 601 691 teneatur
624 623 699 688 dare
722 621 836 706 pignus
859 624 891 688 in
915 619 1096 702 Commune,
1119 627 1184 688 tam
1207 639 1264 704 pro
1286 639 1400 706 poena,
1424 639 1523 704 quam
1541 639 1599 703 pro

331 755 337 767 ·
365 731 512 812 expensis
534 727 658 812 fiendis,
689 728 720 792 in
742 728 886 794 manibus
917 728 1079 810 oamerarij
1104 726 1291 808 Communis,
1326 731 1499 808 antequam
1523 726 1603 791 aoni-

363 835 431 916 piat
453 835 625 916 scripturas
647 832 687 897 de
710 832 904 917 cancellaria,
928 849 1011 912 quae
1032 833 1164 916 pignora
1186 833 1316 914 recipiat
1338 851 1413 914 pars
1433 829 1599 913 appellata

365 957 422 1022 pro
445 939 600 1005 solutione
634 943 747 1002 suaet
769 937 864 1002 etiam
896 955 952 1018 pro
986 937 1142 1002 solutione
1172 936 1362 1003 Communia.
1396 935 1467 1001 Neo
1500 935 1600 1018 possit

365 1045 478 1126 aliquis
501 1043 673 1126 procedere
692 1047 802 1108 eontra
822 1042 965 1126 regimen
985 1043 1016 1106 in
1033 1044 1139 1124 aliqua
1154 1043 1376 1125 appellatione.
1400 1037 1596 1107 Confirmata

364 1169 421 1231 per
444 1149 484 1214 lx.
509 1149 644 1214 ballotas
667 1147 718 1212 die
741 1169 769 1213 x.
793 1147 987 1214 Decembris,

547 1381 613 1424 onn.
638 1383 743 1426 oxxrr.
766 1382 886 1424 nonnum
908 1357 1152 1425 sonmnrrnnnum
1173 1380 1271 1423 nonna
1292 1379 1415 1422 num,

406 1515 444 1582 In
468 1514 585 1581 Christi
622 1517 762 1596 nomine,
796 1513 905 1581 Amen.
941 1513 1030 1580 Anno
1054 1513 1239 1582 Natiuitatis
1270 1515 1412 1581 eiusdem
1443 1511 1600 1593 Mooooxij.

364 1621 539 1686 Indictione
569 1641 617 1686 xv.
642 1621 692 1687 die
714 1639 782 1685 xxv.
805 1621 921 1686 mensis
954 1619 1097 1704 Augusti.
1131 1620 1168 1685 In
1191 1621 1283 1703 pleno
1311 1625 1344 1685 et
1365 1617 1509 1702 generali
1530 1633 1601 1682 oon-

365 1727 435 1792 silio
460 1727 597 1792 oirdtatis
628 1723 667 1796 etl
689 1725 809 1792 insulae
843 1725 1012 1805 Curzulae,
1046 1727 1078 1790 in
1107 1743 1169 1807 quo
1205 1723 1334 1791 fuerunt
1367 1723 1536 1805 consiliarij
1558 1721 1601 1803 lij.

364 1850 473 1899 eorum
495 1832 620 1898 nemine
643 1831 853 1916 discordante,
877 1835 1003 1914 oaptum
1026 1828 1095 1910 fuit,
1119 1829 1203 1911 quod
1226 1829 1339 1895 amodo
1362 1829 1393 1893 in
1410 1835 1508 1894 antea
1522 1845 1597 1891 rna·

365 1954 510 2020 quaeque
533 1936 591 2001 dos
613 1937 752 2003 mulieris
788 1935 904 2002 debeat
925 1955 983 2018 per
1005 1935 1247 2000 instrumentum
1282 1935 1378 2000 soribi
1400 1931 1485 1999 inira
1507 1949 1601 1996 vnum

366 2060 482 2106 annum
505 2047 597 2122 posst
619 2041 809 2123 completum
832 2041 1073 2118 matrimonium,
1103 2041 1196 2106 aliter
1220 2039 1330 2122 elapso
1352 2040 1487 2106 termino
1512 2038 1602 2102 anius

366 2147 450 2230 anni,
474 2146 580 2228 aliqua
602 2144 784 2212 testificatio
807 2164 869 2211 non
891 2147 1005 2227 valeat,
1040 2145 1100 2211 nisi
1123 2151 1254 2225 tantum,
1290 2149 1442 2225 quantum
1465 2143 1603 2209 voluerit

365 2252 426 2336 ille,
452 2257 561 2318 oontra
583 2269 677 2333 quem
699 2251 798 2318 exiret
821 2250 1010 2317 testificatio.
1044 2249 1087 2315 Et
1108 2251 1135 2314 si
1157 2251 1229 2329 ille,
1265 2251 1319 2331 qui
1342 2249 1440 2315 debet
1463 2249 1601 2314 scribere

366 2357 467 2436 dotes,
490 2373 553 2421 non
576 2356 673 2422 vellet
688 2357 826 2422 scribere
842 2357 874 2420 in
889 2373 1014 2439 annum,
1039 2355 1143 2421 soluat
1158 2354 1323 2422 Communi
1338 2355 1465 2420 nomine
1479 2370 1601 2436 poenae

365 2479 536 2544 yperperos
559 2461 819 2545 vigintiquinque.

452 2694 519 2742 ona.
543 2695 636 2738 cxxv.
665 2693 839 2736 mnaomum
862 2693 1027 2736 mannum
1049 2695 1088 2736 nn
1111 2693 1282 2736 osannam
1304 2683 1516 2734 nmnnnonuur

864 2800 960 2840 mann
982 2799 1103 2841 nmmum

285 3017 286 3022 Ἰ
407 2933 488 3001 Item
511 2935 544 2998 in
567 2934 680 3000 eodem
710 2934 839 3000 consilio
863 2939 987 3016 captum
1010 2933 1084 3013 fuit,
1119 2934 1204 3015 quod
1232 2931 1446 3015 unusquisque
1478 2931 1599 2998 habens

365 3046 476 3121 petere
507 3039 670 3104 introitum
705 3045 770 3104 tam
803 3043 977 3119 terrarum,
1013 3057 1106 3121 quam
1140 3039 1302 3106 vinearum
1325 3057 1345 3103 a
1368 3036 1601 3104 laboratoribus

365 3145 441 3229 suis,
464 3149 554 3226 petat
575 3143 658 3209 infra
680 3163 795 3209 annum
813 3163 917 3222 vnum,
942 3144 1034 3209 aliter
1049 3143 1157 3225 elapso
1173 3163 1255 3210 anno
1271 3142 1350 3208 nihil
1365 3149 1477 3225 petere
1491 3143 1600 3224 possit

365 3249 491 3331 Siquis
514 3268 591 3316 vero
614 3250 791 3328 laboraret,
826 3249 877 3314 vel
899 3248 1058 3314 laborauit
1091 3255 1209 3330 terras,
1242 3247 1293 3314 vel
1316 3249 1424 3313 vineas
1458 3247 1599 3325 alienius,

365 3359 512 3420 teneatur
533 3372 647 3421 vocare
669 3360 836 3436 patronum
859 3353 900 3418 ad
923 3372 1036 3437 arram,
1068 3371 1125 3418 seu
1147 3354 1188 3420 ad
1210 3351 1361 3430 chariam,
1385 3371 1489 3434 poena
1510 3370 1601 3434 yper·

366 3477 513 3542 perorum
537 3460 676 3542 quinque
699 3458 957 3541 applicandorum
978 3477 1035 3540 pro
1058 3457 1228 3524 medietate
1252 3457 1427 3536 Communi,
1457 3457 1521 3522 alia
1541 3457 1600 3538 ipsi

364 3569 508 3651 patrono,
533 3565 559 3631 si
581 3565 796 3642 accusauerit3
819 3569 851 3630 et
873 3563 913 3629 de
936 3563 1101 3630 rooatione
1123 3561 1230 3629 valeat
1250 3581 1330 3628 unus
1352 3561 1453 3628 testis

417 3797 483 3842 GAP.
507 3798 613 3841 OXXVI.
638 3796 906 3840 nnnnnmmoaunt
928 3795 1022 3839 RATIO
1042 3795 1201 3838 rotomum
1222 3795 1321 3838 mana
1335 3795 1412 3839 TBES
1427 3795 1559 3839 mam.

409 3933 490 3999 item
511 3933 544 3998 in
566 3933 676 3999 eodem
709 3933 837 3998 oonsilio
871 3937 997 4014 captum
1020 3930 1096 4010 luit,
1128 3932 1212 4013 quod
1234 3929 1450 4013 rnusquisqne
1479 3930 1602 3996 habens

365 4056 485 4120 ponere
505 4038 659 4103 rationem
675 4055 746 4102 oum
762 4037 961 4120 tabernarijs,
985 4041 1084 4118 ponat
1099 4035 1182 4101 infra
1196 4054 1320 4104 menses
1335 4042 1411 4117 tres,
1431 4043 1602 4118 postquam

365 4143 470 4208 vinum
493 4143 653 4208 venditum
676 4143 753 4221 erit3
781 4143 871 4208 aliter
894 4142 1094 4207 tabernarius
1117 4160 1179 4205 non
1202 4147 1348 4207 teneatur
1370 4141 1412 4206 ad
1434 4141 1601 4218 rationem,

449 4481 515 4524 oin.
541 4481 659 4524 cxmn.
683 4480 785 4522 POENA
808 4479 1000 4522 snnnmmmn
1024 4479 1084 4531 Quo
1107 4479 1149 4520 AI)
1173 4478 1324 4530 QUARTUH
1345 4477 1525 4520 REUOOA'I'A.

409 4617 490 4682 Item
514 4621 638 4697 captum
661 4614 736 4694 luit,
772 4615 856 4696 quod
880 4615 985 4696 aliqua
1007 4614 1164 4680 sententia
1186 4612 1291 4679 fienda
1312 4611 1519 4696 infuturum,
1542 4631 1605 4680 non

364 4722 466 4803 possit
487 4721 630 4802 accipere
652 4739 787 4802 poenam
809 4721 922 4801 quarti,
946 4721 1006 4785 nisi
1030 4737 1184 4801 expensas
1206 4719 1356 4805 integras

1679 4089 1682 4246 l

364 4267 423 4316 neo
445 4249 485 4314 ad
508 4247 704 4324 solutionem,
729 4247 789 4311 nisi
808 4247 955 4312 habuerit
971 4247 1222 4327 instrumentum,
1246 4247 1297 4312 vel
1311 4251 1412 4312 testes
1428 4245 1470 4312 de
1485 4246 1602 4312 debito.
1680 4289 1682 4338 1

1679 4389 1682 4434 l

1680 4435 1682 4468 r
