3396 5402
271 403 312 464 72

270 607 425 672 castricus
449 606 553 672 soluat
575 605 683 671 soldos
706 609 773 670 tres
796 623 853 688 pro
876 622 937 670 uno
961 622 1087 686 quoqne
1110 603 1231 686 eapite,
1265 601 1510 672 animationem

268 709 386 777 bouino
407 715 441 774 et
463 709 551 791 porci
575 709 702 774 soluant
731 727 861 790 grossos
883 713 950 774 tres
973 727 1032 790 pro
1056 726 1117 774 vno
1148 725 1274 789 quoque
1296 705 1417 791 capite,
1450 723 1511 788 que

270 813 392 880 solutio
416 814 458 879 sit
480 817 514 878 et
536 816 742 878 conuertetur
763 811 866 892 modo,
891 812 1112 878 ordinamento
1134 817 1169 878 et
1191 810 1299 878 debito
1314 809 1347 879 in
1362 799 1512 876 smariuin

270 915 388 982 domini
411 917 543 982 comitis.
578 913 660 981 Item
683 914 836 993 similiter,
873 914 957 996 quod
981 915 1105 982 dacium
1128 914 1287 998 lapidum,
1321 911 1407 978 facta
1430 911 1512 978 solu·

269 1020 360 1086 cione
383 1018 576 1098 animalium,
600 1023 635 1083 vt
658 1018 836 1088 ordinatum
860 1024 919 1102 est,
942 1018 1103 1084 uendatur
1118 1018 1159 1083 ad
1174 1016 1335 1100 publicum
1351 1017 1514 1084 incentum

268 1128 302 1190 et
324 1123 406 1190 tales
437 1121 558 1204 denorij
590 1125 794 1188 reuertentur
821 1123 854 1186 in
885 1122 1033 1188 salarium
1065 1121 1243 1204 predictum
1266 1125 1300 1188 et
1322 1138 1386 1186 non
1418 1118 1514 1188 aliud.

269 1226 351 1292 Item
373 1225 468 1292 simili
490 1224 584 1292 modo
608 1225 727 1290 utilitas
750 1225 889 1292 omnium
912 1226 1080 1292 scoliorum
1096 1229 1302 1292 conuertatur
1316 1223 1349 1290 in
1365 1221 1516 1292 salarium

269 1329 384 1413 ipsum,
408 1335 442 1397 et
465 1329 610 1395 similiter
632 1327 778 1394 incantus
801 1329 888 1395 bladi
911 1335 944 1396 et
966 1330 1031 1394 uini
1055 1329 1238 1396 communis.

271 1541 353 1585 der.
377 1541 470 1585 obvu-
502 1539 609 1592 Quot>
632 1539 859 1584 ventuosus
890 1541 1097 1640 ΟΟῙῙΗΗῘΝΙΒ
1127 1541 1308 1587 sonum
1335 1541 1516 1584 nmmum!

823 1627 942 1670 SUUM.

312 1741 351 1806 ln
374 1741 468 1824 pleno
492 1745 526 1807 et
547 1741 689 1824 generali
713 1741 844 1808 consilio
861 1741 998 1808 ciuitatis
1014 1747 1047 1808 et
1062 1742 1164 1810 insule
1180 1741 1316 1825 Curcule
1336 1741 1516 1808 coadunato

270 1845 304 1910 in
326 1846 461 1912 ecclesia
483 1845 620 1910 omnium
644 1843 832 1912 Sanctorum
855 1845 961 1912 Moccc
983 1847 1086 1930 xxviij.
1108 1845 1285 1913 indictione
1303 1846 1355 1930 vij.
1372 1845 1424 1912 die
1440 1845 1516 1930 viiij.

272 1948 390 2015 mensis
412 1947 565 2026 lanuarii
589 1949 696 2029 posita
724 1947 785 2015 fuit
807 1968 881 2031 pars
904 1956 939 2018 et
961 1955 1055 2031 capta
1076 1969 1134 2032 per
1157 1969 1283 2035 omnes,
1309 1969 1371 2018 vna
1393 1955 1517 2018 tanturm

275 2052 396 2118 ballota
419 2051 628 2132 discrepante.
654 2050 746 2130 Quod
775 2053 936 2120 debitores
960 2071 1071 2119 omnes
1094 2053 1267 2118 communis
1291 2053 1399 2120 statim
1422 2052 1518 2120 etde

272 2153 358 2220 facto
382 2154 595 2235 personaliter
617 2159 772 2238 cogantur
794 2174 853 2239 per
868 2156 1035 2224 ductores²
1053 2161 1087 2223 et
1102 2161 1189 2222 stent
1204 2153 1352 2222 oontinati
1367 2157 1517 2224 mandato

273 2257 436 2340 regiminis
459 2257 492 2322 in
515 2257 622 2340 aliquo
645 2257 716 2325 loco
739 2260 933 2342 deputando,
957 2260 1041 2328 vnde
1062 2278 1126 2326 non
1149 2260 1310 2338 recedant,
1345 2260 1448 2327 donec
1468 2259 1517 2324 in·

275 2368 367 2443 tegre
389 2361 578 2446 persoluant
599 2367 702 2428 totum
737 2363 823 2444 quod
856 2369 1007 2431 tenentur
1041 2365 1126 2429 dicto
1148 2363 1305 2428 communi
1327 2367 1362 2428 ot
1384 2364 1411 2428 si
1433 2360 1518 2428 inira

274 2465 446 2532 terminum
469 2471 540 2533 octo
563 2465 686 2531 diorum
708 2465 857 2532 conliuati
879 2486 942 2534 non
964 2467 1185 2551 persoluerint,
1208 2467 1294 2548 quod
1309 2484 1419 2533 eorum
1433 2467 1520 2532 bona

273 2567 454 2654 uendantur
476 2569 518 2635 ad
540 2569 700 2650 publicum
723 2569 900 2650 incantum3
931 2572 1009 2654 ipsis
1031 2577 1137 2637 tamen
1160 2571 1357 2637 debitoribus
1380 2569 1421 2638 de
1444 2586 1518 2635 oon-

274 2669 350 2738 finio
373 2689 437 2737 non
458 2671 699 2751 recedentibus,
732 2673 934 2742 nibilominus
966 2693 1066 2756 usque
1089 2693 1151 2756 quo
1183 2673 1400 2740 communitati
1422 2673 1521 2739 luerit

274 2773 399 2856 integre
433 2773 639 2842 satisfactum.
674 2773 719 2840 Et
740 2777 772 2841 in
797 2795 882 2858 casu,
909 2777 941 2844 in
965 2797 1027 2868 quo
1050 2776 1219 2845 confinium
1253 2777 1410 2862 fregerint
1430 2795 1520 2844 rece-

276 2877 399 2957 dentes,
423 2877 508 2960 quod
532 2877 640 2943 statim
663 2885 866 2946 carcerentur
888 2886 922 2948 et
943 2901 1005 2948 non
1029 2887 1151 2966 exeant,
1183 2884 1284 2950 donec
1303 2879 1520 2948 communitati

276 2978 474 3046 sabsiaciant
495 2979 704 3063 integraliter.
1438 2999 1444 3006 ·

319 3082 407 3166 Lege
429 3089 502 3151 acta
525 3085 726 3152 diuersorum
761 3089 949 3172 regiminum
973 3089 1013 3156 de
1035 3107 1119 3173 pena
1153 3079 1337 3172 pecuniaria
1369 3087 1521 3172 imposita

277 3187 477 3256 debitoribus
511 3185 677 3255 confidatis
700 3191 732 3256 in
755 3191 842 3274 logia
864 3197 899 3258 vt
920 3192 1060 3264 debeant
1093 3193 1225 3262 obedire
1254 3193 1414 3260 mandatis
1435 3195 1520 3275 regi·

277 3292 372 3359 minis
393 3297 428 3359 et
449 3292 545 3359 ciuus
568 3311 678 3361 eorum
702 3294 811 3362 debita
832 3297 967 3363 soluere.

726 3433 838 3501 Finis
860 3435 964 3502 Laus
987 3435 1075 3503 Deo.

327 3589 443 3652 ¹Deest
458 3591 487 3650 in
503 3590 585 3653 cod.
603 3592 685 3666 (lap.

326 3672 415 3741 'Ed
438 3678 533 3738 Ven:
554 3677 846 3755 „pro'dobitoribus“.
