3398 5354
342 462 404 526 176

336 665 482 732 custodia
510 665 595 747 logie
619 664 660 728 ad
692 662 932 730 custodiendum
963 663 1079 730 dictam
1107 613 1300 744 uersuram}
1330 681 1462 746 quomm
1488 683 1561 734 uuus

337 769 457 835 stetin
481 767 625 834 Seraudu
647 767 757 833 maiori
781 773 815 833 et
837 767 917 833 alius
940 768 982 833 ad
1005 774 1100 851 caput
1119 770 1213 849 uince
1228 768 1431 848 Macomelqi;
1453 771 1504 849 qui
1517 769 1565 836 de

335 873 433 940 beant
451 889 601 937 accusare
618 877 652 936 et
667 870 856 938 denuntiare
870 873 988 938 rectori
1004 891 1112 939 omnes
1127 873 1303 938 incidentes
1319 891 1377 937 seu
1393 873 1563 954 portantes¹

335 995 374 1043 ex
396 976 467 1058 ipsa
490 975 634 1042 Seranda
655 975 749 1060 ligna,
773 975 826 1041 uel
849 974 979 1042 frondes
1003 981 1037 1044 et
1059 976 1154 1042 etiam
1177 983 1347 1059 pascentes
1370 976 1403 1041 iu
1434 976 1502 1059 ipsa
1528 977 1563 1044 ab

334 1081 470 1147 ecclesia
502 1080 604 1146 sancti
627 1078 790 1161 dumtasij
816 1097 915 1162 supra
947 1079 1125 1162 incipiendo
1154 1100 1173 1146 a
1199 1079 1283 1147 festo
1313 1079 1416 1145 sancti
1447 1080 1563 1163 Georgii

335 1202 436 1267 usque
458 1185 500 1250 ad
522 1183 726 1250 natiuitatem
750 1184 878 1250 domini.
913 1185 958 1249 Et
980 1191 1085 1252 rector
1109 1185 1193 1266 dicte
1216 1185 1356 1251 ciuitatis
1378 1189 1521 1250 teneatur
1535 1184 1566 1250 in

336 1290 421 1357 omni
444 1288 528 1356 festo
551 1288 650 1355 sancti
674 1287 804 1371 Georglj
827 1286 936 1355 iecere
957 1289 1084 1356 bandiri
1106 1289 1253 1372 predicta
1270 1289 1397 1370 publice
1412 1289 1445 1352 in
1458 1287 1564 1369 platea
1685 1277 1687 1346 l

376 1394 420 1460 Et
450 1393 478 1458 si
508 1392 583 1458 dicti
614 1392 774 1474 capitanei
804 1392 906 1475 logiq²
936 1409 1000 1459 uon
1030 1394 1192 1460 mitterent
1223 1393 1324 1458 dictos
1356 1392 1503 1458 custodes
1529 1391 1565 1456 ad
1685 1423 1687 1454 l

335 1498 451 1564 dictam
476 1495 652 1563 custodiam
676 1495 862 1582 laciendum,
887 1502 943 1563 aut
964 1497 991 1564 si
1012 1497 1087 1562 dicti
1103 1497 1251 1563 custodes
1268 1513 1333 1560 non
1350 1495 1566 1561 denuntiarent
1686 1517 1687 1552 ς

334 1601 386 1668 uel
417 1605 606 1668 accusarent
629 1599 815 1684 incidentes,
847 1606 1012 1682 portantes
1036 1619 1093 1667 seu
1114 1604 1293 1683 pascentes,
1316 1599 1422 1666 soluat
1444 1598 1567 1681 quilibet

334 1723 444 1773 eorum
466 1722 524 1788 pro
541 1705 647 1770 banno
662 1704 726 1769 xl·
746 1705 863 1771 soldos.
886 1705 930 1769 Et
946 1705 1130 1788 incidentes,
1155 1708 1321 1787 portantes
1337 1721 1395 1770 seu
1409 1707 1566 1784 pascentes

332 1827 391 1893 pro
413 1808 556 1893 qualibet
577 1809 647 1874 uice
670 1808 787 1875 dictam
810 1826 927 1891 penam
951 1810 1077 1876 soluere
1099 1815 1279 1875 teneantur.

375 1913 529 1981 Volumus
552 1913 657 1998 etiam,
688 1913 773 1993 quod
804 1913 947 1994 quelibet
976 1931 1122 1995 persona,
1154 1931 1217 1994 quq
1248 1911 1419 1978 inuenerit
1440 1910 1566 1987 uincam,
1686 1919 1687 1924 ’

334 2025 439 2086 ortum
469 2018 521 2084 uel
552 2017 734 2083 nardinum³
764 2035 822 2100 pro
853 2017 986 2085 damno⁴
1016 2018 1132 2104 aliquo,
1165 2017 1219 2084 uel
1247 2016 1334 2085 unco
1364 2013 1508 2082 faciendo
1538 2017 1568 2078 et

283 2113 292 2126 “
333 2128 446 2204 captus
468 2121 511 2186 ibi
534 2119 641 2200 luerit,
673 2120 726 2188 uel
750 2122 924 2196 conuictus,
957 2122 1063 2188 soluat
1085 2139 1143 2204 pro
1165 2122 1272 2188 banno
1303 2120 1445 2202 quinque
1468 2119 1568 2191 libres,

333 2227 422 2292 cuius
445 2226 601 2292 medietas
624 2225 666 2291 sit
688 2227 872 2308 communis,
903 2225 968 2292 alia
991 2226 1157 2292 damnum⁶
1179 2225 1276 2308 passi.
1304 2225 1349 2290 Et
1370 2222 1569 2290 nibilominus

331 2335 478 2397 teneatur
500 2330 666 2396 dumnum⁰
681 2329 852 2397 emendare
869 2331 1043 2396 secundum
1059 2331 1297 2398 extimationem
1313 2329 1471 2395 dictorum
1494 2326 1569 2391 duo-

331 2453 402 2500 rum
424 2434 576 2500 uirorum.

373 2537 418 2603 ut
448 2539 477 2604 si
500 2537 541 2604 de
571 2541 665 2604 nocte
694 2539 840 2620 predicta
869 2539 1036 2606 commissa
1056 2538 1198 2619 luerint·
1221 2537 1371 2621 puniatur
1400 2537 1434 2602 in
1463 2537 1571 2602 decem

329 2643 420 2710 libris
443 2647 477 2709 et
499 2643 526 2708 si
549 2661 612 2708 uon
634 2641 792 2724 habuerit
816 2643 901 2710 unde
922 2643 1036 2724 soluat,
1059 2641 1230 2726 fustigetur
1252 2661 1313 2725 per
1334 2642 1506 2707 ciuitatem.

375 2747 419 2812 Et
441 2746 482 2812 de
503 2745 656 2828 predictis
679 2747 862 2814 excessibus
884 2747 1065 2829 potestatis
1078 2747 1209 2814 arbitrio
1232 2744 1393 2829 puniatur,
1424 2745 1568 2826 inspecta

331 2849 512 2918 conditione
535 2867 673 2932 personq
696 2856 730 2916 et
752 2851 906 2932 qualitate
928 2851 1015 2926 iacti,
1039 2871 1076 2918 eo
1093 2869 1219 2933 semper
1234 2849 1335 2930 salue,
1359 2848 1486 2930 quodsi
1502 2846 1570 2928 quis

330 2954 506 3020 ammiserit
529 2953 669 3035 aliquem
692 2955 828 3021 bestiam
851 2961 886 3020 et
908 2975 1003 3021 ceusu
1025 2954 1243 3021 reinueniendi
1266 2953 1366 3036 ipsam
1389 2949 1569 3018 bestiamsi

328 3057 497 3124 intrauerit
525 3057 558 3122 iu
588 3057 723 3141 niueam,
755 3065 860 3125 ortum
884 3059 937 3125 uel
959 3059 1140 3125 cardinum⁷
1163 3059 1305 3138 alicuius,
1332 3043 1417 3140 ipse'
1432 3073 1491 3137 pro
1513 3052 1572 3119 tuli
1685 3097 1687 3132 2

331 3179 389 3230 suo
412 3161 545 3228 introitu
567 3181 631 3228 non
654 3163 822 3245 puniatur;
857 3163 955 3230 saluis
986 3163 1057 3246 alijs
1086 3163 1179 3246 penis
1213 3161 1366 3245 predictis
1397 3160 1437 3226 de
1459 3159 1571 3242 bestijs

330 3265 523 3331 intrantibus
547 3265 580 3330 in
603 3266 724 3332 alienas
740 3265 969 3348 possessiones,
993 3284 1056 3346 quq
1071 3283 1156 3348 pene
1171 3284 1229 3348 pru
1245 3263 1378 3332 dumno⁸
1394 3263 1570 3329 bestiarum

329 3368 469 3449 ualeant,
492 3375 590 3452 prout
612 3371 758 3452 superius
782 3376 856 3436 suut
878 3388 1041 3453 expresse.

332 3635 400 3680 oar.
431 3635 495 3681 xon
530 3635 614 3689 ouon
636 3635 759 3680 nunnus
790 3633 914 3678 amaneu
941 3634 1137 3678 ommunruu
1166 3635 1228 3678 nnn
1255 3622 1442 3678 recumbunt
1470 3629 1573 3676 sunan

666 3721 781 3766 nonum
802 3723 864 3767 uun
886 3721 1058 3766 umanum
1080 3722 1235 3766 maurus.

372 3839 456 3906 Item
478 3843 634 3905 stotrrtnm
659 3845 694 3906 et
716 3838 896 3906 ordinatum
919 3845 979 3922 est,
1011 3839 1096 3921 quod
1118 3840 1224 3906 nullus
1245 3838 1366 3906 habeat
1388 3837 1440 3904 uel
1462 3839 1573 3903 teneat

329 3943 516 4009 uiridarium
538 3943 590 4008 uel
613 3943 742 4024 aliquod
765 3943 870 4008 aliud⁹
891 3945 1020 4026 liguum,
1045 3943 1101 4010 uel
1123 3949 1307 4026 protensum
1330 3961 1429 4025 supra
1444 3939 1572 4008 domum

325 4046 380 4113 uel
403 4046 532 4128 supra¹⁰
555 4052 716 4113 terrenum
739 4047 881 4113 alicuius.
905 4047 998 4113 Etsi
1021 4049 1075 4114 ille
1097 4049 1187 4115 cuius
1209 4055 1258 4116 est
1283 4050 1405 4128 domus,
1428 4046 1483 4112 uel
1506 4051 1573 4111 ter-

327 4169 448 4231 renum,
480 4169 578 4232 super
609 4169 672 4233 quo
703 4157 752 4218 est
782 4151 901 4217 dictum
925 4151 1118 4237 uiridarium,
1149 4153 1269 4236 lignum
1298 4153 1351 4219 uel
1374 4156 1568 4234 protensum,

324 4253 421 4322 luerit
435 4255 665 4337 protestatus1²
679 4255 736 4338 illi,
753 4256 807 4337 qui
823 4255 920 4322 habet
935 4255 987 4321 uel
1001 4261 1092 4323 tenet
1106 4256 1224 4322 dictum
1236 4257 1430 4339 uiridarium,
1443 4258 1571 4339 lignum·

374 4463 385 4499 ¹
419 4484 489 4542 „seu
518 4465 688 4542 portantes“
724 4465 807 4527 deest
836 4483 886 4542 ep.
919 4466 1030 4543 Ljub.
1108 4463 1121 4502 ⁹
1150 4469 1242 4529 Deest
1270 4469 1365 4532 ibid.
1446 4467 1457 4506 ³
1487 4469 1571 4532 (lod.

327 4552 433 4614 acad.
455 4553 497 4612 B:
523 4547 737 4628 „niardinum“.
801 4550 940 4614 ‘ibide
959 4555 1135 4630 „dampno“.
1200 4553 1344 4618 ⁶ibid:
1364 4551 1569 4634 „dampnum‘·

333 4636 345 4674 ⁰
379 4639 472 4700 ibid.
503 4656 529 4697 e.
560 4657 599 4700 m.
711 4637 857 4700 libid:
884 4636 1087 4721 „nardinum“.
1193 4637 1206 4674 ⁸
1237 4642 1349 4704 ibid:
1395 4636 1567 4722 „dampuo‘·

331 4720 344 4758 ⁹
365 4724 457 4784 Deest
478 4742 527 4802 up.
550 4725 576 4784 L
582 4725 662 4802 jub.
733 4722 762 4758 ¹⁰
783 4727 875 4785 Deest
897 4725 990 4786 ibid.
1062 4723 1089 4759 ¹¹
1112 4727 1225 4789 ibid:
1252 4729 1481 4807 „protestatur“.
