3376 5392
1301 443 1360 505 143

162 649 200 714 ln
225 667 358 732 quorum
381 652 517 716 omnium
539 647 634 716 fidem
657 653 691 714 et
712 647 903 716 euidentiam
925 647 1096 732 pleniorem
1117 646 1359 730 pressuspriui·

119 754 240 838 legium
262 752 331 821 lieri
353 755 501 822 iussimus
524 758 556 821 et
578 759 688 820 nostra
709 754 797 820 bulla
819 753 967 836 plumbea
988 752 1146 834 pendente
1169 752 1290 818 muniri.

164 859 239 926 Dat.
262 861 294 924 in
318 865 427 925 nostro
452 859 554 924 ducali
584 857 703 940 palatio
728 857 778 924 dis
801 858 851 941 xij.
876 857 993 924 mensis
1024 854 1229 937 Septembris,
1253 855 1355 921 Indic-

117 961 208 1030 tione
231 963 292 1030 riv.
316 963 468 1030 Mccccxx.

523 1177 569 1218 111.
594 1176 727 1219 mucuns
749 1175 879 1219 nocuum
901 1163 949 1230 11⁵,

152 1256 189 1310 in
207 1271 274 1324 quo
290 1254 329 1311 de
347 1255 523 1312 electione
541 1263 574 1310 et
592 1254 868 1312 confirmatione
887 1253 1027 1310 comitis
1046 1251 1086 1309 ad
1104 1253 1187 1308 duos
1205 1267 1321 1306 annos.

137 1357 141 1364 ¹
165 1379 353 1448 Franciecuo
377 1379 516 1464 Fuscum,
540 1379 601 1444 Dei
617 1383 724 1464 pratia
747 1380 812 1446 duc
841 1378 1038 1444 Venellorum
1061 1385 1114 1443 cto.

164 1503 270 1570 Nobili
293 1509 327 1570 et
348 1503 482 1586 sepienti
506 1504 572 1569 viro
595 1503 787 1586 Hieronymo
804 1502 942 1585 Georgio
959 1502 998 1568 de
1014 1520 1070 1567 suo
1087 1501 1234 1567 mandato
1250 1501 1355 1567 conniti

118 1615 155 1675 et
178 1608 325 1674 discretis
347 1628 384 1675 ac
406 1609 615 1690 prudentibus
638 1608 713 1674 viris
735 1607 890 1672 iudicibus
906 1612 938 1674 et
955 1605 1084 1673 consilio
1108 1605 1253 1685 Ourzule,
1282 1604 1359 1672 fide·

116 1711 204 1778 libus
227 1713 350 1778 dilectis
372 1713 506 1778 salutem
530 1719 563 1778 et
584 1713 718 1796 gretiam
744 1730 842 1777 suum.

165 1817 319 1884 volentes
341 1817 482 1884 honestis
505 1817 763 1899 requisitionibus
787 1816 902 1882 uestris
929 1815 1183 1881 condescendere
1205 1816 1354 1898 gratiose,

118 1923 258 1988 nobilem
280 1928 314 1987 et
337 1923 509 2004 sapientem
544 1922 643 1987 virum
666 1921 871 2003 Psngratium
901 1921 1038 2002 Georglo
1062 1938 1117 2000 per
1139 1939 1197 1984 uos
1221 1920 1354 1985 electum

117 2033 153 2092 et
176 2045 234 2109 per
256 2033 381 2092 uestras
405 2027 526 2092 litteras
548 2026 581 2090 in
603 2025 686 2091 illius
709 2031 818 2090 nostre
841 2031 925 2091 terre
953 2025 1097 2089 comitem
1114 2023 1307 2107 supplicibus
1323 2029 1356 2091 et

116 2131 280 2214 instantiis
304 2131 504 2214 requisitum,
540 2131 650 2196 harum
674 2137 784 2196 tenore
807 2130 839 2194 in
863 2130 1005 2195 eiusdem
1034 2135 1119 2193 terre
1143 2127 1279 2194 Curzule
1303 2147 1355 2196 co·

116 2237 237 2314 mitem,
262 2236 309 2300 nti
332 2235 558 2317 postulauistis,
582 2255 639 2317 per
662 2235 740 2301 duos
763 2253 861 2299 annos
877 2235 964 2298 iuxta
979 2233 1216 2316 priuilegiorum
1233 2240 1354 2299 nestro·

116 2359 191 2406 rum
213 2345 355 2407 tenorem
379 2349 413 2405 et
436 2341 661 2406 continentiam
684 2336 912 2405 confirmamus.

164 2445 281 2510 Datum
305 2445 469 2510 innostro
493 2445 596 2510 ducali
619 2445 736 2527 palutio
760 2444 811 2511 die
833 2444 1007 2529 penultima
1028 2441 1154 2526 Aprilis,
1178 2442 1354 2510 indictione

115 2551 232 2632 prima.
256 2549 443 2633 Mecccrxiij.

328 2655 510 2737 Atergo:

164 2760 272 2826 Nobili
294 2767 328 2826 et
348 2761 484 2843 sepienti
510 2762 575 2824 viro
605 2759 797 2841 Hieronymo
829 2758 975 2840 Georgio,
1000 2759 1115 2840 comiti,
1149 2753 1185 2825 so
1209 2759 1354 2826 diseretis
1418 2748 1421 2760 ¹

119 2871 156 2932 et
178 2865 389 2947 pmdentibus
414 2867 488 2932 viris
511 2865 666 2931 iudicibus
690 2871 723 2930 et
745 2863 875 2930 consilio
898 2861 1041 2929 Curzule.

517 3080 560 3120 1v.
583 3079 717 3122 omnm
739 3078 871 3122 nocuus
893 3079 954 3134 111„

116 3161 149 3214 in
169 3175 224 3228 qua
243 3159 276 3214 de
293 3160 406 3214 introitu
420 3160 534 3215 rectoris
546 3158 575 3214 in
587 3159 717 3228 regimine
723 3179 732 3224 ,·
750 3165 865 3229 negatur
882 3157 1017 3213 absolutio
1030 3172 1046 3211 a
1057 3157 1207 3227 trigesim03
1226 3158 1356 3214 statuitur

117 3247 193 3316 qnod
210 3247 386 3316 Ragusiensis
405 3262 458 3300 non
475 3248 563 3316 possit
581 3245 638 3302 dari
657 3247 684 3301 in
703 3248 878 3316 episcopum
897 3251 1012 3314 negatur
1029 3245 1161 3300 extractio
1174 3243 1352 3314 lignaminum

115 3335 151 3390 de
173 3334 310 3404 Venetijs3
331 3333 495 3402 conceditur,
515 3334 586 3403 qnod
603 3335 719 3390 barchae
732 3341 827 3389 cuntes
840 3333 874 3388 sd
886 3340 993 3402 portum
1006 3331 1142 3402 Dirrachij
1157 3333 1225 3386 nihil
1238 3333 1355 3390 uoluunt.

164 3459 353 3525 Franciscus
376 3457 515 3542 Fossam,
539 3457 601 3522 Dei
620 3460 727 3542 pratia
750 3458 816 3522 duco
837 3457 1035 3522 Venellorum
1058 3465 1110 3521 etc.

163 3583 330 3649 Nobilibus
354 3587 387 3649 et
409 3583 604 3664 sapientibus
620 3581 695 3646 siris
711 3583 880 3665 l‘angrstio
897 3581 1046 3663 Georgio,
1070 3580 1109 3644 de
1126 3597 1182 3644 suo
1200 3579 1349 3648 mandato

117 3689 226 3756 comiti
257 3685 391 3752 Curznle
418 3691 450 3751 et
470 3687 704 3752 successoribus
735 3686 799 3751 suis
830 3684 977 3750 fidelibus
1007 3683 1130 3750 dilectis
1163 3683 1353 3750 salutemet

115 3794 297 3861 dilectionis
320 3790 476 3856 affectum.

163 3899 226 3964 Per
249 3898 402 3962 discretos
424 3893 536 3960 fideles
559 3896 642 3961 viros
671 3894 825 3960 (liriacum
857 3895 944 3960 Luxe
967 3899 1000 3958 et
1022 3894 1215 3976 Rspheelem
1241 3891 1353 3973 Angeli

116 4001 363 4070 ambasciatores
392 3999 494 4066 fidelis
523 4000 755 4066 communitatis
783 4005 890 4066 nostre
919 3997 1054 4066 Curzule
1073 4005 1180 4064 nostro
1208 3997 1345 4064 dominio

119 4111 271 4191 porrecto
293 4107 420 4172 luerunt
442 4104 524 4170 infra
546 4105 664 4186 scripto
686 4105 840 4188 capitula,
872 4104 985 4186 quibus
1015 4103 1233 4186 respondimus
1257 4105 1353 4184 prout

117 4211 255 4278 inferius
278 4213 474 4289 continetur3
498 4217 530 4278 et
552 4209 671 4292 primo:

166 4315 216 4380 Ad
240 4317 374 4397 primum
406 4315 593 4397 capitulum,
624 4333 681 4400 per
711 4313 796 4395 quod
824 4313 1058 4395 supplicarunt,
1088 4319 1124 4378 ut
1151 4311 1354 4394 dignoremur

100 4414 107 4430 '
121 4421 278 4503 replicare
302 4421 423 4486 litteras
447 4421 526 4486 alios
548 4439 605 4502 per
627 4439 685 4486 nos
701 4419 834 4501 scriptas
850 4417 992 4500 regimini
1008 4417 1137 4500 Rugusij
1154 4435 1251 4498 super
1268 4407 1372 4482 lecto'

118 4525 232 4604 debiti,
255 4544 313 4607 per·
335 4524 420 4606 quod
443 4523 524 4606 petit
546 4524 751 4591 communitos
774 4524 912 4606 ngusij,
938 4523 1021 4604 quod
1044 4522 1103 4604 ipsi
1120 4519 1230 4586 fideles
1252 4520 1353 4585 nostri

120 4633 270 4695 assemnt
292 4629 341 4694 bis
361 4629 570 4710 persoluisse;
595 4628 823 4710 respondimus,
848 4627 930 4708 quod
955 4631 1122 4708 postquem
1145 4625 1205 4708 ipsi
1220 4623 1353 4706 Rugusii

123 4734 201 4799 nihil
224 4733 271 4800 eis
294 4733 411 4816 dicunt,
436 4733 527 4799 nobis
557 4751 619 4798 non
652 4732 779 4797 uidetur·
808 4731 848 4798 de
877 4731 995 4812 aliquid
1018 4730 1202 4809 ser·ibendo;
1234 4747 1307 4795 nem
1328 4729 1356 4796 si
