3396 5402
382 378 425 456 st

383 615 451 668 w.
474 617 526 661 ⁰11.
549 617 591 660 DE
612 613 793 661 summus
815 611 877 658 iio!
900 611 1110 677 sossmmims,
1126 611 1187 658 m
1209 609 1346 657 ml!
1368 609 1428 655 m
1450 607 1612 655 10111111.

425 752 506 818 Item
527 753 561 818 in
583 751 668 817 dicto
701 750 832 817 consilio
865 755 992 833 mum
1014 747 1092 832 fuit,
1125 747 1210 832 quod
1238 747 1354 831 aliquis
1385 745 1522 815 forensis
1553 765 1614 814 uon

382 855 531 923 babitans
551 858 583 922 in
606 853 747 922 Ourania
768 873 831 922 non
853 855 956 940 possit
977 872 1036 920 nec
1056 854 1163 920 valeat
1191 853 1298 935 aliquo
1319 852 1414 920 modo
1442 851 1616 935 possidere,

383 979 443 1027 nec
465 959 684 1028 vsuimctuare
706 959 842 1042 aliquam
864 959 1099 1043 possessionem
1121 960 1153 1025 in
1177 956 1328 1039 Gerania,
1362 962 1527 1024 trausacto
1555 975 1615 1024 vno

383 1083 465 1132 anno
488 1065 629 1148 proximo
652 1063 776 1148 iutnr03
798 1069 832 1131 et
854 1065 1067 1147 unusquisque
1088 1062 1210 1130 habens
1231 1062 1467 1146 possessionem
1488 1062 1524 1127 in
1539 1058 1615 1126 Cur·

385 1169 457 1236 zuia
478 1169 594 1238 babeat
623 1168 793 1236 terminum
823 1169 914 1234 nnius
936 1169 1010 1234 anni
1032 1167 1075 1234 ad
1097 1167 1324 1234 extrahendum
1353 1167 1503 1235 decanos
1533 1183 1615 1246 snos

385 1274 479 1341 aliter
500 1273 608 1356 elapso
630 1272 715 1339 dicto
738 1274 895 1354 termino,¹
917 1273 1006 1356 ipsae
1028 1273 1246 1356 possessiones
1280 1270 1450 1338 deueniant
1472 1271 1506 1336 in
1528 1268 1616 1336 Com

385 1395 489 1463 mune,
511 1377 571 1444 uisi
593 1386 700 1444 essent
722 1379 920 1461 possesiones
942 1377 1080 1458 dotales;
1103 1377 1196 1444 aliter
1218 1377 1302 1459 quod
1325 1375 1438 1443 amodo
1465 1376 1498 1440 in
1525 1379 1617 1440 autea

386 1481 467 1548 ullus
489 1500 551 1548 nou
573 1480 719 1548 babitans
740 1482 772 1547 in
795 1480 935 1548 Gurzule
962 1482 1064 1564 possit
1086 1499 1191 1550 emere
1225 1480 1364 1564 aliquam
1384 1480 1616 1564 possessionem

387 1587 419 1652 in
443 1585 589 1653 Ourania.

590 1799 657 1844 dn.
682 1801 747 1845 0111.
782 1801 1031 1845 esocuuauoutm
1054 1801 1222 1846 Momm
1244 1801 1278 1843 nt
1299 1799 1411 1845 VIIMS.

428 1916 510 1984 item
532 1924 659 2001 captum
682 1915 743 1984 iuit
763 1935 821 2000 per
842 1917 978 1984 balistas
1001 1918 1229 2002 quinquaginta
1250 1935 1375 2000 nouem,
1406 1933 1470 1982 uon
1493 1919 1617 1982 contra

269 2011 271 2018 ’
384 2021 538 2088 riantibus
569 2021 677 2088 decem
698 2021 731 2087 in
754 2021 959 2106 corbanum,
993 2023 1078 2105 quod
1109 2021 1274 2090 consilium
1302 2021 1397 2088 iaciat
1427 2020 1515 2087 omni
1537 2035 1617 2085 auno

386 2144 480 2192 vnum
515 2129 752 2209 procuratorem
781 2143 839 2208 pro
868 2125 1011 2194 Ecclesia
1040 2144 1099 2209 pro
1126 2126 1267 2210 qualibet
1297 2124 1373 2192 viiia
1401 2129 1435 2193 et
1464 2124 1617 2192 Dominus

384 2229 561 2314 Episcopus
593 2228 706 2308 alium;
739 2229 824 2312 quod
854 2230 1017 2297 consilium
1046 2229 1122 2298 iecit
1159 2251 1222 2298 ser.
1254 2230 1411 2298 loannem
1440 2229 1531 2313 Junij
1562 2243 1616 2310 pro

384 2334 543 2506 ffignti
560 2352 647 2401 anuo
669 2338 703 2402 et
724 2333 877 2402 Dominus
899 2335 1077 2418 Episcopus
1110 2335 1232 2403 iecerat
1263 2335 1351 2418 prius
1387 2353 1450 2401 ser.
1473 2332 1616 2399 Marcum

612 2619 679 2664 oss-
702 2621 763 2665 ΟΠ.
786 2621 947 2666 'fflifflm
968 2622 1089 2665 mmm
1111 2623 1170 2666 PER
1192 2623 1381 2675 nummum.

428 2753 466 2818 ln
488 2751 605 2820 Christi
628 2753 753 2821 nomine
775 2752 884 2840 Amen,
907 2755 996 2822 Anno
1019 2755 1092 2822 Nat
1116 2757 1256 2825 eiusdem
1277 2755 1445 2824 lliilesimo
1469 2752 1616 2838 quadrin-

385 2857 559 2944 gentesimo
582 2857 702 2925 decimo
727 2865 850 2941 quarto,
873 2859 1048 2929 Indictione
1070 2863 1205 2944 septima
1228 2867 1262 2928 et
1283 2861 1334 2928 die
1357 2859 1479 2928 decimo
1501 2863 1616 2926 octauo

384 2961 582 3030 Nouembris.
613 2963 650 3028 in
671 2962 766 3045 pleno
789 2969 823 3030 et
840 2964 980 3048 generali
1013 2965 1143 3032 consilio
1174 2967 1311 3033 ciuitatis
1333 2971 1366 3032 et
1386 2964 1511 3032 insulse
1539 2961 1616 3028 Cur·

384 3066 476 3134 sulse
498 3067 530 3132 iu
552 3066 697 3135 Ecclesia
719 3065 824 3134 Sancti
848 3067 947 3135 Marci
969 3071 1156 3154 coadunato,
1191 3071 1233 3138 ad
1255 3089 1365 3138 sonum
1388 3087 1562 3153 campanae
1584 3072 1617 3132 rt

383 3171 480 3240 moris
495 3177 554 3250 est,
577 3171 609 3236 in
632 3188 694 3252 quo
709 3171 838 3238 fuerunt
852 3173 1019 3256 consiiiarij
1040 3174 1091 3254 ix,
1115 3180 1241 3258 captum
1257 3173 1325 3252 iuit,
1342 3179 1479 3256 quotuor
1493 3177 1528 3240 in
1544 3191 1616 3239 con·

382 3275 523 3361 manum,
547 3276 630 3359 quod
653 3276 785 3358 quilibet
807 3278 907 3360 possit
929 3297 1042 3358 emere,
1066 3279 1215 3362 colligere
1238 3285 1272 3347 et
1292 3285 1402 3346 tenere
1418 3279 1615 3363 trigesimum

383 3399 447 3448 non
469 3381 682 3448 contrariante
703 3381 936 3464 reformatione,
959 3401 1041 3465 quse
1063 3385 1095 3450 in
1117 3385 1308 3450 contrarium
1330 3383 1534 3468 loquebatur,
1566 3401 1616 3450 ex·

386 3483 487 3566 ceptis
510 3483 666 3568 religiosis
689 3485 851 3567 quibusuis
873 3487 1001 3568 ordinis,
1025 3487 1074 3554 vei
1097 3487 1292 3556 conditionis.
1351 3572 1355 3580 Ι

767 3719 833 3763 oar.
857 3721 905 3764 ov.
933 3719 1105 3774 mousson
1126 3698 1235 3764 οιιιιο.ι

428 3848 510 3916 ltem
532 3850 564 3916 iu
585 3851 696 3918 eodem
729 3853 859 3920 consilio
882 3859 1007 3937 captum
1029 3854 1103 3935 brit,
1138 3855 1223 3938 quod
1245 3855 1358 3922 amodo
1381 3855 1414 3920 in
1436 3861 1535 3922 antea
1555 3872 1616 3922 uon

386 3951 443 4021 fiat
465 3954 571 4037 aliqua
593 3955 686 4022 stima
708 3975 804 4040 super
825 3958 942 4041 loquis,
976 3965 1072 4043 prout
1097 3959 1191 4027 modo
1214 3966 1265 4027 est
1285 3959 1460 4046 inceptum,
1496 3960 1555 4028 scd
1577 3960 1616 4025 sit

385 4059 515 4141 antiqua
531 4060 735 4128 consuetudo.
752 4061 868 4128 Vanam
883 4063 977 4131 liceat
991 4063 1166 4147 unicuique,
1184 4064 1233 4160 vei
1248 4065 1488 4148 quibuscunque
1498 4063 1614 4132 buben·

385 4160 471 4230 tibus
493 4161 614 4245 ioquas,
637 4163 784 4234 claudere
805 4167 915 4249 ioquas
932 4186 1005 4235 suas
1020 4187 1040 4234 a
1055 4169 1107 4236 die
1121 4170 1222 4251 primo
1238 4169 1356 4236 mensis
1370 4168 1447 4251 idaij
1464 4173 1499 4235 ot
1512 4168 1615 4235 nullm

386 4264 504 4332 audeat
525 4267 687 4337 recludere
710 4287 812 4352 poena
832 4290 1060 4356 yperperorum
1075 4293 1104 4339 v.
1128 4273 1171 4339 Et
1186 4291 1295 4341 ornnes
1318 4274 1443 4356 patroni
1457 4272 1614 4340 fossarum

386 4370 510 4452 possint
531 4375 607 4438 tunc
628 4373 765 4441 vendere
787 4394 900 4459 aquam
929 4395 1038 4456 suam,
1072 4384 1169 4462 prout
1196 4379 1309 4446 meiius
1341 4379 1481 4462 poterint
1503 4385 1537 4446 et
1557 4378 1614 4445 boo

388 4491 486 4556 nsque
509 4474 551 4541 ad
572 4475 686 4545 iestum
709 4477 815 4546 Sancti
837 4481 1010 4550 Michaelis.
1033 4503 1081 4549 xx.
1105 4483 1291 4552 contrariae.

436 4665 447 4706 ¹
462 4669 508 4733 Oi.
524 4671 652 4748 superius
668 4691 745 4750 cap.
761 4675 872 4738 lxxx.
889 4677 1050 4740 Reform.
