3388 5356
740 690 779 758 Z.

138 834 266 916 aopinos
288 853 380 910 prope
395 853 475 894 mare
491 853 575 894 nemo
591 835 708 894 incidat
754 851 783 908 p.
802 837 851 895 90.

139 920 268 1002 supinos
286 939 371 980 nemo
387 923 547 982 comburat.
593 938 623 995 p.
642 924 691 981 90.

138 1003 311 1088 Zernooini,
336 1007 522 1082 Smoquiuani
538 1011 567 1065 et
582 1007 747 1064 Blattenses
763 1005 878 1080 gravati
894 1023 913 1064 a
927 1010 1040 1064 rectore
1053 1007 1183 1066 solvendi
1196 1026 1250 1082 pro
1264 1013 1386 1070 terrenis

221 1112 279 1152 non
301 1093 452 1152 seminatis
475 1093 649 1165 trumentum
672 1109 726 1171 pro
748 1109 852 1166 avena,
876 1093 923 1150 vel
940 1091 1058 1169 hordeo,
1084 1101 1273 1168 compareant
1289 1114 1385 1154 coram

221 1180 339 1239 sindicis
355 1185 385 1238 et
400 1180 524 1254 probato
540 1179 719 1255 gravamine,
737 1177 872 1254 reserent,
889 1177 968 1252 qviod
984 1177 1071 1236 siverit
1083 1179 1216 1253 justitiae
1234 1187 1263 1238 ct
1278 1181 1384 1240 rationi

221 1266 413 1326 consentiens.
458 1283 488 1340 p.
506 1268 578 1326 223.
597 1281 641 1338 sq.
1009 1333 1014 1344 ,

138 1347 302 1412 Zcmooc'oi
324 1352 401 1411 sicut
423 1354 452 1410 ct
467 1353 641 1427 Blattsnses,
658 1349 844 1424 Smoquizani
867 1353 897 1408 et
919 1366 1018 1408 omnes
1039 1351 1126 1410 villici
1143 1357 1266 1425 possunt
1282 1371 1385 1412 renun-

221 1438 297 1497 ciare
312 1442 429 1496 terrena
445 1437 599 1496 comitatus
614 1440 744 1510 tempore
761 1434 951 1494 determinato
967 1437 995 1494 in
1012 1440 1131 1496 statuto.
1178 1455 1197 1512 p
1226 1441 1297 1496 224.

139 1519 305 1587 Zernooim'
327 1528 357 1582 et
371 1524 422 1582 alii
437 1523 526 1582 villici
541 1523 621 1598 pices
637 1540 706 1581 suas
722 1522 830 1582 ducant
844 1521 882 1582 ad
898 1522 1045 1580 civitatem
1061 1528 1089 1579 et
1105 1523 1144 1582 ibi
1161 1529 1315 1598 expectato
1328 1542 1385 1584 uno

221 1611 275 1688 dic,
297 1611 323 1668 si
339 1610 445 1682 aliquis
460 1609 566 1668 civium
582 1609 670 1667 vellet
685 1625 789 1684 emere,
813 1609 934 1686 possint,
959 1609 1037 1682 quod
1056 1615 1194 1686 remanet,
1213 1611 1339 1669 vendere
1355 1611 1384 1669 in

223 1700 302 1754 statu
317 1696 430 1755 Veneto
446 1700 475 1754 et
490 1713 548 1754 non
563 1695 643 1772 alibi,
660 1695 715 1752 sub
731 1711 825 1768 poena
841 1695 1011 1752 ducatorum
1028 1713 1052 1754 o.
1070 1698 1098 1752 ot
1114 1695 1265 1754 amittendi
1281 1697 1384 1770 picem.

221 1784 339 1858 pute.
356 1799 401 1856 sq.
1185 1788 1191 1800 '

139 1861 305 1930 Zcmotioi
327 1871 356 1926 ct
371 1867 422 1926 alii
438 1867 527 1926 villici
542 1866 695 1926 emendent
710 1866 817 1925 damna
835 1853 912 1924 safita
927 1865 955 1924 in
972 1867 1106 1926 domibus
1118 1867 1307 1942 peculiarium
1321 1885 1384 1942 per·

223 1971 359 2016 sonarum
374 1955 403 2012 in
420 1954 480 2012 suis
496 1953 641 2013 casalibus
654 1953 844 2012 existentibus
856 1953 895 2010 ad
907 1969 1037 2012 normam
1048 1953 1148 2012 statuti
1161 1957 1190 2010 et
1201 1954 1239 2011 ad
1251 1956 1383 2026 regulam

222 2040 385 2118 inventarii,
402 2039 481 2114 quod
496 2041 619 2114 quisquc
636 2043 749 2096 tenetur
764 2041 933 2113 presentare
949 2037 977 2096 in
993 2039 1127 2098 manibus
1138 2039 1248 2114 judicis
1259 2041 1306 2097 vel
1322 2041 1384 2114 pla-

222 2125 301 2187 uarii.
347 2145 376 2201 p.
395 2127 467 2184 225.

140 2207 305 2272 Zernooini
326 2217 356 2270 ct
375 2212 424 2270 alii
440 2212 529 2271 villici
545 2213 574 2269 iu
590 2211 718 2270 collectis
734 2229 791 2268 non
808 2216 967 2286 graventur
983 2210 1081 2270 insciis
1100 2227 1199 2269 eorum
1215 2215 1383 2285 procurato-

222 2299 311 2376 ribus,
328 2303 361 2356 ut
376 2299 414 2356 ab
436 2298 508 2372 ipsis
527 2297 626 2357 habita
643 2296 845 2356 informatione
860 2297 989 2356 veridica
1010 2297 1106 2356 subire
1122 2296 1245 2370 quisque
1262 2301 1384 2373 cogatur

222 2402 303 2462 onus,
321 2385 399 2458 quod
415 2384 501 2443 fucrit
513 2384 635 2460 justum.
681 2401 710 2458 p.
728 2386 798 2444 225.
816 2399 849 2456 sq
