<?xml version="1.0" encoding="UTF-8"?>
<!DOCTYPE html PUBLIC "-//W3C//DTD XHTML 1.0 Transitional//EN"
    "http://www.w3.org/TR/xhtml1/DTD/xhtml1-transitional.dtd">
<html xmlns="http://www.w3.org/1999/xhtml" xml:lang="en" lang="en">
 <head>
  <title>
</title>
<meta http-equiv="Content-Type" content="text/html;charset=utf-8" />
  <meta name='ocr-system' content='tesseract 3.04.00' />
  <meta name='ocr-capabilities' content='ocr_page ocr_carea ocr_par ocr_line ocrx_word'/>
</head>
<body>
  <div class='ocr_page' id='page_1' title='image "./statutaetlegesc00yuggoog_0475.png"; bbox 0 0 3416 5350; ppageno 0'>
   <div class='ocr_carea' id='block_1_1' title="bbox 1338 487 1398 550">
    <p class='ocr_par' dir='ltr' id='par_1_1' title="bbox 1338 487 1398 550">
     <span class='ocr_line' id='line_1_1' title="bbox 1338 487 1398 550; baseline 0.033 -2"><span class='ocrx_word' id='word_1_1' title='bbox 1338 487 1398 550; x_wconf 77' lang='lat'>115</span> 
     </span>
    </p>
   </div>
   <div class='ocr_carea' id='block_1_2' title="bbox 149 684 1399 1288">
    <p class='ocr_par' dir='ltr' id='par_1_2' title="bbox 149 684 1397 872">
     <span class='ocr_line' id='line_1_2' title="bbox 149 684 1397 776; baseline 0.002 -24"><span class='ocrx_word' id='word_1_2' title='bbox 149 686 285 776; x_wconf 75' lang='lat' dir='ltr'>msbunt</span> <span class='ocrx_word' id='word_1_3' title='bbox 315 692 425 768; x_wconf 79' lang='lat' dir='ltr'>partes</span> <span class='ocrx_word' id='word_1_4' title='bbox 455 686 514 752; x_wconf 82' lang='lat' dir='ltr'>cd¹</span> <span class='ocrx_word' id='word_1_5' title='bbox 543 684 756 752; x_wconf 88' lang='lat' dir='ltr'>confitendum</span> <span class='ocrx_word' id='word_1_6' title='bbox 787 687 969 762; x_wconf 78' lang='lat' dir='ltr'>ueritatem,</span> <span class='ocrx_word' id='word_1_7' title='bbox 1007 693 1072 752; x_wconf 82' lang='lat' dir='ltr'>tem</span> <span class='ocrx_word' id='word_1_8' title='bbox 1102 688 1134 752; x_wconf 93' lang='lat' dir='ltr'>in</span> <span class='ocrx_word' id='word_1_9' title='bbox 1167 705 1265 754; x_wconf 83' lang='lat' dir='ltr'>causa</span> <span class='ocrx_word' id='word_1_10' title='bbox 1298 689 1397 775; x_wconf 87' lang='lat' dir='ltr'>ciuili,</span> 
     </span>
     <span class='ocr_line' id='line_1_3' title="bbox 152 789 609 872; baseline -0.002 -18"><span class='ocrx_word' id='word_1_11' title='bbox 152 807 248 872; x_wconf 80' lang='lat' dir='ltr'>quum</span> <span class='ocrx_word' id='word_1_12' title='bbox 270 789 303 854; x_wconf 94' lang='lat' dir='ltr'>in</span> <span class='ocrx_word' id='word_1_13' title='bbox 327 807 423 856; x_wconf 77' lang='lat' dir='ltr'>cause</span> <span class='ocrx_word' id='word_1_14' title='bbox 446 789 609 856; x_wconf 80' lang='lat' dir='ltr'>criminali.</span> 
     </span>
    </p>

    <p class='ocr_par' dir='ltr' id='par_1_3' title="bbox 151 893 1399 1288">
     <span class='ocr_line' id='line_1_4' title="bbox 196 893 1399 977; baseline 0.002 -19"><span class='ocrx_word' id='word_1_15' title='bbox 196 893 279 958; x_wconf 90' lang='lat' dir='ltr'>Item</span> <span class='ocrx_word' id='word_1_16' title='bbox 302 893 454 958; x_wconf 83' lang='lat' dir='ltr'>iurubunt</span> <span class='ocrx_word' id='word_1_17' title='bbox 469 893 544 958; x_wconf 88' lang='lat' dir='ltr'>dieti</span> <span class='ocrx_word' id='word_1_18' title='bbox 560 894 715 970; x_wconf 78' lang='lat' dir='ltr'>adonemi,</span> <span class='ocrx_word' id='word_1_19' title='bbox 742 893 826 975; x_wconf 93' lang='lat' dir='ltr'>quod</span> <span class='ocrx_word' id='word_1_20' title='bbox 842 894 903 977; x_wconf 89' lang='lat' dir='ltr'>ipsi</span> <span class='ocrx_word' id='word_1_21' title='bbox 918 894 1032 960; x_wconf 79' lang='lat' dir='ltr'>selsam</span> <span class='ocrx_word' id='word_1_22' title='bbox 1050 894 1272 976; x_wconf 81' lang='lat' dir='ltr'>allegationem</span> <span class='ocrx_word' id='word_1_23' title='bbox 1288 903 1399 961; x_wconf 86' lang='lat' dir='ltr'>contre</span> 
     </span>
     <span class='ocr_line' id='line_1_5' title="bbox 152 996 1399 1080; baseline 0 -16"><span class='ocrx_word' id='word_1_24' title='bbox 152 1015 263 1064; x_wconf 87' lang='lat' dir='ltr'>eorum</span> <span class='ocrx_word' id='word_1_25' title='bbox 295 996 518 1064; x_wconf 79' lang='lat' dir='ltr'>conscientiam</span> <span class='ocrx_word' id='word_1_26' title='bbox 550 1015 613 1062; x_wconf 93' lang='lat' dir='ltr'>non</span> <span class='ocrx_word' id='word_1_27' title='bbox 642 997 760 1062; x_wconf 85' lang='lat' dir='ltr'>facient</span> <span class='ocrx_word' id='word_1_28' title='bbox 781 999 813 1062; x_wconf 91' lang='lat' dir='ltr'>in</span> <span class='ocrx_word' id='word_1_29' title='bbox 836 998 1044 1080; x_wconf 84' lang='lat' dir='ltr'>prqiudicium</span> <span class='ocrx_word' id='word_1_30' title='bbox 1069 999 1223 1078; x_wconf 83' lang='lat' dir='ltr'>ueritatis,</span> <span class='ocrx_word' id='word_1_31' title='bbox 1258 1007 1292 1064; x_wconf 88' lang='lat' dir='ltr'>et</span> <span class='ocrx_word' id='word_1_32' title='bbox 1314 1001 1399 1080; x_wconf 91' lang='lat' dir='ltr'>quod</span> 
     </span>
     <span class='ocr_line' id='line_1_6' title="bbox 151 1099 1398 1184; baseline 0.002 -19"><span class='ocrx_word' id='word_1_33' title='bbox 151 1101 278 1180; x_wconf 79' lang='lat' dir='ltr'>stetim,</span> <span class='ocrx_word' id='word_1_34' title='bbox 309 1099 436 1181; x_wconf 86' lang='lat' dir='ltr'>quando</span> <span class='ocrx_word' id='word_1_35' title='bbox 467 1100 526 1182; x_wconf 90' lang='lat' dir='ltr'>ipsi</span> <span class='ocrx_word' id='word_1_36' title='bbox 550 1101 757 1183; x_wconf 73' lang='lat' dir='ltr'>cognonen-int</span> <span class='ocrx_word' id='word_1_37' title='bbox 780 1103 812 1164; x_wconf 95' lang='lat' dir='ltr'>in</span> <span class='ocrx_word' id='word_1_38' title='bbox 834 1102 990 1180; x_wconf 79' lang='lat' dir='ltr'>ueritate,</span> <span class='ocrx_word' id='word_1_39' title='bbox 1022 1103 1107 1184; x_wconf 92' lang='lat' dir='ltr'>quod</span> <span class='ocrx_word' id='word_1_40' title='bbox 1130 1102 1298 1168; x_wconf 79' lang='lat' dir='ltr'>clientulus</span> <span class='ocrx_word' id='word_1_41' title='bbox 1320 1121 1398 1168; x_wconf 89' lang='lat' dir='ltr'>suus</span> 
     </span>
     <span class='ocr_line' id='line_1_7' title="bbox 152 1203 1294 1288; baseline 0.003 -20"><span class='ocrx_word' id='word_1_42' title='bbox 152 1204 272 1270; x_wconf 81' lang='lat' dir='ltr'>hebent</span> <span class='ocrx_word' id='word_1_43' title='bbox 293 1203 407 1270; x_wconf 79' lang='lat' dir='ltr'>selsam</span> <span class='ocrx_word' id='word_1_44' title='bbox 432 1203 629 1270; x_wconf 80' lang='lat' dir='ltr'>etiniustsm</span> <span class='ocrx_word' id='word_1_45' title='bbox 654 1221 790 1282; x_wconf 78' lang='lat' dir='ltr'>causam,</span> <span class='ocrx_word' id='word_1_46' title='bbox 822 1223 892 1271; x_wconf 84' lang='lat' dir='ltr'>eam</span> <span class='ocrx_word' id='word_1_47' title='bbox 916 1205 1060 1270; x_wconf 85' lang='lat' dir='ltr'>totaliter</span> <span class='ocrx_word' id='word_1_48' title='bbox 1082 1206 1294 1288; x_wconf 80' lang='lat' dir='ltr'>derelinquet.</span> 
     </span>
    </p>
   </div>
   <div class='ocr_carea' id='block_1_3' title="bbox 193 1451 1351 1582">
    <p class='ocr_par' dir='ltr' id='par_1_4' title="bbox 193 1451 1351 1582">
     <span class='ocr_line' id='line_1_8' title="bbox 193 1451 1351 1504; baseline 0.002 -10"><span class='ocrx_word' id='word_1_49' title='bbox 193 1452 262 1495; x_wconf 76' lang='lat' dir='ltr'><strong>GAP.</strong></span> <span class='ocrx_word' id='word_1_50' title='bbox 286 1451 339 1500; x_wconf 76' lang='lat' dir='ltr'>un.</span> <span class='ocrx_word' id='word_1_51' title='bbox 375 1452 459 1504; x_wconf 78' lang='lat' dir='ltr'>Quen</span> <span class='ocrx_word' id='word_1_52' title='bbox 482 1453 604 1496; x_wconf 69' lang='lat' dir='ltr'>NULLUS</span> <span class='ocrx_word' id='word_1_53' title='bbox 626 1453 812 1498; x_wconf 75' lang='lat' dir='ltr'>Anuoonuus</span> <span class='ocrx_word' id='word_1_54' title='bbox 834 1454 897 1496; x_wconf 82' lang='lat' dir='ltr'>NON</span> <span class='ocrx_word' id='word_1_55' title='bbox 921 1453 1080 1496; x_wconf 69' lang='lat' dir='ltr'>susumus</span> <span class='ocrx_word' id='word_1_56' title='bbox 1104 1455 1351 1498; x_wconf 72' lang='lat' dir='ltr'>nnuoofflouum</span> 
     </span>
     <span class='ocr_line' id='line_1_9' title="bbox 623 1539 931 1582; baseline -0.013 0"><span class='ocrx_word' id='word_1_57' title='bbox 623 1539 746 1582; x_wconf 72' lang='lat' dir='ltr'>donnus</span> <span class='ocrx_word' id='word_1_58' title='bbox 770 1541 931 1582; x_wconf 70' lang='lat' dir='ltr'>COMMUNE.</span> 
     </span>
    </p>
   </div>
   <div class='ocr_carea' id='block_1_4' title="bbox 151 1653 1404 2358">
    <p class='ocr_par' dir='ltr' id='par_1_5' title="bbox 151 1653 1404 2152">
     <span class='ocr_line' id='line_1_10' title="bbox 197 1653 1395 1738; baseline 0.003 -20"><span class='ocrx_word' id='word_1_59' title='bbox 197 1653 281 1719; x_wconf 82' lang='lat' dir='ltr'>Item</span> <span class='ocrx_word' id='word_1_60' title='bbox 303 1659 459 1719; x_wconf 78' lang='lat' dir='ltr'>statutum</span> <span class='ocrx_word' id='word_1_61' title='bbox 481 1659 516 1720; x_wconf 85' lang='lat' dir='ltr'>et</span> <span class='ocrx_word' id='word_1_62' title='bbox 538 1655 717 1720; x_wconf 78' lang='lat' dir='ltr'>ordinatum</span> <span class='ocrx_word' id='word_1_63' title='bbox 740 1661 799 1733; x_wconf 90' lang='lat' dir='ltr'>est;</span> <span class='ocrx_word' id='word_1_64' title='bbox 824 1656 908 1736; x_wconf 92' lang='lat' dir='ltr'>quod</span> <span class='ocrx_word' id='word_1_65' title='bbox 925 1655 1028 1720; x_wconf 90' lang='lat' dir='ltr'>nullus</span> <span class='ocrx_word' id='word_1_66' title='bbox 1044 1656 1219 1721; x_wconf 81' lang='lat' dir='ltr'>aduncatus</span> <span class='ocrx_word' id='word_1_67' title='bbox 1235 1655 1395 1738; x_wconf 82' lang='lat' dir='ltr'>suscipiat,</span> 
     </span>
     <span class='ocr_line' id='line_1_11' title="bbox 152 1756 1397 1840; baseline 0.002 -18"><span class='ocrx_word' id='word_1_68' title='bbox 152 1757 204 1822; x_wconf 90' lang='lat' dir='ltr'>uel</span> <span class='ocrx_word' id='word_1_69' title='bbox 229 1756 343 1823; x_wconf 76' lang='lat' dir='ltr'>faeiot²</span> <span class='ocrx_word' id='word_1_70' title='bbox 363 1758 502 1840; x_wconf 80' lang='lat' dir='ltr'>aliquem</span> <span class='ocrx_word' id='word_1_71' title='bbox 524 1758 767 1824; x_wconf 81' lang='lat' dir='ltr'>aduocationem</span> <span class='ocrx_word' id='word_1_72' title='bbox 791 1767 901 1823; x_wconf 83' lang='lat' dir='ltr'>contra</span> <span class='ocrx_word' id='word_1_73' title='bbox 925 1778 1090 1824; x_wconf 90' lang='lat' dir='ltr'>commune</span> <span class='ocrx_word' id='word_1_74' title='bbox 1106 1757 1227 1840; x_wconf 84' lang='lat' dir='ltr'>Spalsti</span> <span class='ocrx_word' id='word_1_75' title='bbox 1244 1761 1275 1823; x_wconf 93' lang='lat' dir='ltr'>in</span> <span class='ocrx_word' id='word_1_76' title='bbox 1291 1759 1397 1840; x_wconf 82' lang='lat' dir='ltr'>eliqua</span> 
     </span>
     <span class='ocr_line' id='line_1_12' title="bbox 152 1861 1395 1946; baseline 0 -20"><span class='ocrx_word' id='word_1_77' title='bbox 152 1879 250 1927; x_wconf 83' lang='lat' dir='ltr'>causa</span> <span class='ocrx_word' id='word_1_78' title='bbox 272 1867 383 1928; x_wconf 85' lang='lat' dir='ltr'>contre</span> <span class='ocrx_word' id='word_1_79' title='bbox 415 1861 567 1928; x_wconf 88' lang='lat' dir='ltr'>honorem</span> <span class='ocrx_word' id='word_1_80' title='bbox 591 1862 818 1928; x_wconf 87' lang='lat' dir='ltr'>iurisdictionis</span> <span class='ocrx_word' id='word_1_81' title='bbox 841 1869 874 1928; x_wconf 92' lang='lat' dir='ltr'>et</span> <span class='ocrx_word' id='word_1_82' title='bbox 896 1861 1078 1928; x_wconf 82' lang='lat' dir='ltr'>libertatem</span> <span class='ocrx_word' id='word_1_83' title='bbox 1101 1863 1238 1928; x_wconf 79' lang='lat' dir='ltr'>ciuitatis</span> <span class='ocrx_word' id='word_1_84' title='bbox 1262 1861 1395 1946; x_wconf 84' lang='lat' dir='ltr'>Spelati,</span> 
     </span>
     <span class='ocr_line' id='line_1_13' title="bbox 151 1963 1404 2048; baseline 0.001 -18"><span class='ocrx_word' id='word_1_85' title='bbox 151 1965 220 2031; x_wconf 88' lang='lat' dir='ltr'>sine</span> <span class='ocrx_word' id='word_1_86' title='bbox 244 1983 395 2047; x_wconf 83' lang='lat' dir='ltr'>expresso</span> <span class='ocrx_word' id='word_1_87' title='bbox 417 1963 546 2030; x_wconf 82' lang='lat' dir='ltr'>licentis</span> <span class='ocrx_word' id='word_1_88' title='bbox 568 1967 739 2046; x_wconf 82' lang='lat' dir='ltr'>potestatis</span> <span class='ocrx_word' id='word_1_89' title='bbox 762 1966 830 2031; x_wconf 89' lang='lat' dir='ltr'>siue</span> <span class='ocrx_word' id='word_1_90' title='bbox 851 1967 985 2033; x_wconf 86' lang='lat' dir='ltr'>rectoris</span> <span class='ocrx_word' id='word_1_91' title='bbox 1009 1967 1094 2046; x_wconf 78' lang='lat' dir='ltr'>dicte</span> <span class='ocrx_word' id='word_1_92' title='bbox 1116 1967 1269 2032; x_wconf 79' lang='lat' dir='ltr'>ciuitatis:</span> <span class='ocrx_word' id='word_1_93' title='bbox 1294 1971 1327 2033; x_wconf 88' lang='lat' dir='ltr'>et</span> <span class='ocrx_word' id='word_1_94' title='bbox 1342 1967 1404 2048; x_wconf 81' lang='lat' dir='ltr'>qui·</span> 
     </span>
     <span class='ocr_line' id='line_1_14' title="bbox 152 2067 1134 2152; baseline -0.001 -17"><span class='ocrx_word' id='word_1_95' title='bbox 152 2067 386 2147; x_wconf 66' lang='lat' dir='ltr'>contremescit,</span> <span class='ocrx_word' id='word_1_96' title='bbox 410 2069 443 2134; x_wconf 93' lang='lat' dir='ltr'>in</span> <span class='ocrx_word' id='word_1_97' title='bbox 466 2086 539 2133; x_wconf 82' lang='lat' dir='ltr'>xxv</span> <span class='ocrx_word' id='word_1_98' title='bbox 562 2069 660 2134; x_wconf 83' lang='lat' dir='ltr'>libros</span> <span class='ocrx_word' id='word_1_99' title='bbox 683 2069 827 2150; x_wconf 84' lang='lat' dir='ltr'>quelibet</span> <span class='ocrx_word' id='word_1_100' title='bbox 849 2069 918 2134; x_wconf 87' lang='lat' dir='ltr'>uice</span> <span class='ocrx_word' id='word_1_101' title='bbox 942 2071 1101 2152; x_wconf 82' lang='lat' dir='ltr'>punietur.</span> <span class='ocrx_word' id='word_1_102' title='bbox 1130 2107 1134 2114; x_wconf 91' lang='lat'><em>·</em></span> 
     </span>
    </p>

    <p class='ocr_par' dir='ltr' id='par_1_6' title="bbox 151 2171 1397 2358">
     <span class='ocr_line' id='line_1_15' title="bbox 195 2171 1397 2255; baseline -0.001 -17"><span class='ocrx_word' id='word_1_103' title='bbox 195 2171 260 2238; x_wconf 89' lang='lat' dir='ltr'>Sed</span> <span class='ocrx_word' id='word_1_104' title='bbox 283 2191 341 2254; x_wconf 92' lang='lat' dir='ltr'>pro</span> <span class='ocrx_word' id='word_1_105' title='bbox 365 2190 400 2238; x_wconf 88' lang='lat' dir='ltr'>se</span> <span class='ocrx_word' id='word_1_106' title='bbox 423 2171 556 2254; x_wconf 85' lang='lat' dir='ltr'>quilibet</span> <span class='ocrx_word' id='word_1_107' title='bbox 578 2172 681 2253; x_wconf 89' lang='lat' dir='ltr'>possit</span> <span class='ocrx_word' id='word_1_108' title='bbox 704 2179 814 2254; x_wconf 87' lang='lat' dir='ltr'>petere</span> <span class='ocrx_word' id='word_1_109' title='bbox 847 2179 880 2238; x_wconf 92' lang='lat' dir='ltr'>et</span> <span class='ocrx_word' id='word_1_110' title='bbox 910 2174 1059 2255; x_wconf 87' lang='lat' dir='ltr'>prosequi</span> <span class='ocrx_word' id='word_1_111' title='bbox 1083 2180 1116 2239; x_wconf 89' lang='lat' dir='ltr'>et</span> <span class='ocrx_word' id='word_1_112' title='bbox 1145 2171 1316 2240; x_wconf 82' lang='lat' dir='ltr'>defendere</span> <span class='ocrx_word' id='word_1_113' title='bbox 1347 2173 1397 2238; x_wconf 90' lang='lat' dir='ltr'>ius</span> 
     </span>
     <span class='ocr_line' id='line_1_16' title="bbox 151 2275 1396 2358; baseline -0.001 -16"><span class='ocrx_word' id='word_1_114' title='bbox 151 2293 245 2342; x_wconf 87' lang='lat' dir='ltr'>suum</span> <span class='ocrx_word' id='word_1_115' title='bbox 269 2281 381 2342; x_wconf 82' lang='lat' dir='ltr'>contre</span> <span class='ocrx_word' id='word_1_116' title='bbox 403 2293 527 2342; x_wconf 91' lang='lat' dir='ltr'>omnem</span> <span class='ocrx_word' id='word_1_117' title='bbox 550 2275 726 2342; x_wconf 80' lang='lat' dir='ltr'>hominem⁶</span> <span class='ocrx_word' id='word_1_118' title='bbox 748 2282 782 2342; x_wconf 90' lang='lat' dir='ltr'>et</span> <span class='ocrx_word' id='word_1_119' title='bbox 805 2277 919 2342; x_wconf 86' lang='lat' dir='ltr'>eliem⁴</span> <span class='ocrx_word' id='word_1_120' title='bbox 942 2285 1053 2343; x_wconf 82' lang='lat' dir='ltr'>contra</span> <span class='ocrx_word' id='word_1_121' title='bbox 1076 2295 1240 2344; x_wconf 83' lang='lat' dir='ltr'>conrnune</span> <span class='ocrx_word' id='word_1_122' title='bbox 1263 2277 1396 2358; x_wconf 84' lang='lat' dir='ltr'>Spelsti.</span> 
     </span>
    </p>
   </div>
   <div class='ocr_carea' id='block_1_5' title="bbox 568 2523 980 2568">
    <p class='ocr_par' dir='ltr' id='par_1_7' title="bbox 568 2523 980 2568">
     <span class='ocr_line' id='line_1_17' title="bbox 568 2523 980 2568; baseline -0.01 0"><span class='ocrx_word' id='word_1_123' title='bbox 568 2523 636 2568; x_wconf 62' lang='lat'><strong>031².</strong></span> <span class='ocrx_word' id='word_1_124' title='bbox 660 2525 726 2567; x_wconf 82' lang='lat'><em>0111.</em></span> <span class='ocrx_word' id='word_1_125' title='bbox 760 2525 802 2566; x_wconf 74' lang='lat' dir='ltr'>DE</span> <span class='ocrx_word' id='word_1_126' title='bbox 824 2523 980 2568; x_wconf 69' lang='lat' dir='ltr'>nunus.</span> 
     </span>
    </p>
   </div>
   <div class='ocr_carea' id='block_1_6' title="bbox 148 2639 1395 3136">
    <p class='ocr_par' dir='ltr' id='par_1_8' title="bbox 148 2639 1395 3136">
     <span class='ocr_line' id='line_1_18' title="bbox 193 2639 1395 2723; baseline 0.002 -19"><span class='ocrx_word' id='word_1_127' title='bbox 193 2639 277 2706; x_wconf 87' lang='lat' dir='ltr'>Item</span> <span class='ocrx_word' id='word_1_128' title='bbox 308 2643 466 2707; x_wconf 83' lang='lat' dir='ltr'>statutum</span> <span class='ocrx_word' id='word_1_129' title='bbox 496 2645 530 2706; x_wconf 91' lang='lat' dir='ltr'>et</span> <span class='ocrx_word' id='word_1_130' title='bbox 560 2639 738 2705; x_wconf 80' lang='lat' dir='ltr'>ordinatum</span> <span class='ocrx_word' id='word_1_131' title='bbox 769 2645 831 2718; x_wconf 80' lang='lat' dir='ltr'>est,</span> <span class='ocrx_word' id='word_1_132' title='bbox 865 2641 950 2720; x_wconf 88' lang='lat' dir='ltr'>quod</span> <span class='ocrx_word' id='word_1_133' title='bbox 980 2641 1007 2706; x_wconf 90' lang='lat' dir='ltr'>si</span> <span class='ocrx_word' id='word_1_134' title='bbox 1037 2639 1153 2707; x_wconf 81' lang='lat' dir='ltr'>iratres</span> <span class='ocrx_word' id='word_1_135' title='bbox 1184 2641 1317 2720; x_wconf 82' lang='lat' dir='ltr'>fuerint,</span> <span class='ocrx_word' id='word_1_136' title='bbox 1341 2645 1395 2723; x_wconf 92' lang='lat' dir='ltr'>qui</span> 
     </span>
     <span class='ocr_line' id='line_1_19' title="bbox 150 2733 1394 2826; baseline 0 -17"><span class='ocrx_word' id='word_1_137' title='bbox 150 2750 261 2810; x_wconf 86' lang='lat' dir='ltr'>essent</span> <span class='ocrx_word' id='word_1_138' title='bbox 283 2733 452 2826; x_wconf 78' lang='lat' dir='ltr'>obiurij&#39;el</span> <span class='ocrx_word' id='word_1_139' title='bbox 473 2743 631 2809; x_wconf 84' lang='lat' dir='ltr'>haberent</span> <span class='ocrx_word' id='word_1_140' title='bbox 661 2743 799 2823; x_wconf 81' lang='lat' dir='ltr'>aliquam</span> <span class='ocrx_word' id='word_1_141' title='bbox 829 2745 1063 2823; x_wconf 89' lang='lat' dir='ltr'>possessionem</span> <span class='ocrx_word' id='word_1_142' title='bbox 1087 2745 1171 2810; x_wconf 91' lang='lat' dir='ltr'>inter</span> <span class='ocrx_word' id='word_1_143' title='bbox 1194 2763 1238 2824; x_wconf 88' lang='lat' dir='ltr'>se,</span> <span class='ocrx_word' id='word_1_144' title='bbox 1270 2751 1394 2826; x_wconf 86' lang='lat' dir='ltr'>purtem</span> 
     </span>
     <span class='ocr_line' id='line_1_20' title="bbox 150 2845 1393 2928; baseline 0.002 -16"><span class='ocrx_word' id='word_1_145' title='bbox 150 2847 191 2912; x_wconf 93' lang='lat' dir='ltr'>de</span> <span class='ocrx_word' id='word_1_146' title='bbox 214 2847 470 2928; x_wconf 85' lang='lat' dir='ltr'>possessionibus</span> <span class='ocrx_word' id='word_1_147' title='bbox 491 2845 635 2912; x_wconf 85' lang='lat' dir='ltr'>inditdsis</span> <span class='ocrx_word' id='word_1_148' title='bbox 657 2865 720 2912; x_wconf 91' lang='lat' dir='ltr'>non</span> <span class='ocrx_word' id='word_1_149' title='bbox 742 2846 868 2928; x_wconf 84' lang='lat' dir='ltr'>possint</span> <span class='ocrx_word' id='word_1_150' title='bbox 890 2847 1029 2913; x_wconf 89' lang='lat' dir='ltr'>uendere</span> <span class='ocrx_word' id='word_1_151' title='bbox 1051 2847 1153 2926; x_wconf 74' lang='lat' dir='ltr'>elicui,</span> <span class='ocrx_word' id='word_1_152' title='bbox 1183 2868 1241 2914; x_wconf 90' lang='lat' dir='ltr'>nec</span> <span class='ocrx_word' id='word_1_153' title='bbox 1264 2849 1393 2928; x_wconf 81' lang='lat' dir='ltr'>donare,</span> 
     </span>
     <span class='ocr_line' id='line_1_21' title="bbox 149 2949 1392 3032; baseline -0.001 -17"><span class='ocrx_word' id='word_1_154' title='bbox 149 2969 210 3016; x_wconf 86' lang='lat' dir='ltr'>nee</span> <span class='ocrx_word' id='word_1_155' title='bbox 232 2950 383 3032; x_wconf 83' lang='lat' dir='ltr'>obligare,</span> <span class='ocrx_word' id='word_1_156' title='bbox 408 2969 467 3016; x_wconf 88' lang='lat' dir='ltr'>nec</span> <span class='ocrx_word' id='word_1_157' title='bbox 488 2951 594 3032; x_wconf 84' lang='lat' dir='ltr'>aliquo</span> <span class='ocrx_word' id='word_1_158' title='bbox 613 2950 707 3017; x_wconf 94' lang='lat' dir='ltr'>modo</span> <span class='ocrx_word' id='word_1_159' title='bbox 724 2949 874 3028; x_wconf 81' lang='lat' dir='ltr'>alienare,</span> <span class='ocrx_word' id='word_1_160' title='bbox 892 2950 953 3014; x_wconf 91' lang='lat' dir='ltr'>nisi</span> <span class='ocrx_word' id='word_1_161' title='bbox 969 2969 1026 3031; x_wconf 91' lang='lat' dir='ltr'>pro</span> <span class='ocrx_word' id='word_1_162' title='bbox 1044 2951 1151 3015; x_wconf 81' lang='lat' dir='ltr'>anime</span> <span class='ocrx_word' id='word_1_163' title='bbox 1166 2970 1223 3017; x_wconf 86' lang='lat' dir='ltr'>sue</span> <span class='ocrx_word' id='word_1_164' title='bbox 1238 2951 1392 3018; x_wconf 81' lang='lat' dir='ltr'>conferre.</span> 
     </span>
     <span class='ocr_line' id='line_1_22' title="bbox 148 3051 1290 3136; baseline 0.002 -18"><span class='ocrx_word' id='word_1_165' title='bbox 148 3054 199 3120; x_wconf 89' lang='lat' dir='ltr'>De</span> <span class='ocrx_word' id='word_1_166' title='bbox 221 3053 310 3120; x_wconf 87' lang='lat' dir='ltr'>lucro</span> <span class='ocrx_word' id='word_1_167' title='bbox 333 3073 410 3122; x_wconf 89' lang='lat' dir='ltr'>uero</span> <span class='ocrx_word' id='word_1_168' title='bbox 433 3071 491 3121; x_wconf 89' lang='lat' dir='ltr'>suo</span> <span class='ocrx_word' id='word_1_169' title='bbox 514 3056 615 3136; x_wconf 89' lang='lat' dir='ltr'>possit</span> <span class='ocrx_word' id='word_1_170' title='bbox 637 3053 817 3121; x_wconf 90' lang='lat' dir='ltr'>omnimodo</span> <span class='ocrx_word' id='word_1_171' title='bbox 841 3051 947 3120; x_wconf 84' lang='lat' dir='ltr'>lucere</span> <span class='ocrx_word' id='word_1_172' title='bbox 971 3073 1060 3118; x_wconf 83' lang='lat' dir='ltr'>suam</span> <span class='ocrx_word' id='word_1_173' title='bbox 1081 3055 1290 3122; x_wconf 82' lang='lat' dir='ltr'>uoluntatem.</span> 
     </span>
    </p>
   </div>
   <div class='ocr_carea' id='block_1_7' title="bbox 428 3281 1118 3348">
    <p class='ocr_par' dir='ltr' id='par_1_9' title="bbox 428 3281 1118 3348">
     <span class='ocr_line' id='line_1_23' title="bbox 428 3281 1118 3348; baseline -0.006 -1"><span class='ocrx_word' id='word_1_174' title='bbox 428 3301 496 3347; x_wconf 76' lang='lat' dir='ltr'>use.</span> <span class='ocrx_word' id='word_1_175' title='bbox 520 3303 580 3346; x_wconf 87' lang='lat' dir='ltr'>orv.</span> <span class='ocrx_word' id='word_1_176' title='bbox 604 3303 654 3348; x_wconf 73' lang='lat' dir='ltr'>nm</span> <span class='ocrx_word' id='word_1_177' title='bbox 668 3301 920 3345; x_wconf 75' lang='lat' dir='ltr'>nossnssmntsus</span> <span class='ocrx_word' id='word_1_178' title='bbox 942 3281 1118 3345; x_wconf 81' lang='lat' dir='ltr'>mn1u1s1s⁶.</span> 
     </span>
    </p>
   </div>
   <div class='ocr_carea' id='block_1_8' title="bbox 149 3417 1397 3814">
    <p class='ocr_par' dir='ltr' id='par_1_10' title="bbox 149 3417 1397 3814">
     <span class='ocr_line' id='line_1_24' title="bbox 192 3417 1393 3500; baseline 0 -16"><span class='ocrx_word' id='word_1_179' title='bbox 192 3420 275 3485; x_wconf 87' lang='lat' dir='ltr'>Item</span> <span class='ocrx_word' id='word_1_180' title='bbox 300 3423 455 3484; x_wconf 78' lang='lat' dir='ltr'>statutum</span> <span class='ocrx_word' id='word_1_181' title='bbox 478 3425 512 3486; x_wconf 88' lang='lat' dir='ltr'>et</span> <span class='ocrx_word' id='word_1_182' title='bbox 534 3418 717 3484; x_wconf 82' lang='lat' dir='ltr'>ordinatum</span> <span class='ocrx_word' id='word_1_183' title='bbox 739 3423 798 3496; x_wconf 69' lang='lat' dir='ltr'>est</span> <span class='ocrx_word' id='word_1_184' title='bbox 824 3418 908 3500; x_wconf 91' lang='lat' dir='ltr'>quod</span> <span class='ocrx_word' id='word_1_185' title='bbox 932 3419 1120 3500; x_wconf 89' lang='lat' dir='ltr'>quicumque</span> <span class='ocrx_word' id='word_1_186' title='bbox 1151 3417 1299 3484; x_wconf 81' lang='lat' dir='ltr'>habuerit</span> <span class='ocrx_word' id='word_1_187' title='bbox 1321 3436 1393 3500; x_wconf 90' lang='lat' dir='ltr'>pus·</span> 
     </span>
     <span class='ocr_line' id='line_1_25' title="bbox 149 3521 1393 3602; baseline -0.004 -12"><span class='ocrx_word' id='word_1_188' title='bbox 149 3525 321 3602; x_wconf 84' lang='lat' dir='ltr'>sessiones,</span> <span class='ocrx_word' id='word_1_189' title='bbox 345 3524 397 3589; x_wconf 90' lang='lat' dir='ltr'>uel</span> <span class='ocrx_word' id='word_1_190' title='bbox 420 3541 541 3590; x_wconf 90' lang='lat' dir='ltr'>merces</span> <span class='ocrx_word' id='word_1_191' title='bbox 563 3523 717 3588; x_wconf 78' lang='lat' dir='ltr'>indiuisus</span> <span class='ocrx_word' id='word_1_192' title='bbox 739 3522 771 3587; x_wconf 93' lang='lat' dir='ltr'>in</span> <span class='ocrx_word' id='word_1_193' title='bbox 795 3523 961 3600; x_wconf 75' lang='lat' dir='ltr'>societate,</span> <span class='ocrx_word' id='word_1_194' title='bbox 987 3527 1020 3587; x_wconf 89' lang='lat' dir='ltr'>et</span> <span class='ocrx_word' id='word_1_195' title='bbox 1041 3521 1173 3602; x_wconf 87' lang='lat' dir='ltr'>quilibet</span> <span class='ocrx_word' id='word_1_196' title='bbox 1196 3539 1315 3601; x_wconf 89' lang='lat' dir='ltr'>eornm,</span> <span class='ocrx_word' id='word_1_197' title='bbox 1340 3523 1393 3602; x_wconf 91' lang='lat' dir='ltr'>qui</span> 
     </span>
     <span class='ocr_line' id='line_1_26' title="bbox 152 3625 1397 3710; baseline -0.003 -16"><span class='ocrx_word' id='word_1_198' title='bbox 152 3647 207 3694; x_wconf 84' lang='lat' dir='ltr'>eas</span> <span class='ocrx_word' id='word_1_199' title='bbox 228 3628 349 3693; x_wconf 77' lang='lat' dir='ltr'>bebere</span> <span class='ocrx_word' id='word_1_200' title='bbox 372 3633 405 3692; x_wconf 88' lang='lat' dir='ltr'>et</span> <span class='ocrx_word' id='word_1_201' title='bbox 427 3645 533 3694; x_wconf 89' lang='lat' dir='ltr'>emere</span> <span class='ocrx_word' id='word_1_202' title='bbox 555 3627 704 3709; x_wconf 85' lang='lat' dir='ltr'>uoluerit,</span> <span class='ocrx_word' id='word_1_203' title='bbox 728 3643 786 3707; x_wconf 88' lang='lat' dir='ltr'>pro</span> <span class='ocrx_word' id='word_1_204' title='bbox 810 3633 928 3707; x_wconf 81' lang='lat' dir='ltr'>quanto</span> <span class='ocrx_word' id='word_1_205' title='bbox 952 3625 1023 3708; x_wconf 83' lang='lat' dir='ltr'>elijs</span> <span class='ocrx_word' id='word_1_206' title='bbox 1048 3625 1142 3691; x_wconf 83' lang='lat' dir='ltr'>uerrdi</span> <span class='ocrx_word' id='word_1_207' title='bbox 1165 3631 1308 3710; x_wconf 86' lang='lat' dir='ltr'>possunt,</span> <span class='ocrx_word' id='word_1_208' title='bbox 1342 3644 1397 3690; x_wconf 89' lang='lat' dir='ltr'>ne·</span> 
     </span>
     <span class='ocr_line' id='line_1_27' title="bbox 153 3729 1257 3814; baseline -0.003 -16"><span class='ocrx_word' id='word_1_209' title='bbox 153 3737 273 3813; x_wconf 82' lang='lat' dir='ltr'>queunt</span> <span class='ocrx_word' id='word_1_210' title='bbox 295 3731 367 3814; x_wconf 86' lang='lat' dir='ltr'>alijs</span> <span class='ocrx_word' id='word_1_211' title='bbox 390 3729 541 3804; x_wconf 90' lang='lat' dir='ltr'>uendere;</span> <span class='ocrx_word' id='word_1_212' title='bbox 565 3729 625 3796; x_wconf 91' lang='lat' dir='ltr'>nisi</span> <span class='ocrx_word' id='word_1_213' title='bbox 649 3745 707 3795; x_wconf 90' lang='lat' dir='ltr'>suo</span> <span class='ocrx_word' id='word_1_214' title='bbox 731 3731 817 3796; x_wconf 88' lang='lat' dir='ltr'>socio</span> <span class='ocrx_word' id='word_1_215' title='bbox 841 3729 867 3796; x_wconf 92' lang='lat' dir='ltr'>si</span> <span class='ocrx_word' id='word_1_216' title='bbox 891 3749 946 3796; x_wconf 83' lang='lat' dir='ltr'>ees</span> <span class='ocrx_word' id='word_1_217' title='bbox 968 3729 1086 3796; x_wconf 80' lang='lat' dir='ltr'>bebere</span> <span class='ocrx_word' id='word_1_218' title='bbox 1110 3729 1257 3795; x_wconf 88' lang='lat' dir='ltr'>uoluerit.</span> 
     </span>
    </p>
   </div>
   <div class='ocr_carea' id='block_1_9' title="bbox 151 3881 360 3894">
    <p class='ocr_par' dir='ltr' id='par_1_11' title="bbox 151 3881 360 3894">
     <span class='ocr_line' id='line_1_28' title="bbox 151 3881 360 3894; baseline -0.01 -2"><span class='ocrx_word' id='word_1_219' title='bbox 151 3881 360 3894; x_wconf 61' lang='grc' dir='ltr'>...ι-ο·-</span> 
     </span>
    </p>
   </div>
   <div class='ocr_carea' id='block_1_10' title="bbox 152 3953 1393 4726">
    <p class='ocr_par' dir='ltr' id='par_1_12' title="bbox 155 3953 1391 4196">
     <span class='ocr_line' id='line_1_29' title="bbox 201 3953 1391 4040; baseline -0.004 -18"><span class='ocrx_word' id='word_1_220' title='bbox 201 3960 351 4022; x_wconf 83' lang='lat' dir='ltr'>¹Verbs:</span> <span class='ocrx_word' id='word_1_221' title='bbox 378 3953 568 4038; x_wconf 82' lang='lat' dir='ltr'>„cqlsndum“</span> <span class='ocrx_word' id='word_1_222' title='bbox 595 3975 687 4034; x_wconf 88' lang='lat' dir='ltr'>usque</span> <span class='ocrx_word' id='word_1_223' title='bbox 712 3959 751 4020; x_wconf 84' lang='lat' dir='ltr'>sd</span> <span class='ocrx_word' id='word_1_224' title='bbox 776 3955 853 4040; x_wconf 78' lang='lat' dir='ltr'>„sd“</span> <span class='ocrx_word' id='word_1_225' title='bbox 884 3959 989 4017; x_wconf 90' lang='lat' dir='ltr'>desunt</span> <span class='ocrx_word' id='word_1_226' title='bbox 1019 3963 1066 4033; x_wconf 70' lang='lat' dir='ltr'>sp.</span> <span class='ocrx_word' id='word_1_227' title='bbox 1090 3957 1198 4032; x_wconf 82' lang='lat' dir='ltr'>hjub.</span> <span class='ocrx_word' id='word_1_228' title='bbox 1271 3953 1391 4017; x_wconf 73' lang='lat' dir='ltr'>²t&#39;0d.</span> 
     </span>
     <span class='ocr_line' id='line_1_30' title="bbox 155 4039 1390 4122; baseline -0.005 -12"><span class='ocrx_word' id='word_1_229' title='bbox 155 4050 263 4110; x_wconf 73' lang='lat' dir='ltr'>seed.</span> <span class='ocrx_word' id='word_1_230' title='bbox 296 4049 340 4107; x_wconf 85' lang='lat' dir='ltr'>A.</span> <span class='ocrx_word' id='word_1_231' title='bbox 379 4039 515 4122; x_wconf 78' lang='lat' dir='ltr'>„faciet“.</span> <span class='ocrx_word' id='word_1_232' title='bbox 599 4042 610 4078; x_wconf 78' lang='lat'>³</span> <span class='ocrx_word' id='word_1_233' title='bbox 644 4047 736 4105; x_wconf 88' lang='lat' dir='ltr'>Deest</span> <span class='ocrx_word' id='word_1_234' title='bbox 768 4047 797 4104; x_wconf 93' lang='lat' dir='ltr'>in</span> <span class='ocrx_word' id='word_1_235' title='bbox 831 4045 909 4104; x_wconf 87' lang='lat' dir='ltr'>eod.</span> <span class='ocrx_word' id='word_1_236' title='bbox 945 4045 1047 4104; x_wconf 82' lang='lat' dir='ltr'>acad.</span> <span class='ocrx_word' id='word_1_237' title='bbox 1082 4044 1106 4101; x_wconf 90' lang='lat' dir='ltr'>B</span> <span class='ocrx_word' id='word_1_238' title='bbox 1140 4049 1170 4102; x_wconf 91' lang='lat' dir='ltr'>et</span> <span class='ocrx_word' id='word_1_239' title='bbox 1199 4061 1247 4118; x_wconf 83' lang='lat' dir='ltr'>cp.</span> <span class='ocrx_word' id='word_1_240' title='bbox 1279 4043 1390 4118; x_wconf 87' lang='lat' dir='ltr'>Ljub.</span> 
     </span>
     <span class='ocr_line' id='line_1_31' title="bbox 156 4133 408 4196; baseline -0.02 1"><span class='ocrx_word' id='word_1_241' title='bbox 156 4135 283 4196; x_wconf 76' lang='lat' dir='ltr'>‘Deest</span> <span class='ocrx_word' id='word_1_242' title='bbox 305 4133 408 4193; x_wconf 92' lang='lat' dir='ltr'>ibid.</span> 
     </span>
    </p>

    <p class='ocr_par' dir='ltr' id='par_1_13' title="bbox 152 4215 1391 4473">
     <span class='ocr_line' id='line_1_32' title="bbox 197 4215 1391 4297; baseline -0.006 -17"><span class='ocrx_word' id='word_1_243' title='bbox 197 4220 211 4256; x_wconf 80' lang='lat'>⁶</span> <span class='ocrx_word' id='word_1_244' title='bbox 242 4222 342 4280; x_wconf 80' lang='lat' dir='ltr'>Tenon</span> <span class='ocrx_word' id='word_1_245' title='bbox 373 4218 536 4294; x_wconf 83' lang='lat' dir='ltr'>praesentis</span> <span class='ocrx_word' id='word_1_246' title='bbox 558 4219 678 4294; x_wconf 77' lang='lat' dir='ltr'>capituli</span> <span class='ocrx_word' id='word_1_247' title='bbox 701 4219 868 4278; x_wconf 81' lang='lat' dir='ltr'>inscribitur</span> <span class='ocrx_word' id='word_1_248' title='bbox 891 4236 938 4292; x_wconf 87' lang='lat' dir='ltr'>ap.</span> <span class='ocrx_word' id='word_1_249' title='bbox 962 4217 1080 4292; x_wconf 86' lang='lat' dir='ltr'>Ljub:</span> <span class='ocrx_word' id='word_1_250' title='bbox 1107 4217 1172 4297; x_wconf 71' lang='lat' dir='ltr'>¹,De</span> <span class='ocrx_word' id='word_1_251' title='bbox 1196 4215 1391 4290; x_wconf 87' lang='lat' dir='ltr'>mercimonijs</span> 
     </span>
     <span class='ocr_line' id='line_1_33' title="bbox 152 4301 1391 4381; baseline -0.006 -13"><span class='ocrx_word' id='word_1_252' title='bbox 152 4305 305 4369; x_wconf 87' lang='lat' dir='ltr'>indiuisis“</span> <span class='ocrx_word' id='word_1_253' title='bbox 337 4322 516 4380; x_wconf 88' lang='lat' dir='ltr'>numeroque</span> <span class='ocrx_word' id='word_1_254' title='bbox 545 4322 611 4380; x_wconf 87' lang='lat' dir='ltr'>cap.</span> <span class='ocrx_word' id='word_1_255' title='bbox 635 4305 695 4366; x_wconf 85' lang='lat' dir='ltr'>CV.</span> <span class='ocrx_word' id='word_1_256' title='bbox 719 4305 861 4380; x_wconf 83' lang='lat' dir='ltr'>signatur.</span> <span class='ocrx_word' id='word_1_257' title='bbox 897 4306 968 4378; x_wconf 79' lang='lat' dir='ltr'>Cep.</span> <span class='ocrx_word' id='word_1_258' title='bbox 994 4303 1068 4363; x_wconf 79' lang='lat' dir='ltr'>CIV.</span> <span class='ocrx_word' id='word_1_259' title='bbox 1099 4321 1148 4376; x_wconf 84' lang='lat' dir='ltr'>ap.</span> <span class='ocrx_word' id='word_1_260' title='bbox 1172 4301 1301 4378; x_wconf 83' lang='lat' dir='ltr'>Ljub.:</span> <span class='ocrx_word' id='word_1_261' title='bbox 1326 4303 1391 4381; x_wconf 84' lang='lat' dir='ltr'>„De</span> 
     </span>
     <span class='ocr_line' id='line_1_34' title="bbox 152 4388 1286 4473; baseline -0.007 -18"><span class='ocrx_word' id='word_1_262' title='bbox 152 4393 483 4473; x_wconf 86' lang='lat' dir='ltr'>possessionibus</span> <span class='ocrx_word' id='word_1_263' title='bbox 514 4390 735 4468; x_wconf 84' lang='lat' dir='ltr'>indiuisis,“</span> <span class='ocrx_word' id='word_1_264' title='bbox 762 4393 845 4450; x_wconf 90' lang='lat' dir='ltr'>deest</span> <span class='ocrx_word' id='word_1_265' title='bbox 868 4391 895 4448; x_wconf 91' lang='lat' dir='ltr'>in</span> <span class='ocrx_word' id='word_1_266' title='bbox 919 4389 997 4450; x_wconf 89' lang='lat' dir='ltr'>cod.</span> <span class='ocrx_word' id='word_1_267' title='bbox 1023 4389 1127 4448; x_wconf 82' lang='lat' dir='ltr'>acad.</span> <span class='ocrx_word' id='word_1_268' title='bbox 1151 4388 1178 4447; x_wconf 78' lang='grc' dir='ltr'><strong>Α</strong></span> <span class='ocrx_word' id='word_1_269' title='bbox 1200 4393 1230 4447; x_wconf 89' lang='lat' dir='ltr'>et</span> <span class='ocrx_word' id='word_1_270' title='bbox 1253 4388 1286 4447; x_wconf 83' lang='lat' dir='ltr'>ll.</span> 
     </span>
    </p>

    <p class='ocr_par' dir='ltr' id='par_1_14' title="bbox 197 4477 789 4554">
     <span class='ocr_line' id='line_1_35' title="bbox 197 4477 789 4554; baseline -0.007 -14"><span class='ocrx_word' id='word_1_271' title='bbox 197 4482 299 4540; x_wconf 85' lang='lat' dir='ltr'>Tener</span> <span class='ocrx_word' id='word_1_272' title='bbox 321 4479 414 4554; x_wconf 84' lang='lat' dir='ltr'>ipsius</span> <span class='ocrx_word' id='word_1_273' title='bbox 436 4477 556 4551; x_wconf 81' lang='lat' dir='ltr'>capituli</span> <span class='ocrx_word' id='word_1_274' title='bbox 580 4493 706 4552; x_wconf 87' lang='lat' dir='ltr'>sequens</span> <span class='ocrx_word' id='word_1_275' title='bbox 728 4481 789 4537; x_wconf 88' lang='lat' dir='ltr'>est:</span> 
     </span>
    </p>

    <p class='ocr_par' dir='ltr' id='par_1_15' title="bbox 157 4561 1393 4726">
     <span class='ocr_line' id='line_1_36' title="bbox 197 4561 1393 4642; baseline -0.009 -14"><span class='ocrx_word' id='word_1_276' title='bbox 197 4570 272 4628; x_wconf 84' lang='lat' dir='ltr'>Item</span> <span class='ocrx_word' id='word_1_277' title='bbox 295 4569 437 4625; x_wconf 83' lang='lat' dir='ltr'>statutum</span> <span class='ocrx_word' id='word_1_278' title='bbox 460 4569 490 4623; x_wconf 88' lang='lat' dir='ltr'>et</span> <span class='ocrx_word' id='word_1_279' title='bbox 507 4565 672 4624; x_wconf 82' lang='lat' dir='ltr'>ordinatum</span> <span class='ocrx_word' id='word_1_280' title='bbox 695 4569 749 4642; x_wconf 79' lang='lat' dir='ltr'>est,</span> <span class='ocrx_word' id='word_1_281' title='bbox 774 4565 853 4638; x_wconf 92' lang='lat' dir='ltr'>quod</span> <span class='ocrx_word' id='word_1_282' title='bbox 876 4563 900 4622; x_wconf 90' lang='lat' dir='ltr'>si</span> <span class='ocrx_word' id='word_1_283' title='bbox 924 4563 1023 4640; x_wconf 83' lang='lat' dir='ltr'>frater,</span> <span class='ocrx_word' id='word_1_284' title='bbox 1055 4580 1164 4638; x_wconf 87' lang='lat' dir='ltr'>nepos,</span> <span class='ocrx_word' id='word_1_285' title='bbox 1196 4561 1244 4619; x_wconf 90' lang='lat' dir='ltr'>uel</span> <span class='ocrx_word' id='word_1_286' title='bbox 1266 4561 1393 4619; x_wconf 77' lang='lat' dir='ltr'>earnalis</span> 
     </span>
     <span class='ocr_line' id='line_1_37' title="bbox 157 4641 1392 4726; baseline -0.008 -12"><span class='ocrx_word' id='word_1_287' title='bbox 157 4653 348 4714; x_wconf 87' lang='lat' dir='ltr'>consobrinus</span> <span class='ocrx_word' id='word_1_288' title='bbox 369 4652 432 4710; x_wconf 89' lang='lat' dir='ltr'>siue</span> <span class='ocrx_word' id='word_1_289' title='bbox 448 4651 683 4726; x_wconf 74' lang='lat' dir='ltr'>consanguineus</span> <span class='ocrx_word' id='word_1_290' title='bbox 700 4652 787 4709; x_wconf 88' lang='lat' dir='ltr'>uellet</span> <span class='ocrx_word' id='word_1_291' title='bbox 802 4649 930 4708; x_wconf 89' lang='lat' dir='ltr'>uendere</span> <span class='ocrx_word' id='word_1_292' title='bbox 946 4649 982 4708; x_wconf 95' lang='lat' dir='ltr'>de</span> <span class='ocrx_word' id='word_1_293' title='bbox 1001 4647 1235 4723; x_wconf 84' lang='lat' dir='ltr'>possessionibus</span> <span class='ocrx_word' id='word_1_294' title='bbox 1250 4641 1392 4724; x_wconf 86' lang='lat' dir='ltr'>indiuisis‚</span> 
     </span>
    </p>
   </div>
   <div class='ocr_carea' id='block_1_11' title="bbox 157 4733 1392 4864">
    <p class='ocr_par' dir='ltr' id='par_1_16' title="bbox 157 4733 1392 4864">
     <span class='ocr_line' id='line_1_38' title="bbox 157 4733 1392 4818; baseline -0.01 -18"><span class='ocrx_word' id='word_1_295' title='bbox 157 4757 214 4800; x_wconf 89' lang='lat' dir='ltr'>nou</span> <span class='ocrx_word' id='word_1_296' title='bbox 236 4739 332 4816; x_wconf 85' lang='lat' dir='ltr'>possit</span> <span class='ocrx_word' id='word_1_297' title='bbox 354 4737 430 4798; x_wconf 83' lang='lat' dir='ltr'>alius</span> <span class='ocrx_word' id='word_1_298' title='bbox 445 4737 583 4818; x_wconf 84' lang='lat' dir='ltr'>uendere,</span> <span class='ocrx_word' id='word_1_299' title='bbox 607 4737 664 4796; x_wconf 88' lang='lat' dir='ltr'>nisi</span> <span class='ocrx_word' id='word_1_300' title='bbox 681 4737 775 4814; x_wconf 80' lang='lat' dir='ltr'>fratri,</span> <span class='ocrx_word' id='word_1_301' title='bbox 801 4736 901 4810; x_wconf 87' lang='lat' dir='ltr'>nepoti</span> <span class='ocrx_word' id='word_1_302' title='bbox 917 4736 965 4794; x_wconf 89' lang='lat' dir='ltr'>uel</span> <span class='ocrx_word' id='word_1_303' title='bbox 988 4736 1100 4794; x_wconf 78' lang='lat' dir='ltr'>cernuli</span> <span class='ocrx_word' id='word_1_304' title='bbox 1115 4733 1223 4810; x_wconf 88' lang='lat' dir='ltr'>nepoti,</span> <span class='ocrx_word' id='word_1_305' title='bbox 1247 4733 1310 4792; x_wconf 88' lang='lat' dir='ltr'>siue</span> <span class='ocrx_word' id='word_1_306' title='bbox 1325 4749 1392 4791; x_wconf 92' lang='lat' dir='ltr'>con-</span> 
     </span>
     <span class='ocr_line' id='line_1_39' title="bbox 1270 4831 1289 4864; baseline 0 0"><span class='ocrx_word' id='word_1_307' title='bbox 1270 4831 1289 4864; x_wconf 77' lang='lat' dir='ltr'>&#39;k</span> 
     </span>
    </p>
   </div>
   <div class='ocr_carea' id='block_1_12' title="bbox 0 0 1712 5350">
    <p class='ocr_par' dir='ltr' id='par_1_17' title="bbox 0 0 1712 5350">
     <span class='ocr_line' id='line_1_40' title="bbox 0 0 1712 5350; baseline 0 0"><span class='ocrx_word' id='word_1_308' title='bbox 0 0 1712 5350; x_wconf 95' lang='lat' dir='ltr'> </span> 
     </span>
    </p>
   </div>
  </div>
 </body>
</html>
