3398 5354
371 445 433 506 224

370 665 520 714 exercere
543 650 577 713 et
599 645 762 711 commoda
793 649 901 726 potest
929 641 1066 710 officium
1091 640 1266 720 exorcare¹‚
1297 641 1381 722 quod
1403 639 1473 720 ipse
1496 638 1602 703 electus

371 756 519 839 teneatur·
549 749 628 814 illud
659 745 797 812 officium
831 764 991 826 exercere,
1026 765 1067 812 ne
1101 752 1232 827 propter
1265 742 1422 810 deiectum
1456 743 1604 808 bonorum
1666 727 1668 786 ἶ

371 851 552 920 officialium
575 853 714 916 lembum
737 870 807 917 cum
832 851 978 934 personis
994 855 1028 916 et
1047 850 1142 915 rebus
1166 848 1373 914 existentibus
1395 848 1426 912 in
1449 865 1491 912 eo
1508 851 1605 927 posset
1666 851 1668 938 J

372 957 413 1023 de
431 955 521 1022 'facili
543 957 706 1022 incurrere
727 955 892 1036 lesionem.
1666 959 1668 962 ’

792 1184 859 1228 ΟΔΡ.
881 1184 993 1226 xnvm.
1016 1185 1059 1226 nu
1080 1183 1196 1226 monim

418 1301 499 1367 Item
523 1305 677 1367 statutum
695 1305 728 1365 et
743 1299 925 1365 ordinatum
941 1304 999 1378 est
1024 1299 1152 1381 quodsi
1168 1297 1281 1379 aliquis
1304 1296 1456 1362 conduxit
1477 1295 1604 1377 aliquan
1666 1293 1668 1316 ¹

372 1405 523 1471 barcham
545 1405 597 1470 uel
619 1403 757 1469 lembum
781 1402 822 1468 ad
845 1407 1021 1484 conturam‚
1055 1401 1107 1467 uel
1130 1403 1171 1467 ad
1194 1401 1321 1482 aliquod
1343 1407 1464 1468 certum
1489 1399 1605 1464 naulum

375 1514 409 1575 et
431 1509 471 1574 ad
495 1525 605 1574 omnes
629 1525 704 1572 suas
727 1525 884 1588 expensas
907 1507 969 1572 cibi
989 1510 1023 1571 et
1037 1511 1130 1589 potus
1153 1525 1256 1588 usque
1278 1505 1319 1570 ad
1340 1505 1477 1586 aliquem
1501 1503 1604 1580 locum

373 1618 408 1676 et
429 1611 608 1676 nauclerius
632 1610 684 1675 uel
707 1614 862 1690 patronus
892 1609 989 1676 lembi
1012 1607 1095 1674 infra
1119 1609 1237 1674 dictum
1259 1609 1397 1691 uiagium
1418 1613 1454 1674 et
1476 1609 1509 1672 in
1532 1606 1606 1672 dicto

373 1714 478 1797 uiagio
502 1732 573 1778 cum
596 1713 683 1778 dicta
703 1713 823 1780 baraba
845 1713 897 1778 uel
921 1713 1026 1780 lembo
1048 1712 1169 1794 aliquid
1191 1713 1334 1778 lucratus
1357 1711 1462 1790 fuerit,
1488 1711 1539 1776 uel
1559 1711 1605 1775 de

374 1817 506 1884 terendo
529 1816 734 1882 mercimonia
748 1817 801 1882 uel
816 1834 970 1898 personas
985 1817 1157 1897 hominum,
1180 1816 1266 1898 quod
1281 1821 1382 1882 totum
1398 1815 1479 1880 illud
1494 1815 1604 1879 lucum

375 1921 417 1986 sit
439 1925 473 1986 et
495 1938 566 1987 esse
590 1920 706 1986 debeat
728 1920 822 2001 illius,
845 1920 900 2002 qui
921 1919 1065 1986 omnibus
1087 1926 1121 1986 et
1142 1920 1273 2003 siugulis
1291 1921 1358 1986 suis
1381 1919 1557 2001 sumptibus
1576 1923 1605 1982 et

374 2023 522 2106 expensis
552 2022 671 2088 dictum
704 2023 843 2089 lembum
873 2028 907 2088 et
934 2022 1083 2090 barcham
1114 2023 1273 2106 conduxit,
1304 2023 1379 2105 quia
1407 2025 1527 2089 iustum
1554 2025 1602 2102 est,

374 2125 460 2209 quod
481 2127 536 2192 illo
558 2125 677 2192 debeat
698 2126 818 2194 habere
841 2125 963 2192 lucrum
984 2133 1017 2194 et
1032 2127 1242 2210 commodum,
1266 2127 1320 2210 qui
1343 2127 1481 2194 sustinet
1502 2121 1604 2191 onera’

374 2247 594 2311 expensarum.

803 2411 869 2454 GAP·
892 2412 979 2453 xnix.
1003 2412 1045 2454 mr
1066 2411 1184 2454 EODEM.

418 2525 500 2591 Item
522 2529 678 2591 statutum
701 2532 735 2591 et
753 2526 934 2592 ordinatum
956 2533 1014 2606 est,
1039 2527 1124 2608 quod
1147 2529 1325 2609 quicunque
1346 2525 1551 2607 deportarent
1569 2522 1604 2588 de

374 2630 470 2712 lignis
501 2631 553 2695 uel
584 2630 669 2710 teda,
701 2630 787 2712 quod
815 2636 985 2697 teneantur
1016 2631 1093 2716 dare
1123 2631 1296 2696 douanario
1326 2630 1464 2695 mediam
1492 2633 1602 2712 partun

375 2734 545 2815 lignorum,
568 2733 730 2814 uidelicet,
763 2735 848 2814 quod
872 2740 922 2800 tot
944 2739 1054 2817 partes
1086 2733 1166 2799 fiant
1187 2735 1229 2800 de
1250 2733 1369 2817 lignis⁸‚
1401 2739 1478 2814 quot
1499 2731 1604 2798 inerint

376 2837 540 2920 marinarij
564 2841 598 2901 et
621 2855 684 2902 una
705 2835 778 2918 plus
799 2855 859 2918 pro
890 2837 1009 2904 barcho
1031 2842 1065 2904 et
1088 2837 1186 2904 etiam
1209 2856 1272 2903 una
1293 2837 1358 2903 alia
1380 2838 1462 2919 plus,
1492 2837 1531 2903 ds
1551 2853 1603 2916 qua

379 2939 495 3007 debeat
516 2938 637 3006 habere
660 2941 763 3006 dictus
794 2941 983 3007 donauerius
1015 2941 1223 3007 medietatem
1245 2945 1279 3008 et
1301 2941 1363 3006 alia
1393 2941 1544 3007 medietas
1562 2957 1604 3003 re

379 3049 508 3110 maneat
539 3042 718 3126 marinarijs
747 3061 806 3126 pro
837 3047 999 3126 expensis3
1031 3045 1071 3110 de
1102 3064 1165 3126 qua
1195 3046 1367 3111 medietate
1396 3051 1526 3127 accepta
1554 3061 1603 3124 per

380 3147 498 3212 dictum
521 3146 730 3212 douanerium
751 3153 899 3214 teneatur
913 3149 983 3230 ipso
998 3149 1191 3216 donancrius
1213 3149 1290 3215 dare
1312 3148 1447 3229 sacriste
1471 3152 1603 3230 quarum

378 3255 503 3331 partem
534 3266 593 3330 pro
625 3249 694 3316 iure
725 3250 785 3316 sibi
815 3251 1008 3335 contingenti
1039 3252 1079 3317 de
1110 3252 1352 3335 deportantibus
1381 3253 1477 3334 ligna
1511 3250 1602 3328 Saluo,

379 3352 465 3433 quod
488 3351 515 3418 si
539 3351 609 3433 quis
633 3353 673 3418 de
695 3353 825 3420 ciuitate
841 3359 875 3419 et
890 3372 949 3420 suo
965 3354 1112 3422 districtu
1133 3355 1234 3422 uellet
1254 3361 1387 3438 portare
1409 3357 1516 3422 omnia
1529 3355 1604 3434 ligna

377 3455 531 3537 predicta,
561 3455 614 3522 uel
645 3455 748 3522 diuisa
778 3475 837 3539 per
865 3459 1004 3525 medinm
1037 3478 1095 3542 pro
1118 3479 1153 3526 se
1175 3460 1216 3524 ad
1247 3459 1373 3525 domum
1402 3478 1503 3538 sunm,
1532 3453 1602 3538 quod

380 3575 444 3624 non
478 3563 627 3625 teneatur
663 3558 792 3642 aliquod
825 3561 903 3627 dare
937 3580 996 3629 nec
1028 3563 1212 3642 donauerio,
1249 3580 1308 3630 nec
1340 3563 1434 3629 alicui
1472 3575 1602 3644 persone.

378 3661 557 3730 Forensens
585 3682 664 3731 uero
694 3682 757 3730 non
786 3670 957 3732 teneantur
988 3665 1030 3732 ad
1060 3668 1238 3749 predicta⁴3
1269 3666 1326 3734 sed
1348 3667 1376 3732 si
1396 3666 1511 3748 aliquis
1538 3661 1602 3728 ciuis

378 3771 511 3848 portans
533 3767 621 3850 ligna
642 3769 807 3850 uenderet,
839 3787 897 3836 seu
918 3769 1100 3838 condiderit
1128 3771 1199 3852 ipsa
1228 3769 1324 3852 ligna,
1354 3769 1440 3852 quod
1469 3771 1604 3836 tencatur

339 3925 351 3944 .
379 3869 451 3951 ipso
474 3870 647 3938 douanerio
677 3891 736 3955 pro
766 3878 838 3940 rata
860 3877 953 3957 parte
975 3875 1016 3941 de
1039 3875 1126 3942 dicta
1154 3874 1297 3958 pecunia
1327 3879 1425 3957 prout
1453 3874 1495 3941 da
1515 3870 1602 3955 lignis

522 4099 590 4144 ona.
614 4101 643 4143 n.
665 4101 709 4144 on
729 4101 779 4161 uo,
803 4104 858 4156 om
880 4103 976 4147 usum
1000 4105 1059 4148 ann
1080 4105 1170 4148 mann
1192 4104 1296 4150 mnan
1319 4104 1477 4150 cummuni.

423 4215 507 4283 Item
529 4221 686 4284 statutum
708 4223 742 4286 at
756 4219 937 4285 ordinatum
960 4225 1020 4308 est,
1044 4222 1130 4302 quod
1152 4225 1331 4305 quicunque
1352 4221 1447 4289 inerit
1460 4240 1517 4304 por
1531 4235 1602 4286 nare

379 4318 467 4386 ultra
488 4321 647 4408 culphum,
670 4322 774 4404 possit
795 4329 925 4405 portare
947 4343 1005 4407 pro
1028 4344 1087 4392 sua
1106 4326 1174 4392 uita
1189 4330 1223 4393 et
1239 4325 1406 4392 extrahare
1427 4325 1468 4392 de
1490 4324 1603 4391 ciuitate

428 4510 440 4546 ²
465 4517 515 4596 „et
536 4515 687 4576 commode
708 4549 752 4560 -
767 4516 920 4577 exercera“
946 4517 1029 4578 duest
1051 4535 1099 4594 ap.
1122 4519 1148 4579 L
1152 4519 1232 4596 jub.
1302 4514 1315 4552 ⁹
1337 4518 1423 4580 cod.
1445 4517 1551 4578 acad.
1570 4511 1604 4572 B:

384 4595 572 4720 fhonsrafi..
659 4599 807 4704 ‘Verbaz
830 4603 1006 4720 &lignorum
1026 4638 1068 4706 ᾗ
1091 4605 1128 4667 da
1158 4606 1264 4683 lignis“
1290 4605 1396 4666 dosunt
1424 4622 1472 4680 ap.
1502 4603 1529 4663 L
1533 4600 1601 4681 jub.

422 4687 491 4771 ‚uel
512 4687 608 4749 mursa
629 4721 673 4733 -
694 4690 828 4768 prpdruta
870 4690 977 4752 desunt
997 4691 1090 4752 ibid.
