3434 5368
1363 429 1410 498 ix

172 640 290 724 giudioi
312 639 397 709 1919
419 645 506 708 99919
528 643 671 726 maggior
693 659 752 708 con
781 641 962 710 1919999919
990 639 1068 708 delli
1099 639 1261 724 spettabili
1290 640 1410 724 signori

173 747 323 814 Geremia
340 746 466 827 Giunio,
483 745 592 814 diuise
606 744 763 831 Vidossio,
790 745 898 814 Marco
912 744 1071 826 Bencilec,
1089 744 1246 812 Siluestro
1258 745 1413 812 Gabrielii

172 857 207 918 91
228 851 383 918 (1199999
405 850 569 919 Canauelii
591 851 700 930 nobili,
724 851 858 918 dicendo
878 869 988 918 essere
1010 855 1122 933 questo
1145 856 1236 934 99919
1259 849 1411 934 19111991-

172 955 292 1040 uileggi
315 955 401 1022 della
422 955 589 1038 magnifica
611 957 811 1036 communita,
834 957 907 1038 quai
930 956 1167 1038 9999991911999
1189 955 1224 1022 fir
1238 951 1321 1022 19119
1347 961 1412 1024 9991

173 1059 316 1127 9191919911
339 1059 380 1126 19
402 1079 461 1126 999
478 1061 618 1144 signoria
639 1061 854 1128 illustrissima
876 1057 1067 1128 offerendosi
1090 1061 1132 1126 91
1155 1059 1325 1128 dimostrar
1337 1061 1409 1128 altri

174 1165 291 1248 9991111
310 1165 370 1233 919
392 1165 419 1232 91
441 1171 644 1250 1999999999,
668 1166 741 1249 quai
763 1167 782 1232 e
805 1165 837 1232 di
860 1171 955 1246 99919,
980 1167 1088 1233 9991119
1110 1185 1140 1231 9.
1164 1169 1351 1250 quaranta‘.

217 1394 263 1405 -
286 1355 497 1424 Collectiones
520 1356 579 1423 sub
602 1377 649 1422 nr.
672 1356 802 1422 11—1v.
832 1357 917 1440 typis
947 1375 1030 1424 9999
1056 1358 1161 1424 editae
1190 1357 1354 1440 praecipui
1376 1363 1413 1422 91

176 1461 327 1544 equidem
348 1467 426 1544 puto
448 1460 563 1542 199199,
586 1480 625 1527 ex
647 1463 761 1544 quibus
784 1461 861 1530 iuris
876 1462 994 1544 publici
1009 1470 1043 1530 91
1057 1461 1181 1546 privati,
1209 1461 1294 1544 quod
1316 1461 1413 1546 longa

175 1585 332 1632 annorum
355 1566 436 1634 serie
458 1567 543 1649 opud
566 1565 775 1635 Curnuienses
798 1567 935 1651 vigebat,
958 1569 1092 1636 historia
1114 1567 1332 1652 perspiciatur,
1355 1566 1412 1634 ha·

175 1669 245 1737 beri
268 1677 413 1753 possunt.

218 1776 354 1842 Praeter
376 1775 435 1843 hos
457 1774 563 1843 199199
586 1775 821 1844 commissiones
837 1777 1064 1856 tantummodo,
1089 1796 1169 1860 quas
1191 1777 1336 1844 Venetae
1351 1776 1411 1842 rei·

177 1881 324 1962 publicae
347 1880 443 1947 19999
466 1881 632 1948 comitibus
648 1879 895 1948 Gurnuiensibus
918 1883 995 1948 dare
1018 1882 1164 1948 solebant
1185 1887 1219 1949 91
1240 1881 1412 1948 9919119999

176 2004 196 2050 9
218 1985 386 2052 comitibus
409 1983 560 2058 Venetiae
582 1986 714 2056 missae.
738 1987 865 2052 maioris
888 1993 963 2052 sunt
984 1986 1143 2054 momenti.
1173 1985 1261 2052 Haec
1284 2003 1410 2068 quoque

177 2095 397 2170 999999919,
433 2107 515 2172 quae
543 2096 706 2172 postrema
742 2091 999 2170 commemoravi,
1033 2091 1197 2158 literarum
1232 2089 1412 2172 artiumque

179 2194 343 2260 academia
358 2192 522 2260 Simorum
539 2193 789 2261 meridionalium
804 2194 899 2262 edere
914 2195 1061 2277 instituit
1077 2195 1232 2278 huiusque
1243 2195 1291 2260 rei
1302 2211 1409 2260 eurem

146 2332 161 2355 .
177 2298 360 2366 academiae
382 2299 468 2364 99919
491 2295 567 2364 Sim.
590 2297 734 2381 Ljubidio
757 2298 910 2380 permisit.

199 2400 274 2468 'Ob
298 2401 512 2484 praecipuum,
536 2419 599 2484 quo
614 2401 837 2468 9991911919
860 2420 1043 2486 processum
1066 2402 1326 2487 cognoscendum,
1349 2419 1416 2468 nro·

176 2511 341 2586 999199,
373 2506 435 2574 199
463 2506 568 2572 adhuc
596 2507 707 2574 brevia
732 2507 895 2573 literarum
923 2513 1137 2586 monumenta,
1166 2507 1308 2573 ordinem
1337 2509 1414 2588 puto

176 2611 369 2694 procedendi
392 2627 498 2676 99999
518 2610 637 2694 Judicio
660 2611 797 2678 ciuitatis
821 2610 986 2694 Gurzuiae,
1011 2618 1044 2678 91
1065 2610 1192 2678 1991199
1210 2610 1416 2677 cancellariae

176 2715 382 2782 Curzulensis
403 2717 436 2782 in
458 2714 760 2784 additamentis
791 2715 885 2782 huius
908 2717 1014 2798 operis
1037 2715 1132 2782 edere
1155 2716 1241 2782 haud
1264 2733 1414 2799 superra-
1470 2722 1474 2730 '

178 2839 313 2889 999999
335 2839 407 2888 esse
429 2807 573 2903 cogitavi.

222 2964 263 2973 —
285 2925 379 3005 Quod
401 2925 443 2991 91
466 2925 673 2993 1991999919
694 2925 773 3011 ipsa,
798 2925 913 3009 quibus
935 2925 1015 2994 haec
1037 2925 1133 2992 911119
1157 2930 1268 2993 999199
1290 2925 1412 3006 nititur,

183 3031 310 3115 attinet,
333 3046 436 3112 pauca
458 3030 569 3111 debeo,
593 3049 673 3114 quae
696 3049 947 3098 commemorem.

222 3135 282 3218 (od
305 3132 351 3219 I.)
373 3131 650 3202 Oonfimnctionem
674 3141 707 3200 et
722 3139 1011 3219 augmentationem
1032 3133 1166 3202 Marcilii
1182 3133 1311 3216 Georgii
1334 3133 1417 3218 typis

173 3241 239 3322 ,iam
262 3257 431 3323 expressas
453 3240 595 3323 reperies
628 3239 712 3322 9991
742 3239 986 3324 Hormayrurn:
1001 3295 1004 3301 ,
1019 3239 1227 3318 ,Geschichte
1255 3239 1370 3306 Tirols.
1392 3239 1418 3306 1.

179 3347 208 3409 2.
231 3342 313 3410 Urk.
338 3363 384 3408 nr.
410 3347 505 3424 307²,
530 3343 587 3410 sed
609 3343 705 3411 911119
727 3343 806 3412 haec
821 3343 990 3412 admodum
1006 3349 1056 3410 est
1071 3343 1196 3418 vitiosa,
1217 3343 1311 3411 lectio
1335 3361 1417 3410 oom-

177 3448 297 3532 piuries
320 3448 569 3530 corruptissima,
592 3447 638 3514 ite
660 3453 696 3513 ut
718 3447 759 3513 ed
776 3447 853 3514 iuris
868 3445 1033 3514 historiam
1048 3447 1300 3532 investigandam
1315 3447 1419 3533 minus

177 3552 292 3619 idonea
313 3552 364 3618 911.

221 3655 427 3739 Benignitate
458 3661 563 3722 19999
592 3661 626 3724 91
655 3655 805 3724 comitate
843 3654 923 3740 proi.
955 3654 1030 3722 Sim.
1065 3655 1215 3740 Ljunicii.
1249 3655 1418 3722 9911999119

178 3761 281 3828 99991
303 3759 524 3844 Zagrebiensis
546 3759 686 3827 custodis
708 3759 843 3828 19991199
865 3760 941 3826 mihi
964 3762 1157 3829 monumenti
1179 3761 1271 3827 huius
1294 3759 1417 3844 periec-

178 3866 241 3932 tius
265 3863 381 3931 edendi
403 3863 542 3930 obvenit.
573 3864 662 3931 Idem
691 3863 774 3930 enim
804 3865 851 3932 vir
879 3867 991 3934 doctus
1021 3867 1082 3932 iam
1106 3871 1181 3932 9919
1203 3866 1235 3932 19
1257 3865 1416 3931 tabulario

179 3970 286 4036 Sancti
302 3968 403 4036 Marci
419 3967 561 4035 Venetiis
577 3967 823 4036 continuationis
839 3977 873 4036 et
888 3969 1153 4053 augmentationis
1169 3969 1252 4036 illiue
1268 3975 1416 4054 autogra-

175 4074 273 4156 phum
285 4071 497 4155 descripserat
508 4073 646 4156 mihique
657 4091 749 4140 suum
767 4075 928 4158 exemplar
939 4075 1091 4144 utendum
1103 4077 1238 4158 benigue
1255 4073 1407 4157 permisit.

219 4194 475 4281 idiographum,
515 4215 554 4263 es
583 4215 645 4279 quo
675 4197 835 4280 Ljubicius
864 4197 1025 4282 exemplar
1058 4217 1150 4264 suum
1179 4196 1353 4280 exscripsit,
1383 4197 1413 4260 in

181 4303 366 4368 membrana
387 4300 482 4366 claris
497 4306 594 4384 atque
609 4301 790 4384 compositis
814 4303 913 4371 literis
937 4301 1026 4368 initio
1042 4319 1124 4368 saec.
1144 4301 1231 4370 XIV.
1255 4301 1415 4383 conscrip-

183 4413 248 4472 199
271 4412 376 4472 estet
399 4401 544 4472 servatur
566 4423 650 4472 nunc
672 4406 816 4473 Venetiis
831 4407 863 4473 in
880 4408 986 4474 Sancti
1010 4405 1109 4472 Marci
1132 4405 1289 4473 tabulario
1316 4406 1417 4483 ,inter

183 4510 362 4594 privilegia“
389 4511 448 4578 sub
470 4531 517 4576 nr.
542 4515 592 4576 56.

225 4617 262 4682 19
284 4617 433 4682 exteriori
463 4615 668 4699 manuscripti
696 4616 779 4683 forte
808 4617 974 4684 recentiori
1004 4635 1099 4682 manu
1128 4615 1322 4696 adscriptum
1352 4621 1416 4680 est:

187 4721 393 4808 „MCGLIIIL
423 4719 608 4788 MCCLXV.
641 4721 770 4788 Statuta
798 4722 951 4789 Ournolae
974 4730 1008 4789 91
1029 4723 1238 4789 iuramentum
1255 4720 1417 4788 fidelitatis
