<?xml version="1.0" encoding="UTF-8"?>
<!DOCTYPE html PUBLIC "-//W3C//DTD XHTML 1.0 Transitional//EN"
    "http://www.w3.org/TR/xhtml1/DTD/xhtml1-transitional.dtd">
<html xmlns="http://www.w3.org/1999/xhtml" xml:lang="en" lang="en">
 <head>
  <title>
</title>
<meta http-equiv="Content-Type" content="text/html;charset=utf-8" />
  <meta name='ocr-system' content='tesseract 3.04.00' />
  <meta name='ocr-capabilities' content='ocr_page ocr_carea ocr_par ocr_line ocrx_word'/>
</head>
<body>
  <div class='ocr_page' id='page_1' title='image "./statutaetlegesc00yuggoog_0136.png"; bbox 0 0 3396 5402; ppageno 0'>
   <div class='ocr_carea' id='block_1_1' title="bbox 331 441 392 502">
    <p class='ocr_par' dir='ltr' id='par_1_1' title="bbox 331 441 392 502">
     <span class='ocr_line' id='line_1_1' title="bbox 331 441 392 502; baseline 0 -1"><span class='ocrx_word' id='word_1_1' title='bbox 331 441 392 502; x_wconf 91' lang='lat'>110</span> 
     </span>
    </p>
   </div>
   <div class='ocr_carea' id='block_1_2' title="bbox 327 643 1597 1446">
    <p class='ocr_par' dir='ltr' id='par_1_2' title="bbox 327 643 1597 1446">
     <span class='ocr_line' id='line_1_2' title="bbox 327 643 1563 730; baseline -0.002 -20"><span class='ocrx_word' id='word_1_2' title='bbox 327 664 389 710; x_wconf 96' lang='lat' dir='ltr'>non</span> <span class='ocrx_word' id='word_1_3' title='bbox 411 645 580 710; x_wconf 84' lang='lat' dir='ltr'>habuerint</span> <span class='ocrx_word' id='word_1_4' title='bbox 600 645 682 710; x_wconf 88' lang='lat' dir='ltr'>rude</span> <span class='ocrx_word' id='word_1_5' title='bbox 708 644 840 730; x_wconf 86' lang='lat' dir='ltr'>solvere,</span> <span class='ocrx_word' id='word_1_6' title='bbox 864 645 949 727; x_wconf 90' lang='lat' dir='ltr'>quod</span> <span class='ocrx_word' id='word_1_7' title='bbox 971 645 1018 710; x_wconf 92' lang='lat' dir='ltr'>eis</span> <span class='ocrx_word' id='word_1_8' title='bbox 1033 643 1236 710; x_wconf 78' lang='lat' dir='ltr'><strong>abscindatur</strong></span> <span class='ocrx_word' id='word_1_9' title='bbox 1249 643 1320 711; x_wconf 85' lang='lat' dir='ltr'>loeo</span> <span class='ocrx_word' id='word_1_10' title='bbox 1336 644 1486 728; x_wconf 90' lang='lat' dir='ltr'>primitus</span> <span class='ocrx_word' id='word_1_11' title='bbox 1500 661 1563 708; x_wconf 86' lang='lat' dir='ltr'>vna</span> 
     </span>
     <span class='ocr_line' id='line_1_3' title="bbox 329 749 1561 832; baseline -0.002 -17"><span class='ocrx_word' id='word_1_12' title='bbox 329 768 436 815; x_wconf 91' lang='lat' dir='ltr'>eorum</span> <span class='ocrx_word' id='word_1_13' title='bbox 462 749 556 829; x_wconf 87' lang='lat' dir='ltr'>auris,</span> <span class='ocrx_word' id='word_1_14' title='bbox 580 754 636 815; x_wconf 90' lang='lat' dir='ltr'>aut</span> <span class='ocrx_word' id='word_1_15' title='bbox 658 749 807 814; x_wconf 79' lang='lat' dir='ltr'>auricula.</span> <span class='ocrx_word' id='word_1_16' title='bbox 831 749 874 815; x_wconf 87' lang='lat' dir='ltr'>Et</span> <span class='ocrx_word' id='word_1_17' title='bbox 896 749 1008 815; x_wconf 92' lang='lat' dir='ltr'>mulier</span> <span class='ocrx_word' id='word_1_18' title='bbox 1023 750 1091 814; x_wconf 89' lang='lat' dir='ltr'>siue</span> <span class='ocrx_word' id='word_1_19' title='bbox 1107 749 1215 832; x_wconf 89' lang='lat' dir='ltr'>puella</span> <span class='ocrx_word' id='word_1_20' title='bbox 1230 750 1429 815; x_wconf 81' lang='lat' dir='ltr'>consentiens</span> <span class='ocrx_word' id='word_1_21' title='bbox 1445 749 1561 832; x_wconf 86' lang='lat' dir='ltr'>perdat</span> 
     </span>
     <span class='ocr_line' id='line_1_4' title="bbox 329 853 1566 936; baseline 0 -18"><span class='ocrx_word' id='word_1_22' title='bbox 329 855 510 920; x_wconf 84' lang='lat' dir='ltr'>immediate</span> <span class='ocrx_word' id='word_1_23' title='bbox 545 873 653 920; x_wconf 86' lang='lat' dir='ltr'>omnes</span> <span class='ocrx_word' id='word_1_24' title='bbox 677 854 767 920; x_wconf 89' lang='lat' dir='ltr'>dotes</span> <span class='ocrx_word' id='word_1_25' title='bbox 799 873 888 934; x_wconf 89' lang='lat' dir='ltr'>suas,</span> <span class='ocrx_word' id='word_1_26' title='bbox 924 873 1005 936; x_wconf 88' lang='lat' dir='ltr'>quae</span> <span class='ocrx_word' id='word_1_27' title='bbox 1037 855 1187 922; x_wconf 89' lang='lat' dir='ltr'>deuenire</span> <span class='ocrx_word' id='word_1_28' title='bbox 1220 855 1357 920; x_wconf 86' lang='lat' dir='ltr'>debeant</span> <span class='ocrx_word' id='word_1_29' title='bbox 1379 873 1441 936; x_wconf 89' lang='lat' dir='ltr'>pro</span> <span class='ocrx_word' id='word_1_30' title='bbox 1460 853 1566 920; x_wconf 87' lang='lat' dir='ltr'>medio</span> 
     </span>
     <span class='ocr_line' id='line_1_5' title="bbox 334 958 1597 1054; baseline 0.002 -30"><span class='ocrx_word' id='word_1_31' title='bbox 334 958 496 1024; x_wconf 86' lang='lat' dir='ltr'>Communi</span> <span class='ocrx_word' id='word_1_32' title='bbox 514 959 667 1025; x_wconf 80' lang='lat' dir='ltr'>Ourzulae</span> <span class='ocrx_word' id='word_1_33' title='bbox 684 959 793 1026; x_wconf 90' lang='lat' dir='ltr'>etalio</span> <span class='ocrx_word' id='word_1_34' title='bbox 809 961 1085 1043; x_wconf 88' lang='lat' dir='ltr'>propinquioribus</span> <span class='ocrx_word' id='word_1_35' title='bbox 1101 959 1341 1042; x_wconf 81' lang='lat' dir='ltr'>consanquineis</span> <span class='ocrx_word' id='word_1_36' title='bbox 1360 959 1426 1025; x_wconf 90' lang='lat' dir='ltr'>suis</span> <span class='ocrx_word' id='word_1_37' title='bbox 1442 959 1567 1040; x_wconf 86' lang='lat' dir='ltr'>absque</span> <span class='ocrx_word' id='word_1_38' title='bbox 1593 1043 1597 1054; x_wconf 33' lang='grc' dir='ltr'>Ι</span> 
     </span>
     <span class='ocr_line' id='line_1_6' title="bbox 332 1063 1566 1144; baseline 0.001 -18"><span class='ocrx_word' id='word_1_39' title='bbox 332 1081 464 1144; x_wconf 89' lang='lat' dir='ltr'>quorum</span> <span class='ocrx_word' id='word_1_40' title='bbox 487 1064 649 1130; x_wconf 89' lang='lat' dir='ltr'>voluntate</span> <span class='ocrx_word' id='word_1_41' title='bbox 672 1069 705 1129; x_wconf 89' lang='lat' dir='ltr'>et</span> <span class='ocrx_word' id='word_1_42' title='bbox 728 1065 861 1130; x_wconf 85' lang='grc'><strong>33133113</strong></span> <span class='ocrx_word' id='word_1_43' title='bbox 883 1063 990 1143; x_wconf 83' lang='lat' dir='ltr'>iidata,</span> <span class='ocrx_word' id='word_1_44' title='bbox 1024 1083 1081 1130; x_wconf 89' lang='lat' dir='ltr'>seu</span> <span class='ocrx_word' id='word_1_45' title='bbox 1104 1065 1303 1131; x_wconf 86' lang='lat' dir='ltr'>considerata</span> <span class='ocrx_word' id='word_1_46' title='bbox 1324 1063 1431 1130; x_wconf 89' lang='lat' dir='ltr'>fuerit.</span> <span class='ocrx_word' id='word_1_47' title='bbox 1470 1063 1566 1128; x_wconf 85' lang='lat' dir='ltr'>Saluo</span> 
     </span>
     <span class='ocr_line' id='line_1_7' title="bbox 331 1167 1568 1252; baseline -0.002 -18"><span class='ocrx_word' id='word_1_48' title='bbox 331 1174 363 1234; x_wconf 90' lang='lat' dir='ltr'>et</span> <span class='ocrx_word' id='word_1_49' title='bbox 385 1175 557 1248; x_wconf 79' lang='lat' dir='ltr'>reseruato,</span> <span class='ocrx_word' id='word_1_50' title='bbox 582 1169 609 1233; x_wconf 89' lang='lat' dir='ltr'>si</span> <span class='ocrx_word' id='word_1_51' title='bbox 632 1168 771 1251; x_wconf 85' lang='lat' dir='ltr'>legitimo</span> <span class='ocrx_word' id='word_1_52' title='bbox 793 1170 1016 1235; x_wconf 89' lang='lat' dir='ltr'>monstrauerit</span> <span class='ocrx_word' id='word_1_53' title='bbox 1045 1169 1171 1252; x_wconf 81' lang='lat' dir='ltr'>iudicio,</span> <span class='ocrx_word' id='word_1_54' title='bbox 1203 1169 1287 1250; x_wconf 93' lang='lat' dir='ltr'>quod</span> <span class='ocrx_word' id='word_1_55' title='bbox 1310 1189 1348 1234; x_wconf 87' lang='lat' dir='ltr'>ex</span> <span class='ocrx_word' id='word_1_56' title='bbox 1371 1167 1568 1252; x_wconf 83' lang='lat' dir='ltr'>negligentia</span> 
     </span>
     <span class='ocr_line' id='line_1_8' title="bbox 332 1271 1566 1356; baseline -0.001 -17"><span class='ocrx_word' id='word_1_57' title='bbox 332 1273 636 1355; x_wconf 86' lang='lat' dir='ltr'>oonsanquineorum</span> <span class='ocrx_word' id='word_1_58' title='bbox 667 1292 729 1338; x_wconf 91' lang='lat' dir='ltr'>non</span> <span class='ocrx_word' id='word_1_59' title='bbox 753 1275 930 1339; x_wconf 81' lang='lat' dir='ltr'>curantium</span> <span class='ocrx_word' id='word_1_60' title='bbox 958 1275 1045 1340; x_wconf 90' lang='lat' dir='ltr'>illam</span> <span class='ocrx_word' id='word_1_61' title='bbox 1079 1276 1191 1356; x_wconf 90' lang='lat' dir='ltr'>nuptui</span> <span class='ocrx_word' id='word_1_62' title='bbox 1224 1275 1349 1342; x_wconf 84' lang='lat' dir='ltr'>tradere</span> <span class='ocrx_word' id='word_1_63' title='bbox 1382 1271 1566 1340; x_wconf 84' lang='lat' dir='ltr'>huiusmodi</span> 
     </span>
     <span class='ocr_line' id='line_1_9' title="bbox 332 1376 1246 1446; baseline 0.003 -4"><span class='ocrx_word' id='word_1_64' title='bbox 332 1376 545 1444; x_wconf 74' lang='lat' dir='ltr'>confederatio</span> <span class='ocrx_word' id='word_1_65' title='bbox 568 1379 737 1445; x_wconf 83' lang='lat' dir='ltr'>subsecuta</span> <span class='ocrx_word' id='word_1_66' title='bbox 759 1377 864 1446; x_wconf 86' lang='lat' dir='ltr'>fuerit.</span> <span class='ocrx_word' id='word_1_67' title='bbox 1245 1385 1246 1388; x_wconf 76' lang='grc'>’</span> 
     </span>
    </p>
   </div>
   <div class='ocr_carea' id='block_1_3' title="bbox 331 1571 1566 1637">
    <p class='ocr_par' dir='ltr' id='par_1_3' title="bbox 331 1571 1566 1637">
     <span class='ocr_line' id='line_1_10' title="bbox 331 1571 1566 1637; baseline 0.002 -4"><span class='ocrx_word' id='word_1_68' title='bbox 331 1593 398 1635; x_wconf 77' lang='grc' dir='ltr'>ΟΔΡι</span> <span class='ocrx_word' id='word_1_69' title='bbox 423 1594 495 1636; x_wconf 76' lang='lat' dir='ltr'>unu.</span> <span class='ocrx_word' id='word_1_70' title='bbox 519 1595 560 1634; x_wconf 78' lang='lat' dir='ltr'>DE</span> <span class='ocrx_word' id='word_1_71' title='bbox 582 1593 801 1636; x_wconf 69' lang='lat' dir='ltr'><strong>BEFUTA&#39;I&#39;IONE</strong></span> <span class='ocrx_word' id='word_1_72' title='bbox 823 1594 1004 1637; x_wconf 68' lang='lat' dir='ltr'>damnamur</span> <span class='ocrx_word' id='word_1_73' title='bbox 1027 1595 1121 1637; x_wconf 73' lang='lat' dir='ltr'>INTER</span> <span class='ocrx_word' id='word_1_74' title='bbox 1143 1593 1314 1637; x_wconf 70' lang='lat' dir='ltr'>PATRONUM</span> <span class='ocrx_word' id='word_1_75' title='bbox 1329 1595 1368 1635; x_wconf 78' lang='grc' dir='ltr'>ΕΤ</span> <span class='ocrx_word' id='word_1_76' title='bbox 1383 1571 1566 1637; x_wconf 57' lang='grc' dir='ltr'>ΡΔΕΙῈΟΒΕ-ι</span> 
     </span>
    </p>
   </div>
   <div class='ocr_carea' id='block_1_4' title="bbox 332 1709 1568 2424">
    <p class='ocr_par' dir='ltr' id='par_1_4' title="bbox 332 1709 1568 2424">
     <span class='ocr_line' id='line_1_11' title="bbox 374 1709 1566 1794; baseline 0.002 -22"><span class='ocrx_word' id='word_1_77' title='bbox 374 1709 454 1775; x_wconf 86' lang='lat' dir='ltr'>Item</span> <span class='ocrx_word' id='word_1_78' title='bbox 477 1709 589 1776; x_wconf 89' lang='lat' dir='ltr'>eodem</span> <span class='ocrx_word' id='word_1_79' title='bbox 612 1709 779 1775; x_wconf 90' lang='lat' dir='ltr'>Millesimu</span> <span class='ocrx_word' id='word_1_80' title='bbox 802 1717 835 1776; x_wconf 86' lang='lat' dir='ltr'>et</span> <span class='ocrx_word' id='word_1_81' title='bbox 856 1710 1041 1794; x_wconf 82' lang='lat' dir='ltr'>Indictione,</span> <span class='ocrx_word' id='word_1_82' title='bbox 1066 1711 1187 1778; x_wconf 80' lang='grc'><strong>11333.</strong></span> <span class='ocrx_word' id='word_1_83' title='bbox 1211 1711 1328 1777; x_wconf 91' lang='lat' dir='ltr'>mensis</span> <span class='ocrx_word' id='word_1_84' title='bbox 1350 1709 1496 1794; x_wconf 81' lang='lat' dir='ltr'>Augusti.</span> <span class='ocrx_word' id='word_1_85' title='bbox 1528 1709 1566 1774; x_wconf 94' lang='lat' dir='ltr'>ln</span> 
     </span>
     <span class='ocr_line' id='line_1_12' title="bbox 333 1813 1567 1896; baseline 0 -18"><span class='ocrx_word' id='word_1_86' title='bbox 333 1813 426 1896; x_wconf 90' lang='lat' dir='ltr'>pleno</span> <span class='ocrx_word' id='word_1_87' title='bbox 449 1819 481 1879; x_wconf 88' lang='lat' dir='ltr'>et</span> <span class='ocrx_word' id='word_1_88' title='bbox 504 1815 646 1896; x_wconf 86' lang='lat' dir='ltr'>generali</span> <span class='ocrx_word' id='word_1_89' title='bbox 682 1814 811 1880; x_wconf 87' lang='lat' dir='ltr'>consilio</span> <span class='ocrx_word' id='word_1_90' title='bbox 835 1815 973 1880; x_wconf 78' lang='lat' dir='ltr'>ciuitatis</span> <span class='ocrx_word' id='word_1_91' title='bbox 996 1821 1028 1881; x_wconf 89' lang='lat' dir='ltr'>et</span> <span class='ocrx_word' id='word_1_92' title='bbox 1050 1816 1171 1882; x_wconf 89' lang='lat' dir='ltr'>insulae</span> <span class='ocrx_word' id='word_1_93' title='bbox 1195 1815 1351 1882; x_wconf 84' lang='lat' dir='ltr'>Curzulae</span> <span class='ocrx_word' id='word_1_94' title='bbox 1372 1817 1406 1880; x_wconf 93' lang='lat' dir='ltr'>in</span> <span class='ocrx_word' id='word_1_95' title='bbox 1429 1813 1567 1881; x_wconf 85' lang='grc'><strong>33313313</strong></span> 
     </span>
     <span class='ocr_line' id='line_1_13' title="bbox 334 1919 1568 2004; baseline 0.001 -19"><span class='ocrx_word' id='word_1_96' title='bbox 334 1919 441 1986; x_wconf 77' lang='lat' dir='ltr'>Sancti</span> <span class='ocrx_word' id='word_1_97' title='bbox 475 1919 575 1984; x_wconf 85' lang='lat' dir='ltr'>Marci</span> <span class='ocrx_word' id='word_1_98' title='bbox 609 1920 784 1984; x_wconf 77' lang='lat' dir='ltr'>coadunato</span> <span class='ocrx_word' id='word_1_99' title='bbox 818 1939 922 2000; x_wconf 69' lang='lat' dir='ltr'>more,</span> <span class='ocrx_word' id='word_1_100' title='bbox 939 1920 1032 1985; x_wconf 88' lang='lat' dir='ltr'>solito</span> <span class='ocrx_word' id='word_1_101' title='bbox 1064 1921 1105 1986; x_wconf 90' lang='grc'>31</span> <span class='ocrx_word' id='word_1_102' title='bbox 1126 1939 1238 1986; x_wconf 87' lang='lat' dir='ltr'>sonum</span> <span class='ocrx_word' id='word_1_103' title='bbox 1267 1939 1454 2004; x_wconf 80' lang='lat' dir='ltr'>campanae,</span> <span class='ocrx_word' id='word_1_104' title='bbox 1490 1937 1568 1986; x_wconf 82' lang='lat' dir='ltr'>uota</span> 
     </span>
     <span class='ocr_line' id='line_1_14' title="bbox 332 2023 1567 2108; baseline 0.001 -20"><span class='ocrx_word' id='word_1_105' title='bbox 332 2025 499 2106; x_wconf 82' lang='lat' dir='ltr'>praeconis</span> <span class='ocrx_word' id='word_1_106' title='bbox 534 2030 660 2106; x_wconf 81' lang='lat' dir='ltr'>captum</span> <span class='ocrx_word' id='word_1_107' title='bbox 683 2023 743 2088; x_wconf 89' lang='lat' dir='ltr'>init</span> <span class='ocrx_word' id='word_1_108' title='bbox 765 2043 823 2107; x_wconf 91' lang='lat' dir='ltr'>per</span> <span class='ocrx_word' id='word_1_109' title='bbox 845 2025 981 2091; x_wconf 89' lang='lat' dir='ltr'>ballotas</span> <span class='ocrx_word' id='word_1_110' title='bbox 1005 2026 1095 2108; x_wconf 85' lang='lat' dir='ltr'>xxxij.</span> <span class='ocrx_word' id='word_1_111' title='bbox 1119 2027 1404 2094; x_wconf 90' lang='lat' dir='ltr'>nonobstantibus</span> <span class='ocrx_word' id='word_1_112' title='bbox 1438 2023 1567 2091; x_wconf 82' lang='lat' dir='ltr'>ballotis</span> 
     </span>
     <span class='ocr_line' id='line_1_15' title="bbox 332 2129 1567 2214; baseline -0.002 -20"><span class='ocrx_word' id='word_1_113' title='bbox 332 2129 394 2212; x_wconf 81' lang='lat' dir='ltr'>xiij.</span> <span class='ocrx_word' id='word_1_114' title='bbox 418 2130 451 2194; x_wconf 93' lang='lat' dir='ltr'>in</span> <span class='ocrx_word' id='word_1_115' title='bbox 474 2131 664 2194; x_wconf 86' lang='lat' dir='ltr'>contrarium</span> <span class='ocrx_word' id='word_1_116' title='bbox 697 2131 850 2210; x_wconf 89' lang='lat' dir='ltr'>repertis,</span> <span class='ocrx_word' id='word_1_117' title='bbox 886 2129 970 2212; x_wconf 89' lang='lat' dir='ltr'>quod</span> <span class='ocrx_word' id='word_1_118' title='bbox 989 2129 1115 2197; x_wconf 87' lang='lat' dir='ltr'>Statuto</span> <span class='ocrx_word' id='word_1_119' title='bbox 1139 2132 1179 2197; x_wconf 88' lang='lat' dir='ltr'>de</span> <span class='ocrx_word' id='word_1_120' title='bbox 1202 2132 1383 2214; x_wconf 84' lang='lat' dir='ltr'>pastoribus</span> <span class='ocrx_word' id='word_1_121' title='bbox 1406 2130 1511 2212; x_wconf 90' lang='lat' dir='ltr'>positu</span> <span class='ocrx_word' id='word_1_122' title='bbox 1534 2129 1567 2192; x_wconf 91' lang='lat' dir='ltr'>in</span> 
     </span>
     <span class='ocr_line' id='line_1_16' title="bbox 333 2233 1568 2316; baseline -0.002 -16"><span class='ocrx_word' id='word_1_123' title='bbox 333 2235 490 2300; x_wconf 88' lang='lat' dir='ltr'>volumine</span> <span class='ocrx_word' id='word_1_124' title='bbox 514 2234 711 2300; x_wconf 89' lang='lat' dir='ltr'>Statutorum</span> <span class='ocrx_word' id='word_1_125' title='bbox 729 2233 882 2299; x_wconf 86' lang='lat' dir='ltr'>Cnrzulae</span> <span class='ocrx_word' id='word_1_126' title='bbox 906 2235 947 2300; x_wconf 93' lang='lat' dir='ltr'>ad</span> <span class='ocrx_word' id='word_1_127' title='bbox 971 2235 1141 2316; x_wconf 86' lang='lat' dir='ltr'>capitulum</span> <span class='ocrx_word' id='word_1_128' title='bbox 1157 2236 1296 2302; x_wconf 88' lang='lat' dir='ltr'>CXLIV.</span> <span class='ocrx_word' id='word_1_129' title='bbox 1314 2237 1366 2303; x_wconf 89' lang='lat' dir='ltr'>vbi</span> <span class='ocrx_word' id='word_1_130' title='bbox 1382 2253 1446 2302; x_wconf 92' lang='lat' dir='ltr'>non</span> <span class='ocrx_word' id='word_1_131' title='bbox 1461 2233 1568 2301; x_wconf 85' lang='lat' dir='ltr'>deela-</span> 
     </span>
     <span class='ocr_line' id='line_1_17' title="bbox 333 2338 1567 2424; baseline -0.002 -20"><span class='ocrx_word' id='word_1_132' title='bbox 333 2345 422 2405; x_wconf 89' lang='lat' dir='ltr'>ratur</span> <span class='ocrx_word' id='word_1_133' title='bbox 444 2345 578 2420; x_wconf 90' lang='lat' dir='ltr'>tempus,</span> <span class='ocrx_word' id='word_1_134' title='bbox 610 2339 736 2420; x_wconf 87' lang='lat' dir='ltr'>qnando</span> <span class='ocrx_word' id='word_1_135' title='bbox 760 2345 868 2420; x_wconf 86' lang='lat' dir='ltr'>pastor</span> <span class='ocrx_word' id='word_1_136' title='bbox 890 2338 1007 2406; x_wconf 88' lang='lat' dir='ltr'>habeat</span> <span class='ocrx_word' id='word_1_137' title='bbox 1029 2340 1174 2406; x_wconf 88' lang='lat' dir='ltr'>nuntiare</span> <span class='ocrx_word' id='word_1_138' title='bbox 1197 2348 1349 2424; x_wconf 83' lang='lat' dir='ltr'>patrono,</span> <span class='ocrx_word' id='word_1_139' title='bbox 1384 2341 1424 2405; x_wconf 89' lang='grc'>13</span> <span class='ocrx_word' id='word_1_140' title='bbox 1447 2338 1567 2404; x_wconf 86' lang='lat' dir='ltr'>refuta·</span> 
     </span>
    </p>
   </div>
   <div class='ocr_carea' id='block_1_5' title="bbox 332 2443 1692 2744">
    <p class='ocr_par' dir='ltr' id='par_1_5' title="bbox 332 2443 1692 2744">
     <span class='ocr_line' id='line_1_18' title="bbox 334 2443 1692 2534; baseline -0.003 -23"><span class='ocrx_word' id='word_1_141' title='bbox 334 2447 420 2512; x_wconf 89' lang='lat' dir='ltr'>tione</span> <span class='ocrx_word' id='word_1_142' title='bbox 443 2444 635 2522; x_wconf 88' lang='lat' dir='ltr'>animalium,</span> <span class='ocrx_word' id='word_1_143' title='bbox 658 2450 715 2508; x_wconf 89' lang='lat' dir='ltr'>aut</span> <span class='ocrx_word' id='word_1_144' title='bbox 730 2445 855 2525; x_wconf 91' lang='lat' dir='ltr'>quando</span> <span class='ocrx_word' id='word_1_145' title='bbox 872 2451 1024 2526; x_wconf 87' lang='lat' dir='ltr'>patronus</span> <span class='ocrx_word' id='word_1_146' title='bbox 1040 2447 1186 2512; x_wconf 89' lang='lat' dir='ltr'>nuntiare</span> <span class='ocrx_word' id='word_1_147' title='bbox 1204 2447 1319 2514; x_wconf 89' lang='lat' dir='ltr'>debeat</span> <span class='ocrx_word' id='word_1_148' title='bbox 1333 2445 1464 2528; x_wconf 86' lang='lat' dir='ltr'>pastori,</span> <span class='ocrx_word' id='word_1_149' title='bbox 1482 2443 1568 2525; x_wconf 90' lang='lat' dir='ltr'>qnod</span> <span class='ocrx_word' id='word_1_150' title='bbox 1690 2471 1692 2534; x_wconf 49' lang='grc' dir='ltr'><strong><em>ς</em></strong></span> 
     </span>
     <span class='ocr_line' id='line_1_19' title="bbox 333 2549 1568 2633; baseline -0.003 -17"><span class='ocrx_word' id='word_1_151' title='bbox 333 2553 437 2633; x_wconf 91' lang='lat' dir='ltr'>ipsum</span> <span class='ocrx_word' id='word_1_152' title='bbox 459 2555 618 2632; x_wconf 88' lang='lat' dir='ltr'>pastorem</span> <span class='ocrx_word' id='word_1_153' title='bbox 641 2550 755 2628; x_wconf 78' lang='lat' dir='ltr'>renuit,</span> <span class='ocrx_word' id='word_1_154' title='bbox 783 2549 867 2630; x_wconf 91' lang='lat' dir='ltr'>quod</span> <span class='ocrx_word' id='word_1_155' title='bbox 889 2550 1084 2632; x_wconf 86' lang='lat' dir='ltr'>approbatur·</span> <span class='ocrx_word' id='word_1_156' title='bbox 1107 2571 1165 2633; x_wconf 89' lang='lat' dir='ltr'>per</span> <span class='ocrx_word' id='word_1_157' title='bbox 1186 2553 1445 2617; x_wconf 80' lang='lat' dir='ltr'>consuetudinem</span> <span class='ocrx_word' id='word_1_158' title='bbox 1468 2549 1568 2613; x_wconf 86' lang='lat' dir='ltr'>usita-</span> 
     </span>
     <span class='ocr_line' id='line_1_20' title="bbox 332 2653 1692 2744; baseline -0.002 -23"><span class='ocrx_word' id='word_1_159' title='bbox 332 2661 398 2721; x_wconf 90' lang='lat' dir='ltr'>tam</span> <span class='ocrx_word' id='word_1_160' title='bbox 420 2655 480 2720; x_wconf 91' lang='lat' dir='ltr'>hoo</span> <span class='ocrx_word' id='word_1_161' title='bbox 502 2653 569 2720; x_wconf 90' lang='lat' dir='ltr'>fieri</span> <span class='ocrx_word' id='word_1_162' title='bbox 593 2654 709 2719; x_wconf 90' lang='lat' dir='ltr'>debere</span> <span class='ocrx_word' id='word_1_163' title='bbox 732 2655 763 2718; x_wconf 92' lang='lat' dir='ltr'>iu</span> <span class='ocrx_word' id='word_1_164' title='bbox 786 2661 917 2720; x_wconf 90' lang='lat' dir='ltr'>tonsura</span> <span class='ocrx_word' id='word_1_165' title='bbox 947 2655 1128 2720; x_wconf 88' lang='lat' dir='ltr'>animalium</span> <span class='ocrx_word' id='word_1_166' title='bbox 1152 2663 1211 2721; x_wconf 87' lang='lat' dir='ltr'>eto.</span> <span class='ocrx_word' id='word_1_167' title='bbox 1236 2657 1371 2722; x_wconf 89' lang='lat' dir='ltr'>addatur</span> <span class='ocrx_word' id='word_1_168' title='bbox 1394 2655 1479 2720; x_wconf 87' lang='lat' dir='ltr'>dicto</span> <span class='ocrx_word' id='word_1_169' title='bbox 1502 2661 1568 2718; x_wconf 83' lang='lat' dir='ltr'>sta-</span> <span class='ocrx_word' id='word_1_170' title='bbox 1691 2739 1692 2744; x_wconf 5' lang='grc' dir='ltr'>ἵ</span> 
     </span>
    </p>
   </div>
   <div class='ocr_carea' id='block_1_6' title="bbox 333 2759 1569 3690">
    <p class='ocr_par' dir='ltr' id='par_1_6' title="bbox 333 2759 1569 3690">
     <span class='ocr_line' id='line_1_21' title="bbox 333 2759 1569 2842; baseline -0.003 -16"><span class='ocrx_word' id='word_1_171' title='bbox 333 2767 412 2840; x_wconf 87' lang='lat' dir='ltr'>tuto,</span> <span class='ocrx_word' id='word_1_172' title='bbox 437 2761 521 2841; x_wconf 92' lang='lat' dir='ltr'>qnod</span> <span class='ocrx_word' id='word_1_173' title='bbox 544 2759 571 2824; x_wconf 89' lang='lat' dir='ltr'>si</span> <span class='ocrx_word' id='word_1_174' title='bbox 592 2765 702 2840; x_wconf 89' lang='lat' dir='ltr'>pastor</span> <span class='ocrx_word' id='word_1_175' title='bbox 724 2777 788 2823; x_wconf 92' lang='lat' dir='ltr'>non</span> <span class='ocrx_word' id='word_1_176' title='bbox 811 2760 1005 2824; x_wconf 90' lang='lat' dir='ltr'>nuntiauerit</span> <span class='ocrx_word' id='word_1_177' title='bbox 1027 2765 1160 2842; x_wconf 89' lang='lat' dir='ltr'>patrono</span> <span class='ocrx_word' id='word_1_178' title='bbox 1178 2761 1358 2827; x_wconf 91' lang='lat' dir='ltr'>animalium</span> <span class='ocrx_word' id='word_1_179' title='bbox 1380 2761 1412 2824; x_wconf 96' lang='lat' dir='ltr'>in</span> <span class='ocrx_word' id='word_1_180' title='bbox 1435 2765 1569 2825; x_wconf 88' lang='lat' dir='ltr'>tonsura</span> 
     </span>
     <span class='ocr_line' id='line_1_22' title="bbox 333 2865 1567 2948; baseline -0.002 -18"><span class='ocrx_word' id='word_1_181' title='bbox 333 2865 476 2930; x_wconf 90' lang='lat' dir='ltr'>lanarum</span> <span class='ocrx_word' id='word_1_182' title='bbox 500 2881 604 2929; x_wconf 86' lang='lat' dir='ltr'>coram</span> <span class='ocrx_word' id='word_1_183' title='bbox 626 2865 749 2929; x_wconf 91' lang='lat' dir='ltr'>duobus</span> <span class='ocrx_word' id='word_1_184' title='bbox 771 2865 905 2931; x_wconf 89' lang='lat' dir='ltr'>testibus</span> <span class='ocrx_word' id='word_1_185' title='bbox 930 2868 1058 2944; x_wconf 76' lang='lat' dir='ltr'>vocata,</span> <span class='ocrx_word' id='word_1_186' title='bbox 1083 2868 1167 2948; x_wconf 90' lang='lat' dir='ltr'>quod</span> <span class='ocrx_word' id='word_1_187' title='bbox 1190 2875 1341 2948; x_wconf 85' lang='lat' dir='ltr'>procuret</span> <span class='ocrx_word' id='word_1_188' title='bbox 1363 2867 1403 2931; x_wconf 86' lang='lat' dir='ltr'>da</span> <span class='ocrx_word' id='word_1_189' title='bbox 1425 2865 1488 2931; x_wconf 86' lang='lat' dir='ltr'>alio</span> <span class='ocrx_word' id='word_1_190' title='bbox 1511 2883 1567 2944; x_wconf 92' lang='lat' dir='ltr'>pa·</span> 
     </span>
     <span class='ocr_line' id='line_1_23' title="bbox 334 2969 1567 3053; baseline -0.003 -17"><span class='ocrx_word' id='word_1_191' title='bbox 334 2977 430 3049; x_wconf 80' lang='grc'><strong>31333,</strong></span> <span class='ocrx_word' id='word_1_192' title='bbox 454 2969 528 3050; x_wconf 88' lang='lat' dir='ltr'>quia</span> <span class='ocrx_word' id='word_1_193' title='bbox 550 2989 587 3034; x_wconf 84' lang='lat' dir='ltr'>ex</span> <span class='ocrx_word' id='word_1_194' title='bbox 610 2987 692 3034; x_wconf 85' lang='lat' dir='ltr'>nuno</span> <span class='ocrx_word' id='word_1_195' title='bbox 715 2971 776 3035; x_wconf 89' lang='lat' dir='ltr'>sibi</span> <span class='ocrx_word' id='word_1_196' title='bbox 799 2970 946 3035; x_wconf 90' lang='lat' dir='ltr'>animalia</span> <span class='ocrx_word' id='word_1_197' title='bbox 969 2973 1128 3053; x_wconf 84' lang='lat' dir='ltr'>pascenda</span> <span class='ocrx_word' id='word_1_198' title='bbox 1150 2971 1277 3052; x_wconf 78' lang='lat' dir='ltr'>refutat</span> <span class='ocrx_word' id='word_1_199' title='bbox 1302 2990 1365 3036; x_wconf 94' lang='lat' dir='ltr'>non</span> <span class='ocrx_word' id='word_1_200' title='bbox 1387 2970 1491 3052; x_wconf 89' lang='lat' dir='ltr'>possit</span> <span class='ocrx_word' id='word_1_201' title='bbox 1512 2969 1567 3034; x_wconf 89' lang='grc'><strong>1113</strong></span> 
     </span>
     <span class='ocr_line' id='line_1_24' title="bbox 335 3073 1566 3160; baseline -0.002 -20"><span class='ocrx_word' id='word_1_202' title='bbox 335 3074 482 3141; x_wconf 88' lang='lat' dir='ltr'>animalia</span> <span class='ocrx_word' id='word_1_203' title='bbox 515 3073 674 3141; x_wconf 91' lang='lat' dir='ltr'>dimittere</span> <span class='ocrx_word' id='word_1_204' title='bbox 697 3076 737 3140; x_wconf 92' lang='lat' dir='ltr'>ab</span> <span class='ocrx_word' id='word_1_205' title='bbox 761 3077 829 3140; x_wconf 87' lang='lat' dir='ltr'>eius</span> <span class='ocrx_word' id='word_1_206' title='bbox 863 3077 1008 3142; x_wconf 85' lang='lat' dir='ltr'>custodia</span> <span class='ocrx_word' id='word_1_207' title='bbox 1039 3083 1185 3160; x_wconf 91' lang='lat' dir='ltr'>prototo</span> <span class='ocrx_word' id='word_1_208' title='bbox 1214 3077 1276 3144; x_wconf 89' lang='grc'><strong>3113</strong></span> <span class='ocrx_word' id='word_1_209' title='bbox 1298 3096 1381 3143; x_wconf 89' lang='grc'><strong>3333</strong></span> <span class='ocrx_word' id='word_1_210' title='bbox 1411 3076 1566 3156; x_wconf 87' lang='lat' dir='ltr'>sequenti.</span> 
     </span>
     <span class='ocr_line' id='line_1_25' title="bbox 334 3179 1566 3263; baseline -0.001 -19"><span class='ocrx_word' id='word_1_211' title='bbox 334 3180 377 3246; x_wconf 86' lang='lat' dir='ltr'>Et</span> <span class='ocrx_word' id='word_1_212' title='bbox 398 3199 456 3261; x_wconf 92' lang='lat' dir='ltr'>per</span> <span class='ocrx_word' id='word_1_213' title='bbox 479 3179 579 3244; x_wconf 88' lang='lat' dir='ltr'>simile</span> <span class='ocrx_word' id='word_1_214' title='bbox 603 3185 752 3260; x_wconf 87' lang='lat' dir='ltr'>patronus</span> <span class='ocrx_word' id='word_1_215' title='bbox 782 3187 931 3247; x_wconf 89' lang='lat' dir='ltr'>teneatur</span> <span class='ocrx_word' id='word_1_216' title='bbox 952 3181 985 3244; x_wconf 92' lang='lat' dir='ltr'>in</span> <span class='ocrx_word' id='word_1_217' title='bbox 1008 3183 1092 3246; x_wconf 84' lang='lat' dir='ltr'>diota</span> <span class='ocrx_word' id='word_1_218' title='bbox 1116 3188 1246 3247; x_wconf 88' lang='lat' dir='ltr'>tonsura</span> <span class='ocrx_word' id='word_1_219' title='bbox 1267 3183 1412 3246; x_wconf 89' lang='lat' dir='ltr'>nuntiare</span> <span class='ocrx_word' id='word_1_220' title='bbox 1435 3180 1566 3263; x_wconf 87' lang='lat' dir='ltr'>pastori,</span> 
     </span>
     <span class='ocr_line' id='line_1_26' title="bbox 335 3284 1568 3366; baseline -0.001 -17"><span class='ocrx_word' id='word_1_221' title='bbox 335 3286 363 3350; x_wconf 92' lang='lat' dir='ltr'>si</span> <span class='ocrx_word' id='word_1_222' title='bbox 382 3284 485 3366; x_wconf 90' lang='lat' dir='ltr'>ipsum</span> <span class='ocrx_word' id='word_1_223' title='bbox 508 3286 540 3347; x_wconf 91' lang='lat' dir='ltr'>in</span> <span class='ocrx_word' id='word_1_224' title='bbox 563 3285 631 3348; x_wconf 91' lang='lat' dir='ltr'>eius</span> <span class='ocrx_word' id='word_1_225' title='bbox 661 3291 821 3365; x_wconf 88' lang='lat' dir='ltr'>pastorem</span> <span class='ocrx_word' id='word_1_226' title='bbox 854 3286 988 3366; x_wconf 89' lang='lat' dir='ltr'>amplius</span> <span class='ocrx_word' id='word_1_227' title='bbox 1023 3287 1140 3351; x_wconf 89' lang='lat' dir='ltr'>habere</span> <span class='ocrx_word' id='word_1_228' title='bbox 1174 3287 1326 3364; x_wconf 82' lang='lat' dir='ltr'>noluerit,</span> <span class='ocrx_word' id='word_1_229' title='bbox 1361 3293 1395 3350; x_wconf 87' lang='lat' dir='ltr'>vt</span> <span class='ocrx_word' id='word_1_230' title='bbox 1417 3291 1568 3366; x_wconf 85' lang='lat' dir='ltr'>procuret</span> 
     </span>
     <span class='ocr_line' id='line_1_27' title="bbox 334 3389 1569 3472; baseline -0.002 -17"><span class='ocrx_word' id='word_1_231' title='bbox 334 3389 394 3455; x_wconf 90' lang='lat' dir='ltr'>sibi</span> <span class='ocrx_word' id='word_1_232' title='bbox 417 3390 456 3455; x_wconf 88' lang='lat' dir='ltr'>de</span> <span class='ocrx_word' id='word_1_233' title='bbox 479 3389 541 3454; x_wconf 89' lang='lat' dir='ltr'>aiio</span> <span class='ocrx_word' id='word_1_234' title='bbox 564 3399 708 3470; x_wconf 81' lang='lat' dir='ltr'>patrono,</span> <span class='ocrx_word' id='word_1_235' title='bbox 741 3391 815 3470; x_wconf 89' lang='lat' dir='ltr'>quia</span> <span class='ocrx_word' id='word_1_236' title='bbox 837 3409 874 3454; x_wconf 82' lang='lat' dir='ltr'>eu</span> <span class='ocrx_word' id='word_1_237' title='bbox 898 3409 981 3455; x_wconf 87' lang='lat' dir='ltr'>nuno</span> <span class='ocrx_word' id='word_1_238' title='bbox 1003 3392 1106 3472; x_wconf 90' lang='lat' dir='ltr'>ipsum</span> <span class='ocrx_word' id='word_1_239' title='bbox 1130 3392 1243 3470; x_wconf 86' lang='lat' dir='ltr'>renuit,</span> <span class='ocrx_word' id='word_1_240' title='bbox 1280 3391 1357 3456; x_wconf 88' lang='grc'><strong>31133</strong></span> <span class='ocrx_word' id='word_1_241' title='bbox 1380 3409 1444 3455; x_wconf 93' lang='grc'>333</span> <span class='ocrx_word' id='word_1_242' title='bbox 1467 3390 1569 3470; x_wconf 89' lang='lat' dir='ltr'>possit</span> 
     </span>
     <span class='ocr_line' id='line_1_28' title="bbox 334 3494 1567 3577; baseline 0 -19"><span class='ocrx_word' id='word_1_243' title='bbox 334 3494 438 3575; x_wconf 91' lang='lat' dir='ltr'>ipsum</span> <span class='ocrx_word' id='word_1_244' title='bbox 461 3499 619 3574; x_wconf 88' lang='lat' dir='ltr'>pastorem</span> <span class='ocrx_word' id='word_1_245' title='bbox 634 3513 654 3558; x_wconf 98' lang='grc'>3</span> <span class='ocrx_word' id='word_1_246' title='bbox 669 3495 812 3560; x_wconf 83' lang='grc'><strong>33313113</strong></span> <span class='ocrx_word' id='word_1_247' title='bbox 834 3495 974 3576; x_wconf 91' lang='lat' dir='ltr'>ipsorum</span> <span class='ocrx_word' id='word_1_248' title='bbox 998 3496 1180 3561; x_wconf 88' lang='lat' dir='ltr'>animalium</span> <span class='ocrx_word' id='word_1_249' title='bbox 1203 3495 1362 3577; x_wconf 84' lang='lat' dir='ltr'>expetiere</span> <span class='ocrx_word' id='word_1_250' title='bbox 1378 3511 1567 3577; x_wconf 87' lang='lat' dir='ltr'>perannum</span> 
     </span>
     <span class='ocr_line' id='line_1_29' title="bbox 336 3599 745 3690; baseline -0.002 -28"><span class='ocrx_word' id='word_1_251' title='bbox 336 3604 519 3690; x_wconf 90' lang='lat' dir='ltr'>sequentem</span> <span class='ocrx_word' id='word_1_252' title='bbox 543 3599 745 3680; x_wconf 80' lang='lat' dir='ltr'>praedictum.</span> 
     </span>
    </p>
   </div>
   <div class='ocr_carea' id='block_1_7' title="bbox 472 3790 1439 3858">
    <p class='ocr_par' dir='ltr' id='par_1_7' title="bbox 472 3790 1439 3858">
     <span class='ocr_line' id='line_1_30' title="bbox 472 3790 1439 3858; baseline -0.001 -2"><span class='ocrx_word' id='word_1_253' title='bbox 472 3814 539 3856; x_wconf 77' lang='lat' dir='ltr'>usn.</span> <span class='ocrx_word' id='word_1_254' title='bbox 563 3815 647 3856; x_wconf 85' lang='lat' dir='ltr'>oum.</span> <span class='ocrx_word' id='word_1_255' title='bbox 671 3816 729 3856; x_wconf 80' lang='grc'>333</span> <span class='ocrx_word' id='word_1_256' title='bbox 752 3815 895 3858; x_wconf 78' lang='grc'><strong>33333313</strong></span> <span class='ocrx_word' id='word_1_257' title='bbox 919 3815 1039 3857; x_wconf 85' lang='lat' dir='ltr'>vnnrnrs</span> <span class='ocrx_word' id='word_1_258' title='bbox 1061 3817 1095 3856; x_wconf 86' lang='lat' dir='ltr'>ru</span> <span class='ocrx_word' id='word_1_259' title='bbox 1118 3815 1269 3858; x_wconf 75' lang='grc'><strong>33333333</strong></span> <span class='ocrx_word' id='word_1_260' title='bbox 1292 3790 1439 3857; x_wconf 59' lang='grc'>3333333.2</span> 
     </span>
    </p>
   </div>
   <div class='ocr_carea' id='block_1_8' title="bbox 378 3930 1566 4014">
    <p class='ocr_par' dir='ltr' id='par_1_8' title="bbox 378 3930 1566 4014">
     <span class='ocr_line' id='line_1_31' title="bbox 378 3930 1566 4014; baseline 0 -18"><span class='ocrx_word' id='word_1_261' title='bbox 378 3931 458 3996; x_wconf 88' lang='lat' dir='ltr'>item</span> <span class='ocrx_word' id='word_1_262' title='bbox 482 3931 648 3997; x_wconf 85' lang='lat' dir='ltr'>Moooxxxi.</span> <span class='ocrx_word' id='word_1_263' title='bbox 672 3931 845 3997; x_wconf 84' lang='lat' dir='ltr'>indictione</span> <span class='ocrx_word' id='word_1_264' title='bbox 864 3933 902 3995; x_wconf 85' lang='lat' dir='ltr'>ix.</span> <span class='ocrx_word' id='word_1_265' title='bbox 920 3939 952 3997; x_wconf 88' lang='lat' dir='ltr'>et</span> <span class='ocrx_word' id='word_1_266' title='bbox 968 3932 1019 3997; x_wconf 90' lang='lat' dir='ltr'>die</span> <span class='ocrx_word' id='word_1_267' title='bbox 1034 3933 1096 4014; x_wconf 84' lang='lat' dir='ltr'>viij.</span> <span class='ocrx_word' id='word_1_268' title='bbox 1112 3933 1228 3998; x_wconf 88' lang='lat' dir='ltr'>mensis</span> <span class='ocrx_word' id='word_1_269' title='bbox 1243 3931 1395 4014; x_wconf 89' lang='lat' dir='ltr'>Januarij.</span> <span class='ocrx_word' id='word_1_270' title='bbox 1418 3931 1457 3994; x_wconf 94' lang='lat' dir='ltr'>In</span> <span class='ocrx_word' id='word_1_271' title='bbox 1471 3930 1566 4013; x_wconf 86' lang='lat' dir='ltr'>pleno</span> 
     </span>
    </p>
   </div>
   <div class='ocr_carea' id='block_1_9' title="bbox 334 4019 1692 4330">
    <p class='ocr_par' dir='ltr' id='par_1_9' title="bbox 334 4019 1692 4330">
     <span class='ocr_line' id='line_1_32' title="bbox 335 4019 1692 4121; baseline 0 -17"><span class='ocrx_word' id='word_1_272' title='bbox 335 4043 368 4104; x_wconf 95' lang='grc'>31</span> <span class='ocrx_word' id='word_1_273' title='bbox 390 4037 528 4121; x_wconf 86' lang='lat' dir='ltr'>generali</span> <span class='ocrx_word' id='word_1_274' title='bbox 559 4036 686 4103; x_wconf 85' lang='lat' dir='ltr'>consilio</span> <span class='ocrx_word' id='word_1_275' title='bbox 719 4041 844 4118; x_wconf 79' lang='lat' dir='ltr'>captum</span> <span class='ocrx_word' id='word_1_276' title='bbox 875 4036 934 4101; x_wconf 88' lang='lat' dir='ltr'>fuit</span> <span class='ocrx_word' id='word_1_277' title='bbox 963 4057 1020 4119; x_wconf 88' lang='lat' dir='ltr'>per</span> <span class='ocrx_word' id='word_1_278' title='bbox 1042 4037 1178 4103; x_wconf 90' lang='lat' dir='ltr'>ballotas</span> <span class='ocrx_word' id='word_1_279' title='bbox 1201 4037 1254 4120; x_wconf 88' lang='lat' dir='ltr'>lvj.</span> <span class='ocrx_word' id='word_1_280' title='bbox 1277 4036 1566 4104; x_wconf 88' lang='lat' dir='ltr'>nonobstantibus</span> <span class='ocrx_word' id='word_1_281' title='bbox 1690 4019 1692 4104; x_wconf 73' lang='grc'>1</span> 
     </span>
     <span class='ocr_line' id='line_1_33' title="bbox 334 4142 1692 4224; baseline 0 -17"><span class='ocrx_word' id='word_1_282' title='bbox 334 4143 460 4208; x_wconf 82' lang='grc'><strong>13113113</strong></span> <span class='ocrx_word' id='word_1_283' title='bbox 483 4143 523 4223; x_wconf 90' lang='lat' dir='ltr'>vj.</span> <span class='ocrx_word' id='word_1_284' title='bbox 547 4143 579 4206; x_wconf 92' lang='grc'>13</span> <span class='ocrx_word' id='word_1_285' title='bbox 602 4143 793 4207; x_wconf 87' lang='lat' dir='ltr'>contrarium</span> <span class='ocrx_word' id='word_1_286' title='bbox 815 4143 959 4224; x_wconf 85' lang='lat' dir='ltr'>repertis,</span> <span class='ocrx_word' id='word_1_287' title='bbox 984 4143 1068 4224; x_wconf 92' lang='lat' dir='ltr'>quod</span> <span class='ocrx_word' id='word_1_288' title='bbox 1083 4162 1141 4224; x_wconf 92' lang='lat' dir='ltr'>pro</span> <span class='ocrx_word' id='word_1_289' title='bbox 1158 4143 1370 4209; x_wconf 87' lang='lat' dir='ltr'>declaratione</span> <span class='ocrx_word' id='word_1_290' title='bbox 1392 4142 1477 4206; x_wconf 85' lang='grc'><strong>111133</strong></span> <span class='ocrx_word' id='word_1_291' title='bbox 1502 4149 1567 4207; x_wconf 88' lang='lat' dir='ltr'>sta-</span> <span class='ocrx_word' id='word_1_292' title='bbox 1690 4149 1692 4222; x_wconf 76' lang='grc'>1</span> 
     </span>
     <span class='ocr_line' id='line_1_34' title="bbox 334 4246 1692 4330; baseline -0.004 -18"><span class='ocrx_word' id='word_1_293' title='bbox 334 4247 395 4312; x_wconf 89' lang='lat' dir='ltr'>tuti</span> <span class='ocrx_word' id='word_1_294' title='bbox 418 4248 575 4328; x_wconf 85' lang='lat' dir='ltr'>loquentis</span> <span class='ocrx_word' id='word_1_295' title='bbox 606 4248 646 4312; x_wconf 84' lang='lat' dir='ltr'>de</span> <span class='ocrx_word' id='word_1_296' title='bbox 677 4247 780 4313; x_wconf 92' lang='lat' dir='ltr'>bando</span> <span class='ocrx_word' id='word_1_297' title='bbox 809 4247 841 4311; x_wconf 92' lang='lat' dir='ltr'>iu</span> <span class='ocrx_word' id='word_1_298' title='bbox 870 4247 992 4312; x_wconf 79' lang='lat' dir='ltr'>Ghnese</span> <span class='ocrx_word' id='word_1_299' title='bbox 1023 4248 1064 4312; x_wconf 95' lang='grc'>31</span> <span class='ocrx_word' id='word_1_300' title='bbox 1094 4249 1266 4330; x_wconf 81' lang='lat' dir='ltr'>capitulum</span> <span class='ocrx_word' id='word_1_301' title='bbox 1290 4246 1400 4312; x_wconf 86' lang='lat' dir='ltr'>CXVI.</span> <span class='ocrx_word' id='word_1_302' title='bbox 1425 4247 1566 4312; x_wconf 88' lang='lat' dir='ltr'>addatur</span> <span class='ocrx_word' id='word_1_303' title='bbox 1691 4283 1692 4306; x_wconf 55' lang='lat'>1</span> 
     </span>
    </p>
   </div>
   <div class='ocr_carea' id='block_1_10' title="bbox 334 4351 1569 4434">
    <p class='ocr_par' dir='ltr' id='par_1_10' title="bbox 334 4351 1569 4434">
     <span class='ocr_line' id='line_1_35' title="bbox 334 4351 1569 4434; baseline 0.003 -20"><span class='ocrx_word' id='word_1_304' title='bbox 334 4351 414 4416; x_wconf 86' lang='lat' dir='ltr'>iraeo</span> <span class='ocrx_word' id='word_1_305' title='bbox 435 4351 589 4433; x_wconf 88' lang='lat' dir='ltr'>particula</span> <span class='ocrx_word' id='word_1_306' title='bbox 603 4351 814 4433; x_wconf 76' lang='lat' dir='ltr'>infrascripta,</span> <span class='ocrx_word' id='word_1_307' title='bbox 841 4352 996 4433; x_wconf 82' lang='lat' dir='ltr'>videlieet,</span> <span class='ocrx_word' id='word_1_308' title='bbox 1020 4353 1104 4433; x_wconf 89' lang='lat' dir='ltr'>quod</span> <span class='ocrx_word' id='word_1_309' title='bbox 1126 4353 1231 4432; x_wconf 85' lang='lat' dir='ltr'>bandi,</span> <span class='ocrx_word' id='word_1_310' title='bbox 1257 4351 1390 4417; x_wconf 88' lang='lat' dir='ltr'>confinia</span> <span class='ocrx_word' id='word_1_311' title='bbox 1413 4357 1447 4416; x_wconf 91' lang='lat' dir='ltr'>et</span> <span class='ocrx_word' id='word_1_312' title='bbox 1468 4352 1569 4434; x_wconf 86' lang='lat' dir='ltr'>gades</span> 
     </span>
    </p>
   </div>
   <div class='ocr_carea' id='block_1_11' title="bbox 340 4457 1692 4548">
    <p class='ocr_par' dir='ltr' id='par_1_11' title="bbox 340 4457 1692 4548">
     <span class='ocr_line' id='line_1_36' title="bbox 340 4457 1692 4548; baseline 0.002 -28"><span class='ocrx_word' id='word_1_313' title='bbox 340 4475 410 4522; x_wconf 85' lang='lat' dir='ltr'>esse</span> <span class='ocrx_word' id='word_1_314' title='bbox 433 4457 658 4538; x_wconf 85' lang='lat' dir='ltr'>intelligantur,</span> <span class='ocrx_word' id='word_1_315' title='bbox 682 4457 858 4539; x_wconf 86' lang='lat' dir='ltr'>incipiendo</span> <span class='ocrx_word' id='word_1_316' title='bbox 882 4475 902 4521; x_wconf 93' lang='grc'>3</span> <span class='ocrx_word' id='word_1_317' title='bbox 924 4457 1050 4522; x_wconf 80' lang='lat' dir='ltr'>civitate</span> <span class='ocrx_word' id='word_1_318' title='bbox 1074 4477 1173 4539; x_wconf 85' lang='lat' dir='ltr'>usque</span> <span class='ocrx_word' id='word_1_319' title='bbox 1189 4457 1230 4523; x_wconf 93' lang='grc'>31</span> <span class='ocrx_word' id='word_1_320' title='bbox 1245 4457 1359 4523; x_wconf 89' lang='lat' dir='ltr'>vallem</span> <span class='ocrx_word' id='word_1_321' title='bbox 1382 4457 1569 4523; x_wconf 80' lang='lat' dir='ltr'>Ranisebiae</span> <span class='ocrx_word' id='word_1_322' title='bbox 1691 4545 1692 4548; x_wconf 8' lang='grc' dir='ltr'><strong>Ἴ</strong></span> 
     </span>
    </p>
   </div>
   <div class='ocr_carea' id='block_1_12' title="bbox 382 4650 848 4817">
    <p class='ocr_par' dir='ltr' id='par_1_12' title="bbox 382 4650 848 4817">
     <span class='ocr_line' id='line_1_37' title="bbox 383 4650 848 4728; baseline -0.006 -16"><span class='ocrx_word' id='word_1_323' title='bbox 383 4650 451 4714; x_wconf 77' lang='grc'>101.</span> <span class='ocrx_word' id='word_1_324' title='bbox 468 4671 541 4728; x_wconf 90' lang='lat' dir='ltr'>oap.</span> <span class='ocrx_word' id='word_1_325' title='bbox 559 4653 678 4713; x_wconf 83' lang='lat' dir='ltr'>CXLIV.</span> <span class='ocrx_word' id='word_1_326' title='bbox 695 4652 848 4712; x_wconf 88' lang='lat' dir='ltr'>Statnti.</span> 
     </span>
     <span class='ocr_line' id='line_1_38' title="bbox 382 4741 775 4817; baseline -0.003 -15"><span class='ocrx_word' id='word_1_327' title='bbox 382 4741 450 4802; x_wconf 67' lang='grc'>2(11.</span> <span class='ocrx_word' id='word_1_328' title='bbox 467 4759 528 4817; x_wconf 88' lang='lat' dir='ltr'>oap.</span> <span class='ocrx_word' id='word_1_329' title='bbox 545 4741 775 4803; x_wconf 75' lang='grc'><strong>(1111118131311.</strong></span> 
     </span>
    </p>
   </div>
   <div class='ocr_carea' id='block_1_13' title="bbox 0 0 1709 5396">
    <p class='ocr_par' dir='ltr' id='par_1_13' title="bbox 0 0 1709 5396">
     <span class='ocr_line' id='line_1_39' title="bbox 0 0 1709 5396; baseline 0 0"><span class='ocrx_word' id='word_1_330' title='bbox 0 0 1709 5396; x_wconf 95' lang='lat' dir='ltr'> </span> 
     </span>
    </p>
   </div>
  </div>
 </body>
</html>
