<?xml version="1.0" encoding="UTF-8"?>
<!DOCTYPE html PUBLIC "-//W3C//DTD XHTML 1.0 Transitional//EN"
    "http://www.w3.org/TR/xhtml1/DTD/xhtml1-transitional.dtd">
<html xmlns="http://www.w3.org/1999/xhtml" xml:lang="en" lang="en">
 <head>
  <title>
</title>
<meta http-equiv="Content-Type" content="text/html;charset=utf-8" />
  <meta name='ocr-system' content='tesseract 3.04.00' />
  <meta name='ocr-capabilities' content='ocr_page ocr_carea ocr_par ocr_line ocrx_word'/>
</head>
<body>
  <div class='ocr_page' id='page_1' title='image "./statutaetlegesc00yuggoog_0106.png"; bbox 0 0 3396 5402; ppageno 0'>
   <div class='ocr_carea' id='block_1_1' title="bbox 531 674 1439 744">
    <p class='ocr_par' dir='ltr' id='par_1_1' title="bbox 531 674 1439 744">
     <span class='ocr_line' id='line_1_1' title="bbox 531 674 1439 744; baseline -0.004 0"><span class='ocrx_word' id='word_1_1' title='bbox 531 701 598 744; x_wconf 80' lang='lat' dir='ltr'>ons.</span> <span class='ocrx_word' id='word_1_2' title='bbox 621 702 711 742; x_wconf 86' lang='lat' dir='ltr'>xxrx.</span> <span class='ocrx_word' id='word_1_3' title='bbox 734 701 902 744; x_wconf 70' lang='lat' dir='ltr'>nonnosum</span> <span class='ocrx_word' id='word_1_4' title='bbox 925 697 1034 743; x_wconf 74' lang='lat' dir='ltr'>man</span> <span class='ocrx_word' id='word_1_5' title='bbox 1055 695 1164 742; x_wconf 72' lang='lat' dir='ltr'>susa</span> <span class='ocrx_word' id='word_1_6' title='bbox 1187 674 1439 743; x_wconf 76' lang='lat' dir='ltr'>rarrtr&#39;arsamum.¹</span> 
     </span>
    </p>
   </div>
   <div class='ocr_carea' id='block_1_2' title="bbox 367 813 1664 1456">
    <p class='ocr_par' dir='ltr' id='par_1_2' title="bbox 367 813 1664 1456">
     <span class='ocr_line' id='line_1_2' title="bbox 413 813 1597 898; baseline -0.003 -16"><span class='ocrx_word' id='word_1_7' title='bbox 413 813 494 882; x_wconf 84' lang='lat' dir='ltr'><strong>Item</strong></span> <span class='ocrx_word' id='word_1_8' title='bbox 517 817 549 881; x_wconf 95' lang='lat' dir='ltr'>in</span> <span class='ocrx_word' id='word_1_9' title='bbox 572 816 656 882; x_wconf 82' lang='lat' dir='ltr'>dicto</span> <span class='ocrx_word' id='word_1_10' title='bbox 679 815 824 894; x_wconf 85' lang='lat' dir='ltr'>consilio,</span> <span class='ocrx_word' id='word_1_11' title='bbox 860 821 895 880; x_wconf 87' lang='lat' dir='ltr'>rt</span> <span class='ocrx_word' id='word_1_12' title='bbox 917 831 1015 897; x_wconf 87' lang='lat' dir='ltr'>supra</span> <span class='ocrx_word' id='word_1_13' title='bbox 1036 816 1088 881; x_wconf 89' lang='lat' dir='ltr'>die</span> <span class='ocrx_word' id='word_1_14' title='bbox 1110 831 1139 879; x_wconf 82' lang='lat' dir='ltr'>x.</span> <span class='ocrx_word' id='word_1_15' title='bbox 1162 831 1245 880; x_wconf 91' lang='lat' dir='ltr'>men.</span> <span class='ocrx_word' id='word_1_16' title='bbox 1269 813 1454 880; x_wconf 87' lang='lat' dir='ltr'>Decembris</span> <span class='ocrx_word' id='word_1_17' title='bbox 1484 819 1597 898; x_wconf 86' lang='lat' dir='ltr'>captum</span> 
     </span>
     <span class='ocr_line' id='line_1_3' title="bbox 371 879 1663 1001; baseline -0.002 -17"><span class='ocrx_word' id='word_1_18' title='bbox 371 919 447 998; x_wconf 81' lang='lat' dir='ltr'>init,</span> <span class='ocrx_word' id='word_1_19' title='bbox 482 919 617 1001; x_wconf 90' lang='lat' dir='ltr'>quodsi</span> <span class='ocrx_word' id='word_1_20' title='bbox 640 920 748 1001; x_wconf 89' lang='lat' dir='ltr'>aliqua</span> <span class='ocrx_word' id='word_1_21' title='bbox 777 919 890 986; x_wconf 89' lang='lat' dir='ltr'>mulier</span> <span class='ocrx_word' id='word_1_22' title='bbox 922 919 1026 984; x_wconf 87' lang='lat' dir='ltr'>maiae</span> <span class='ocrx_word' id='word_1_23' title='bbox 1059 917 1164 984; x_wconf 82' lang='lat' dir='ltr'>famae</span> <span class='ocrx_word' id='word_1_24' title='bbox 1194 927 1227 985; x_wconf 90' lang='lat' dir='ltr'>et</span> <span class='ocrx_word' id='word_1_25' title='bbox 1248 919 1333 984; x_wconf 85' lang='lat' dir='ltr'>vitae</span> <span class='ocrx_word' id='word_1_26' title='bbox 1363 917 1485 984; x_wconf 80' lang='lat' dir='ltr'>diceret</span> <span class='ocrx_word' id='word_1_27' title='bbox 1516 916 1598 982; x_wconf 80' lang='lat' dir='ltr'>alieri</span> <span class='ocrx_word' id='word_1_28' title='bbox 1660 879 1663 950; x_wconf 46' lang='lat' dir='ltr'>i</span> 
     </span>
     <span class='ocr_line' id='line_1_4' title="bbox 367 965 1663 1106; baseline -0.005 -16"><span class='ocrx_word' id='word_1_29' title='bbox 367 1025 471 1090; x_wconf 87' lang='lat' dir='ltr'>bonae</span> <span class='ocrx_word' id='word_1_30' title='bbox 494 1021 598 1089; x_wconf 82' lang='lat' dir='ltr'>famae</span> <span class='ocrx_word' id='word_1_31' title='bbox 621 1024 762 1100; x_wconf 85' lang='lat' dir='ltr'>mulieri,</span> <span class='ocrx_word' id='word_1_32' title='bbox 798 1023 849 1088; x_wconf 85' lang='lat' dir='ltr'>vei</span> <span class='ocrx_word' id='word_1_33' title='bbox 872 1024 904 1088; x_wconf 92' lang='lat' dir='ltr'>in</span> <span class='ocrx_word' id='word_1_34' title='bbox 927 1023 1127 1106; x_wconf 86' lang='lat' dir='ltr'>praesentia,</span> <span class='ocrx_word' id='word_1_35' title='bbox 1163 1021 1213 1088; x_wconf 83' lang='lat' dir='ltr'>vel</span> <span class='ocrx_word' id='word_1_36' title='bbox 1235 1021 1268 1086; x_wconf 90' lang='lat' dir='ltr'>iu</span> <span class='ocrx_word' id='word_1_37' title='bbox 1291 1021 1438 1088; x_wconf 85' lang='lat' dir='ltr'>absentia</span> <span class='ocrx_word' id='word_1_38' title='bbox 1471 1020 1596 1100; x_wconf 86' lang='lat' dir='ltr'>aliquam</span> <span class='ocrx_word' id='word_1_39' title='bbox 1661 965 1663 1092; x_wconf 54' lang='lat' dir='ltr'>t</span> 
     </span>
     <span class='ocr_line' id='line_1_5' title="bbox 368 1093 1664 1288; baseline -0.002 -96"><span class='ocrx_word' id='word_1_40' title='bbox 368 1127 514 1192; x_wconf 86' lang='lat' dir='ltr'>iniuriam</span> <span class='ocrx_word' id='word_1_41' title='bbox 536 1131 570 1192; x_wconf 94' lang='lat' dir='ltr'>et</span> <span class='ocrx_word' id='word_1_42' title='bbox 584 1127 752 1209; x_wconf 89' lang='lat' dir='ltr'>probatum</span> <span class='ocrx_word' id='word_1_43' title='bbox 768 1126 873 1206; x_wconf 81' lang='lat' dir='ltr'>tuerit,</span> <span class='ocrx_word' id='word_1_44' title='bbox 898 1132 930 1192; x_wconf 91' lang='lat' dir='ltr'>et</span> <span class='ocrx_word' id='word_1_45' title='bbox 946 1131 1104 1206; x_wconf 84' lang='lat' dir='ltr'>accusata,</span> <span class='ocrx_word' id='word_1_46' title='bbox 1128 1125 1283 1192; x_wconf 82' lang='lat' dir='ltr'>frustatur</span> <span class='ocrx_word' id='word_1_47' title='bbox 1299 1125 1417 1191; x_wconf 87' lang='lat' dir='ltr'>circum</span> <span class='ocrx_word' id='word_1_48' title='bbox 1432 1123 1595 1210; x_wconf 68' lang='lat' dir='ltr'>eiuimtem,</span> <span class='ocrx_word' id='word_1_49' title='bbox 1660 1093 1664 1288; x_wconf 57' lang='grc' dir='ltr'>ι</span> 
     </span>
     <span class='ocr_line' id='line_1_6' title="bbox 369 1227 1664 1456; baseline -0.002 -160"><span class='ocrx_word' id='word_1_50' title='bbox 369 1235 403 1296; x_wconf 91' lang='lat' dir='ltr'>et</span> <span class='ocrx_word' id='word_1_51' title='bbox 424 1231 457 1296; x_wconf 94' lang='lat' dir='ltr'>in</span> <span class='ocrx_word' id='word_1_52' title='bbox 479 1229 597 1298; x_wconf 87' lang='lat' dir='ltr'>talibus</span> <span class='ocrx_word' id='word_1_53' title='bbox 622 1231 704 1297; x_wconf 88' lang='lat' dir='ltr'>dnae</span> <span class='ocrx_word' id='word_1_54' title='bbox 727 1230 877 1296; x_wconf 88' lang='lat' dir='ltr'>mulieres</span> <span class='ocrx_word' id='word_1_55' title='bbox 900 1230 1024 1312; x_wconf 86' lang='lat' dir='ltr'>possint</span> <span class='ocrx_word' id='word_1_56' title='bbox 1045 1227 1219 1296; x_wconf 88' lang='lat' dir='ltr'>testificari.</span> <span class='ocrx_word' id='word_1_57' title='bbox 1661 1299 1664 1456; x_wconf 39' lang='grc' dir='ltr'>ἱ</span> 
     </span>
    </p>
   </div>
   <div class='ocr_carea' id='block_1_3' title="bbox 325 1475 1666 2272">
    <p class='ocr_par' dir='ltr' id='par_1_3' title="bbox 325 1475 1666 2272">
     <span class='ocr_line' id='line_1_7' title="bbox 1662 1475 1664 1512; baseline 0 0"><span class='ocrx_word' id='word_1_58' title='bbox 1662 1475 1664 1512; x_wconf 95' lang='grc' dir='ltr'>Ι</span> 
     </span>
     <span class='ocr_line' id='line_1_8' title="bbox 411 1513 1664 1650; baseline -0.002 -27"><span class='ocrx_word' id='word_1_59' title='bbox 411 1557 493 1623; x_wconf 84' lang='lat' dir='ltr'>Item</span> <span class='ocrx_word' id='word_1_60' title='bbox 516 1561 645 1640; x_wconf 90' lang='lat' dir='ltr'>coptum</span> <span class='ocrx_word' id='word_1_61' title='bbox 665 1557 734 1638; x_wconf 85' lang='lat' dir='ltr'>init,</span> <span class='ocrx_word' id='word_1_62' title='bbox 758 1558 843 1640; x_wconf 91' lang='lat' dir='ltr'>quod</span> <span class='ocrx_word' id='word_1_63' title='bbox 866 1557 973 1639; x_wconf 89' lang='lat' dir='ltr'>aliqua</span> <span class='ocrx_word' id='word_1_64' title='bbox 994 1575 1133 1639; x_wconf 91' lang='lat' dir='ltr'>persona</span> <span class='ocrx_word' id='word_1_65' title='bbox 1156 1575 1219 1625; x_wconf 91' lang='lat' dir='ltr'>non</span> <span class='ocrx_word' id='word_1_66' title='bbox 1239 1557 1368 1636; x_wconf 88' lang='lat' dir='ltr'>audeat,</span> <span class='ocrx_word' id='word_1_67' title='bbox 1404 1556 1453 1621; x_wconf 86' lang='lat' dir='ltr'>vei</span> <span class='ocrx_word' id='word_1_68' title='bbox 1478 1573 1596 1638; x_wconf 88' lang='lat' dir='ltr'>praesu·</span> <span class='ocrx_word' id='word_1_69' title='bbox 1661 1513 1664 1650; x_wconf 50' lang='lat' dir='ltr'>t</span> 
     </span>
     <span class='ocr_line' id='line_1_9' title="bbox 325 1655 1664 1744; baseline -0.003 -18"><span class='ocrx_word' id='word_1_70' title='bbox 325 1689 328 1696; x_wconf 91' lang='lat'>·</span> <span class='ocrx_word' id='word_1_71' title='bbox 368 1671 434 1726; x_wconf 88' lang='lat' dir='ltr'>mat</span> <span class='ocrx_word' id='word_1_72' title='bbox 455 1661 618 1744; x_wconf 89' lang='lat' dir='ltr'>planctare</span> <span class='ocrx_word' id='word_1_73' title='bbox 640 1661 764 1728; x_wconf 88' lang='lat' dir='ltr'>vineam</span> <span class='ocrx_word' id='word_1_74' title='bbox 787 1661 820 1726; x_wconf 93' lang='lat' dir='ltr'>in</span> <span class='ocrx_word' id='word_1_75' title='bbox 844 1660 972 1743; x_wconf 89' lang='lat' dir='ltr'>campis,</span> <span class='ocrx_word' id='word_1_76' title='bbox 1004 1659 1058 1725; x_wconf 86' lang='lat' dir='ltr'>vbi</span> <span class='ocrx_word' id='word_1_77' title='bbox 1081 1659 1168 1743; x_wconf 90' lang='lat' dir='ltr'>prius</span> <span class='ocrx_word' id='word_1_78' title='bbox 1191 1659 1337 1727; x_wconf 87' lang='lat' dir='ltr'>nonfuit</span> <span class='ocrx_word' id='word_1_79' title='bbox 1360 1659 1460 1738; x_wconf 83' lang='lat' dir='ltr'>niuea,</span> <span class='ocrx_word' id='word_1_80' title='bbox 1484 1655 1535 1725; x_wconf 82' lang='lat' dir='ltr'>uei</span> <span class='ocrx_word' id='word_1_81' title='bbox 1554 1657 1597 1724; x_wconf 84' lang='lat' dir='ltr'>ubi</span> <span class='ocrx_word' id='word_1_82' title='bbox 1662 1657 1664 1686; x_wconf 81' lang='lat'><strong>⁴</strong></span> 
     </span>
     <span class='ocr_line' id='line_1_10' title="bbox 369 1762 1596 1847; baseline -0.003 -17"><span class='ocrx_word' id='word_1_83' title='bbox 369 1765 462 1831; x_wconf 84' lang='lat' dir='ltr'>vinea</span> <span class='ocrx_word' id='word_1_84' title='bbox 485 1782 548 1830; x_wconf 95' lang='lat' dir='ltr'>non</span> <span class='ocrx_word' id='word_1_85' title='bbox 571 1770 621 1830; x_wconf 93' lang='lat' dir='ltr'>est</span> <span class='ocrx_word' id='word_1_86' title='bbox 642 1783 751 1847; x_wconf 85' lang='lat' dir='ltr'>prope,</span> <span class='ocrx_word' id='word_1_87' title='bbox 776 1783 878 1846; x_wconf 90' lang='lat' dir='ltr'>poena</span> <span class='ocrx_word' id='word_1_88' title='bbox 900 1764 1087 1829; x_wconf 81' lang='lat' dir='ltr'>ducatorum</span> <span class='ocrx_word' id='word_1_89' title='bbox 1106 1762 1345 1847; x_wconf 74' lang='lat' dir='ltr'>quinquaginta,</span> <span class='ocrx_word' id='word_1_90' title='bbox 1368 1780 1504 1844; x_wconf 88' lang='lat' dir='ltr'>quorum</span> <span class='ocrx_word' id='word_1_91' title='bbox 1518 1779 1596 1827; x_wconf 75' lang='lat' dir='ltr'>armn-</span> 
     </span>
     <span class='ocr_line' id='line_1_11' title="bbox 370 1865 1595 1949; baseline -0.005 -15"><span class='ocrx_word' id='word_1_92' title='bbox 370 1873 458 1934; x_wconf 88' lang='lat' dir='ltr'>sator</span> <span class='ocrx_word' id='word_1_93' title='bbox 479 1867 598 1935; x_wconf 89' lang='lat' dir='ltr'>habeat</span> <span class='ocrx_word' id='word_1_94' title='bbox 620 1868 745 1934; x_wconf 77' lang='lat' dir='ltr'>tertiam</span> <span class='ocrx_word' id='word_1_95' title='bbox 768 1873 890 1949; x_wconf 82' lang='lat' dir='ltr'>partem</span> <span class='ocrx_word' id='word_1_96' title='bbox 913 1873 946 1932; x_wconf 89' lang='lat' dir='ltr'>et</span> <span class='ocrx_word' id='word_1_97' title='bbox 969 1865 1144 1933; x_wconf 78' lang='lat' dir='ltr'>Commune</span> <span class='ocrx_word' id='word_1_98' title='bbox 1166 1866 1245 1933; x_wconf 91' lang='lat' dir='ltr'>duas</span> <span class='ocrx_word' id='word_1_99' title='bbox 1267 1871 1386 1948; x_wconf 85' lang='lat' dir='ltr'>partes.</span> <span class='ocrx_word' id='word_1_100' title='bbox 1420 1865 1595 1946; x_wconf 83' lang='lat' dir='ltr'>Mcoecqu&#39;.</span> 
     </span>
     <span class='ocr_line' id='line_1_12' title="bbox 367 1967 1594 2054; baseline -0.005 -15"><span class='ocrx_word' id='word_1_101' title='bbox 367 1977 402 2039; x_wconf 90' lang='lat' dir='ltr'>et</span> <span class='ocrx_word' id='word_1_102' title='bbox 423 1971 475 2038; x_wconf 94' lang='lat' dir='ltr'>die</span> <span class='ocrx_word' id='word_1_103' title='bbox 497 1971 673 2054; x_wconf 86' lang='lat' dir='ltr'>penultimo</span> <span class='ocrx_word' id='word_1_104' title='bbox 696 1971 813 2038; x_wconf 81' lang='lat' dir='ltr'>mensis</span> <span class='ocrx_word' id='word_1_105' title='bbox 836 1971 1022 2036; x_wconf 77' lang='lat' dir='ltr'>Decembris</span> <span class='ocrx_word' id='word_1_106' title='bbox 1044 1969 1106 2036; x_wconf 86' lang='lat' dir='ltr'>init</span> <span class='ocrx_word' id='word_1_107' title='bbox 1127 1969 1214 2038; x_wconf 89' lang='lat' dir='ltr'>iacta</span> <span class='ocrx_word' id='word_1_108' title='bbox 1235 1988 1367 2052; x_wconf 84' lang='lat' dir='ltr'>presens</span> <span class='ocrx_word' id='word_1_109' title='bbox 1388 1967 1594 2052; x_wconf 68' lang='lat' dir='ltr'>superadditio</span> 
     </span>
     <span class='ocr_line' id='line_1_13' title="bbox 368 2074 1666 2272; baseline 0 -132"><span class='ocrx_word' id='word_1_110' title='bbox 368 2093 425 2157; x_wconf 87' lang='lat' dir='ltr'>per·</span> <span class='ocrx_word' id='word_1_111' title='bbox 447 2075 587 2156; x_wconf 83' lang='lat' dir='ltr'>regimen</span> <span class='ocrx_word' id='word_1_112' title='bbox 610 2081 643 2140; x_wconf 91' lang='lat' dir='ltr'>et</span> <span class='ocrx_word' id='word_1_113' title='bbox 665 2074 847 2156; x_wconf 89' lang='lat' dir='ltr'>deputatos.</span> <span class='ocrx_word' id='word_1_114' title='bbox 1663 2097 1666 2272; x_wconf 50' lang='grc' dir='ltr'>ἱ</span> 
     </span>
    </p>
   </div>
   <div class='ocr_carea' id='block_1_4' title="bbox 369 1437 1596 1494">
    <p class='ocr_par' dir='ltr' id='par_1_4' title="bbox 369 1437 1596 1494">
     <span class='ocr_line' id='line_1_14' title="bbox 369 1437 1596 1494; baseline -0.002 -8"><span class='ocrx_word' id='word_1_115' title='bbox 369 1442 437 1486; x_wconf 75' lang='grc' dir='ltr'>ΟΔΡι</span> <span class='ocrx_word' id='word_1_116' title='bbox 461 1443 536 1484; x_wconf 77' lang='lat' dir='ltr'>m·</span> <span class='ocrx_word' id='word_1_117' title='bbox 562 1443 646 1494; x_wconf 78' lang='lat' dir='ltr'>Quot&gt;</span> <span class='ocrx_word' id='word_1_118' title='bbox 668 1443 755 1485; x_wconf 67' lang='lat' dir='ltr'>MNO</span> <span class='ocrx_word' id='word_1_119' title='bbox 770 1441 898 1485; x_wconf 74' lang='lat' dir='ltr'>auum</span> <span class='ocrx_word' id='word_1_120' title='bbox 913 1441 1097 1485; x_wconf 72' lang='lat' dir='ltr'>amaneum</span> <span class='ocrx_word' id='word_1_121' title='bbox 1112 1441 1227 1486; x_wconf 59' lang='lat' dir='ltr'>mm</span> <span class='ocrx_word' id='word_1_122' title='bbox 1242 1439 1297 1483; x_wconf 74' lang='lat' dir='ltr'>vm</span> <span class='ocrx_word' id='word_1_123' title='bbox 1311 1441 1402 1484; x_wconf 76' lang='lat' dir='ltr'>anus</span> <span class='ocrx_word' id='word_1_124' title='bbox 1417 1439 1482 1483; x_wconf 66' lang='lat' dir='ltr'>NON</span> <span class='ocrx_word' id='word_1_125' title='bbox 1496 1437 1596 1483; x_wconf 72' lang='lat' dir='ltr'>Pum-</span> 
     </span>
    </p>
   </div>
   <div class='ocr_carea' id='block_1_5' title="bbox 782 2285 1666 2402">
    <p class='ocr_par' dir='ltr' id='par_1_5' title="bbox 782 2285 1666 2402">
     <span class='ocr_line' id='line_1_15' title="bbox 782 2285 1666 2402; baseline 0.001 -72"><span class='ocrx_word' id='word_1_126' title='bbox 782 2286 848 2330; x_wconf 72' lang='lat' dir='ltr'>OAP.</span> <span class='ocrx_word' id='word_1_127' title='bbox 874 2287 962 2328; x_wconf 74' lang='lat' dir='ltr'>XXXI.</span> <span class='ocrx_word' id='word_1_128' title='bbox 997 2285 1195 2332; x_wconf 71' lang='lat' dir='ltr'>cummuni.</span> <span class='ocrx_word' id='word_1_129' title='bbox 1664 2291 1666 2402; x_wconf 66' lang='grc' dir='ltr'>ι</span> 
     </span>
    </p>
   </div>
   <div class='ocr_carea' id='block_1_6' title="bbox 367 2401 1667 2974">
    <p class='ocr_par' dir='ltr' id='par_1_6' title="bbox 367 2401 1667 2974">
     <span class='ocr_line' id='line_1_16' title="bbox 411 2401 1666 2496; baseline -0.006 -26"><span class='ocrx_word' id='word_1_130' title='bbox 411 2405 492 2470; x_wconf 93' lang='lat' dir='ltr'>ltem</span> <span class='ocrx_word' id='word_1_131' title='bbox 515 2404 548 2468; x_wconf 91' lang='lat' dir='ltr'>iu</span> <span class='ocrx_word' id='word_1_132' title='bbox 570 2404 655 2469; x_wconf 90' lang='lat' dir='ltr'>dicto</span> <span class='ocrx_word' id='word_1_133' title='bbox 678 2405 807 2470; x_wconf 87' lang='lat' dir='ltr'>consilio</span> <span class='ocrx_word' id='word_1_134' title='bbox 828 2408 955 2485; x_wconf 91' lang='lat' dir='ltr'>captum</span> <span class='ocrx_word' id='word_1_135' title='bbox 978 2401 1048 2482; x_wconf 80' lang='lat' dir='ltr'>init,</span> <span class='ocrx_word' id='word_1_136' title='bbox 1072 2403 1156 2484; x_wconf 92' lang='lat' dir='ltr'>quod</span> <span class='ocrx_word' id='word_1_137' title='bbox 1179 2401 1441 2484; x_wconf 86' lang='lat' dir='ltr'>quandocumque</span> <span class='ocrx_word' id='word_1_138' title='bbox 1463 2401 1595 2468; x_wconf 85' lang='lat' dir='ltr'>domium</span> <span class='ocrx_word' id='word_1_139' title='bbox 1665 2471 1666 2496; x_wconf 14' lang='grc' dir='ltr'>χ</span> 
     </span>
     <span class='ocr_line' id='line_1_17' title="bbox 367 2501 1666 2590; baseline -0.003 -16"><span class='ocrx_word' id='word_1_140' title='bbox 367 2508 534 2590; x_wconf 90' lang='lat' dir='ltr'>episcopus</span> <span class='ocrx_word' id='word_1_141' title='bbox 570 2507 631 2572; x_wconf 85' lang='lat' dir='ltr'>ibit</span> <span class='ocrx_word' id='word_1_142' title='bbox 663 2506 811 2590; x_wconf 80' lang='lat' dir='ltr'>colligere</span> <span class='ocrx_word' id='word_1_143' title='bbox 854 2506 1009 2572; x_wconf 91' lang='lat' dir='ltr'>decimam</span> <span class='ocrx_word' id='word_1_144' title='bbox 1042 2524 1100 2588; x_wconf 91' lang='lat' dir='ltr'>per</span> <span class='ocrx_word' id='word_1_145' title='bbox 1129 2505 1283 2585; x_wconf 82' lang='lat' dir='ltr'>insulam,</span> <span class='ocrx_word' id='word_1_146' title='bbox 1323 2505 1456 2587; x_wconf 86' lang='lat' dir='ltr'>quilibet</span> <span class='ocrx_word' id='word_1_147' title='bbox 1488 2501 1595 2571; x_wconf 75' lang='lat' dir='ltr'>mind</span> <span class='ocrx_word' id='word_1_148' title='bbox 1664 2509 1666 2536; x_wconf 49' lang='lat' dir='ltr'>i</span> 
     </span>
     <span class='ocr_line' id='line_1_18' title="bbox 368 2605 1596 2704; baseline -0.006 -26"><span class='ocrx_word' id='word_1_149' title='bbox 368 2615 515 2678; x_wconf 87' lang='lat' dir='ltr'>teneatur</span> <span class='ocrx_word' id='word_1_150' title='bbox 538 2607 616 2676; x_wconf 84' lang='lat' dir='ltr'>dare</span> <span class='ocrx_word' id='word_1_151' title='bbox 648 2610 707 2676; x_wconf 88' lang='lat' dir='ltr'>sibi</span> <span class='ocrx_word' id='word_1_152' title='bbox 731 2628 825 2674; x_wconf 82' lang='lat' dir='ltr'>vnum</span> <span class='ocrx_word' id='word_1_153' title='bbox 847 2629 975 2693; x_wconf 81' lang='lat' dir='ltr'>agnum,</span> <span class='ocrx_word' id='word_1_154' title='bbox 1012 2609 1062 2676; x_wconf 88' lang='lat' dir='ltr'>uei</span> <span class='ocrx_word' id='word_1_155' title='bbox 1086 2616 1280 2704; x_wconf 57' lang='lat' dir='ltr'>cannetum„</span> <span class='ocrx_word' id='word_1_156' title='bbox 1300 2615 1336 2676; x_wconf 90' lang='lat' dir='ltr'>et</span> <span class='ocrx_word' id='word_1_157' title='bbox 1358 2629 1420 2678; x_wconf 93' lang='lat' dir='ltr'>non</span> <span class='ocrx_word' id='word_1_158' title='bbox 1449 2610 1539 2676; x_wconf 83' lang='lat' dir='ltr'>vltra</span> <span class='ocrx_word' id='word_1_159' title='bbox 1569 2605 1596 2672; x_wconf 84' lang='lat' dir='ltr'>Si</span> 
     </span>
     <span class='ocr_line' id='line_1_19' title="bbox 369 2711 1595 2796; baseline 0 -18"><span class='ocrx_word' id='word_1_160' title='bbox 369 2713 439 2794; x_wconf 91' lang='lat' dir='ltr'>quis</span> <span class='ocrx_word' id='word_1_161' title='bbox 461 2730 536 2779; x_wconf 87' lang='lat' dir='ltr'>vero</span> <span class='ocrx_word' id='word_1_162' title='bbox 559 2713 736 2779; x_wconf 92' lang='lat' dir='ltr'>mundanus</span> <span class='ocrx_word' id='word_1_163' title='bbox 768 2713 894 2779; x_wconf 91' lang='lat' dir='ltr'>nomine</span> <span class='ocrx_word' id='word_1_164' title='bbox 917 2711 1057 2796; x_wconf 83' lang='lat' dir='ltr'>episcopi</span> <span class='ocrx_word' id='word_1_165' title='bbox 1080 2712 1200 2794; x_wconf 91' lang='lat' dir='ltr'>aliquid</span> <span class='ocrx_word' id='word_1_166' title='bbox 1234 2712 1393 2796; x_wconf 86' lang='lat' dir='ltr'>acciperet</span> <span class='ocrx_word' id='word_1_167' title='bbox 1422 2732 1483 2780; x_wconf 85' lang='lat' dir='ltr'>sna</span> <span class='ocrx_word' id='word_1_168' title='bbox 1504 2727 1595 2787; x_wconf 74' lang='lat' dir='ltr'>mma,</span> 
     </span>
     <span class='ocr_line' id='line_1_20' title="bbox 368 2813 1667 2974; baseline -0.001 -95"><span class='ocrx_word' id='word_1_169' title='bbox 368 2815 451 2880; x_wconf 82' lang='lat' dir='ltr'>vitra</span> <span class='ocrx_word' id='word_1_170' title='bbox 472 2813 533 2880; x_wconf 93' lang='lat' dir='ltr'>hoc</span> <span class='ocrx_word' id='word_1_171' title='bbox 555 2815 663 2881; x_wconf 88' lang='lat' dir='ltr'>soluat</span> <span class='ocrx_word' id='word_1_172' title='bbox 683 2834 858 2898; x_wconf 82' lang='lat' dir='ltr'>yperperos</span> <span class='ocrx_word' id='word_1_173' title='bbox 880 2835 949 2881; x_wconf 86' lang='lat' dir='ltr'>xxv.</span> <span class='ocrx_word' id='word_1_174' title='bbox 974 2814 1148 2882; x_wconf 87' lang='lat' dir='ltr'>Communi.</span> <span class='ocrx_word' id='word_1_175' title='bbox 1665 2841 1667 2974; x_wconf 48' lang='lat' dir='ltr'>i</span> 
     </span>
    </p>
   </div>
   <div class='ocr_carea' id='block_1_7' title="bbox 597 3007 1380 3072">
    <p class='ocr_par' dir='ltr' id='par_1_7' title="bbox 597 3007 1380 3072">
     <span class='ocr_line' id='line_1_21' title="bbox 597 3007 1380 3072; baseline 0.001 -2"><span class='ocrx_word' id='word_1_176' title='bbox 597 3027 663 3070; x_wconf 79' lang='lat' dir='ltr'>osa.</span> <span class='ocrx_word' id='word_1_177' title='bbox 688 3027 789 3070; x_wconf 86' lang='lat' dir='ltr'>xxxm.</span> <span class='ocrx_word' id='word_1_178' title='bbox 822 3030 863 3071; x_wconf 83' lang='lat' dir='ltr'>uu</span> <span class='ocrx_word' id='word_1_179' title='bbox 886 3029 1160 3072; x_wconf 79' lang='lat' dir='ltr'>saoouaauoaraus</span> <span class='ocrx_word' id='word_1_180' title='bbox 1184 3007 1380 3072; x_wconf 74' lang='lat' dir='ltr'>aoenmsmm²</span> 
     </span>
    </p>
   </div>
   <div class='ocr_carea' id='block_1_8' title="bbox 366 3141 1667 3622">
    <p class='ocr_par' dir='ltr' id='par_1_8' title="bbox 366 3141 1667 3622">
     <span class='ocr_line' id='line_1_22' title="bbox 410 3141 1596 3227; baseline 0.002 -19"><span class='ocrx_word' id='word_1_181' title='bbox 410 3141 492 3210; x_wconf 87' lang='lat' dir='ltr'>Item</span> <span class='ocrx_word' id='word_1_182' title='bbox 514 3147 640 3224; x_wconf 90' lang='lat' dir='ltr'>captum</span> <span class='ocrx_word' id='word_1_183' title='bbox 662 3143 733 3224; x_wconf 90' lang='lat' dir='ltr'>iuit,</span> <span class='ocrx_word' id='word_1_184' title='bbox 767 3143 853 3226; x_wconf 91' lang='lat' dir='ltr'>quod</span> <span class='ocrx_word' id='word_1_185' title='bbox 875 3163 1000 3227; x_wconf 85' lang='lat' dir='ltr'>semper</span> <span class='ocrx_word' id='word_1_186' title='bbox 1022 3163 1103 3210; x_wconf 87' lang='lat' dir='ltr'>unus</span> <span class='ocrx_word' id='word_1_187' title='bbox 1133 3152 1322 3227; x_wconf 86' lang='lat' dir='ltr'>procurator</span> <span class='ocrx_word' id='word_1_188' title='bbox 1354 3146 1530 3214; x_wconf 83' lang='lat' dir='ltr'>mundanus</span> <span class='ocrx_word' id='word_1_189' title='bbox 1549 3143 1596 3210; x_wconf 87' lang='lat' dir='ltr'>fiat</span> 
     </span>
     <span class='ocr_line' id='line_1_23' title="bbox 368 3245 1595 3331; baseline 0.001 -20"><span class='ocrx_word' id='word_1_190' title='bbox 368 3245 532 3312; x_wconf 85' lang='lat' dir='ltr'>Ecclesiae</span> <span class='ocrx_word' id='word_1_191' title='bbox 561 3246 601 3312; x_wconf 87' lang='lat' dir='ltr'>de</span> <span class='ocrx_word' id='word_1_192' title='bbox 629 3265 712 3315; x_wconf 90' lang='lat' dir='ltr'>anuo</span> <span class='ocrx_word' id='word_1_193' title='bbox 741 3246 774 3312; x_wconf 93' lang='lat' dir='ltr'>in</span> <span class='ocrx_word' id='word_1_194' title='bbox 805 3266 921 3314; x_wconf 90' lang='lat' dir='ltr'>aunum</span> <span class='ocrx_word' id='word_1_195' title='bbox 951 3253 985 3314; x_wconf 93' lang='lat' dir='ltr'>et</span> <span class='ocrx_word' id='word_1_196' title='bbox 1013 3267 1139 3330; x_wconf 89' lang='lat' dir='ltr'>semper</span> <span class='ocrx_word' id='word_1_197' title='bbox 1168 3247 1230 3316; x_wconf 91' lang='lat' dir='ltr'>alio</span> <span class='ocrx_word' id='word_1_198' title='bbox 1259 3249 1456 3331; x_wconf 88' lang='lat' dir='ltr'>procuratori</span> <span class='ocrx_word' id='word_1_199' title='bbox 1483 3251 1515 3316; x_wconf 91' lang='lat' dir='ltr'>iu</span> <span class='ocrx_word' id='word_1_200' title='bbox 1542 3246 1595 3314; x_wconf 88' lang='lat' dir='ltr'>fine</span> 
     </span>
     <span class='ocr_line' id='line_1_24' title="bbox 367 3349 1592 3436; baseline 0.002 -22"><span class='ocrx_word' id='word_1_201' title='bbox 367 3349 443 3414; x_wconf 88' lang='lat' dir='ltr'>anui</span> <span class='ocrx_word' id='word_1_202' title='bbox 482 3349 624 3432; x_wconf 79' lang='lat' dir='ltr'>assignet</span> <span class='ocrx_word' id='word_1_203' title='bbox 661 3351 817 3416; x_wconf 84' lang='lat' dir='ltr'>rationem</span> <span class='ocrx_word' id='word_1_204' title='bbox 849 3350 903 3416; x_wconf 83' lang='lat' dir='ltr'>ilie</span> <span class='ocrx_word' id='word_1_205' title='bbox 936 3357 1122 3433; x_wconf 87' lang='lat' dir='ltr'>procurator</span> <span class='ocrx_word' id='word_1_206' title='bbox 1151 3353 1184 3418; x_wconf 92' lang='lat' dir='ltr'>in</span> <span class='ocrx_word' id='word_1_207' title='bbox 1214 3353 1395 3434; x_wconf 89' lang='lat' dir='ltr'>praesentia</span> <span class='ocrx_word' id='word_1_208' title='bbox 1432 3350 1592 3436; x_wconf 81' lang='lat' dir='ltr'>regiminis.</span> 
     </span>
     <span class='ocr_line' id='line_1_25' title="bbox 366 3449 1667 3562; baseline 0.002 -45"><span class='ocrx_word' id='word_1_209' title='bbox 366 3449 459 3518; x_wconf 84' lang='lat' dir='ltr'>Anno</span> <span class='ocrx_word' id='word_1_210' title='bbox 494 3455 655 3534; x_wconf 92' lang='lat' dir='ltr'>praesenti</span> <span class='ocrx_word' id='word_1_211' title='bbox 664 3451 747 3526; x_wconf 66' lang='lat' dir='ltr'>aen.</span> <span class='ocrx_word' id='word_1_212' title='bbox 773 3453 920 3521; x_wconf 89' lang='lat' dir='ltr'>Obradus</span> <span class='ocrx_word' id='word_1_213' title='bbox 954 3455 1184 3522; x_wconf 88' lang='lat' dir='ltr'>Dobroslauich</span> <span class='ocrx_word' id='word_1_214' title='bbox 1218 3462 1405 3538; x_wconf 88' lang='lat' dir='ltr'>procurator</span> <span class='ocrx_word' id='word_1_215' title='bbox 1432 3475 1491 3540; x_wconf 92' lang='lat' dir='ltr'>pro</span> <span class='ocrx_word' id='word_1_216' title='bbox 1513 3473 1592 3539; x_wconf 82' lang='lat' dir='ltr'>prae</span> <span class='ocrx_word' id='word_1_217' title='bbox 1665 3507 1667 3562; x_wconf 80' lang='lat' dir='ltr'>i</span> 
     </span>
     <span class='ocr_line' id='line_1_26' title="bbox 369 3556 1667 3622; baseline 0.002 0"><span class='ocrx_word' id='word_1_218' title='bbox 369 3556 452 3622; x_wconf 83' lang='lat' dir='ltr'>senti</span> <span class='ocrx_word' id='word_1_219' title='bbox 475 3574 567 3622; x_wconf 89' lang='lat' dir='ltr'>anno.</span> <span class='ocrx_word' id='word_1_220' title='bbox 1666 3577 1667 3592; x_wconf 63' lang='lat'>¹</span> 
     </span>
    </p>
   </div>
   <div class='ocr_carea' id='block_1_9' title="bbox 574 3768 1401 3816">
    <p class='ocr_par' dir='ltr' id='par_1_9' title="bbox 574 3768 1401 3816">
     <span class='ocr_line' id='line_1_27' title="bbox 574 3768 1401 3816; baseline 0.002 -4"><span class='ocrx_word' id='word_1_221' title='bbox 574 3768 642 3812; x_wconf 75' lang='lat' dir='ltr'><strong>OAP·</strong></span> <span class='ocrx_word' id='word_1_222' title='bbox 666 3769 781 3810; x_wconf 84' lang='lat' dir='ltr'>xxxm.</span> <span class='ocrx_word' id='word_1_223' title='bbox 812 3771 854 3811; x_wconf 76' lang='lat' dir='ltr'>nit</span> <span class='ocrx_word' id='word_1_224' title='bbox 876 3769 979 3813; x_wconf 68' lang='grc' dir='ltr'>ΗΒΕΑ</span> <span class='ocrx_word' id='word_1_225' title='bbox 1002 3772 1101 3814; x_wconf 73' lang='lat' dir='ltr'>SUPER</span> <span class='ocrx_word' id='word_1_226' title='bbox 1122 3771 1257 3816; x_wconf 69' lang='lat' dir='ltr'>ecorum</span> <span class='ocrx_word' id='word_1_227' title='bbox 1280 3772 1401 3816; x_wconf 68' lang='lat' dir='ltr'><strong>MAGNO·</strong></span> 
     </span>
    </p>
   </div>
   <div class='ocr_carea' id='block_1_10' title="bbox 312 3833 1667 3967">
    <p class='ocr_par' dir='ltr' id='par_1_10' title="bbox 312 3833 1667 3967">
     <span class='ocr_line' id='line_1_28' title="bbox 312 3833 1667 3967; baseline -0.004 -14"><span class='ocrx_word' id='word_1_228' title='bbox 312 3847 316 3854; x_wconf 33' lang='grc' dir='ltr'>Ι</span> <span class='ocrx_word' id='word_1_229' title='bbox 411 3881 493 3950; x_wconf 86' lang='lat' dir='ltr'>Item</span> <span class='ocrx_word' id='word_1_230' title='bbox 517 3883 626 3948; x_wconf 88' lang='lat' dir='ltr'>datum</span> <span class='ocrx_word' id='word_1_231' title='bbox 661 3883 738 3964; x_wconf 87' lang='lat' dir='ltr'>init,</span> <span class='ocrx_word' id='word_1_232' title='bbox 774 3886 858 3965; x_wconf 93' lang='lat' dir='ltr'>quod</span> <span class='ocrx_word' id='word_1_233' title='bbox 892 3887 1032 3967; x_wconf 78' lang='lat' dir='ltr'>regimen</span> <span class='ocrx_word' id='word_1_234' title='bbox 1067 3886 1186 3954; x_wconf 87' lang='lat' dir='ltr'>habeat</span> <span class='ocrx_word' id='word_1_235' title='bbox 1217 3887 1399 3954; x_wconf 84' lang='lat' dir='ltr'>libertatem</span> <span class='ocrx_word' id='word_1_236' title='bbox 1421 3895 1455 3956; x_wconf 90' lang='lat' dir='ltr'>et</span> <span class='ocrx_word' id='word_1_237' title='bbox 1480 3886 1593 3955; x_wconf 81' lang='lat' dir='ltr'>butan</span> <span class='ocrx_word' id='word_1_238' title='bbox 1666 3833 1667 3896; x_wconf 30' lang='grc' dir='ltr'><strong>ἓ</strong></span> 
     </span>
    </p>
   </div>
   <div class='ocr_carea' id='block_1_11' title="bbox 372 3985 1667 4084">
    <p class='ocr_par' dir='ltr' id='par_1_11' title="bbox 372 3985 1667 4084">
     <span class='ocr_line' id='line_1_29' title="bbox 372 3985 1667 4084; baseline 0.01 -35"><span class='ocrx_word' id='word_1_239' title='bbox 372 3985 509 4052; x_wconf 80' lang='lat' dir='ltr'>faciendi</span> <span class='ocrx_word' id='word_1_240' title='bbox 542 3987 813 4068; x_wconf 75' lang='lat' dir='ltr'>emendationem,</span> <span class='ocrx_word' id='word_1_241' title='bbox 847 4007 918 4055; x_wconf 87' lang='lat' dir='ltr'>eum</span> <span class='ocrx_word' id='word_1_242' title='bbox 941 3989 1056 4058; x_wconf 85' lang='lat' dir='ltr'>Ouitho</span> <span class='ocrx_word' id='word_1_243' title='bbox 1078 3989 1235 4058; x_wconf 80' lang='lat' dir='ltr'>darobnik</span> <span class='ocrx_word' id='word_1_244' title='bbox 1258 3995 1291 4057; x_wconf 88' lang='lat' dir='ltr'>et</span> <span class='ocrx_word' id='word_1_245' title='bbox 1313 3992 1383 4058; x_wconf 86' lang='lat' dir='ltr'>eius</span> <span class='ocrx_word' id='word_1_246' title='bbox 1404 4007 1520 4075; x_wconf 81' lang='lat' dir='ltr'>genero</span> <span class='ocrx_word' id='word_1_247' title='bbox 1540 3989 1592 4054; x_wconf 78' lang='lat' dir='ltr'>Dt-</span> <span class='ocrx_word' id='word_1_248' title='bbox 1665 4017 1667 4084; x_wconf 67' lang='lat' dir='ltr'>q</span> 
     </span>
    </p>
   </div>
   <div class='ocr_carea' id='block_1_12' title="bbox 369 4089 1667 4178">
    <p class='ocr_par' dir='ltr' id='par_1_12' title="bbox 369 4089 1667 4178">
     <span class='ocr_line' id='line_1_30' title="bbox 369 4089 1667 4178; baseline 0.002 -21"><span class='ocrx_word' id='word_1_249' title='bbox 369 4089 472 4157; x_wconf 91' lang='lat' dir='ltr'>bisiuo</span> <span class='ocrx_word' id='word_1_250' title='bbox 495 4094 529 4156; x_wconf 90' lang='lat' dir='ltr'>et</span> <span class='ocrx_word' id='word_1_251' title='bbox 550 4089 628 4156; x_wconf 88' lang='lat' dir='ltr'>dare</span> <span class='ocrx_word' id='word_1_252' title='bbox 645 4091 696 4158; x_wconf 76' lang='lat' dir='ltr'>&#39;eis</span> <span class='ocrx_word' id='word_1_253' title='bbox 732 4097 851 4158; x_wconf 86' lang='lat' dir='ltr'>terram</span> <span class='ocrx_word' id='word_1_254' title='bbox 873 4094 905 4159; x_wconf 93' lang='lat' dir='ltr'>in</span> <span class='ocrx_word' id='word_1_255' title='bbox 928 4093 1035 4161; x_wconf 88' lang='lat' dir='ltr'>scoleo</span> <span class='ocrx_word' id='word_1_256' title='bbox 1069 4113 1184 4178; x_wconf 84' lang='lat' dir='ltr'>magno</span> <span class='ocrx_word' id='word_1_257' title='bbox 1206 4100 1241 4160; x_wconf 88' lang='lat' dir='ltr'>et</span> <span class='ocrx_word' id='word_1_258' title='bbox 1262 4113 1358 4160; x_wconf 87' lang='lat' dir='ltr'>vnum</span> <span class='ocrx_word' id='word_1_259' title='bbox 1390 4097 1592 4164; x_wconf 82' lang='lat' dir='ltr'>casamentum</span> <span class='ocrx_word' id='word_1_260' title='bbox 1666 4129 1667 4176; x_wconf 74' lang='lat'><em>3</em></span> 
     </span>
    </p>
   </div>
   <div class='ocr_carea' id='block_1_13' title="bbox 367 4193 1667 4363">
    <p class='ocr_par' dir='ltr' id='par_1_13' title="bbox 367 4193 1667 4363">
     <span class='ocr_line' id='line_1_31' title="bbox 367 4193 1667 4363; baseline 0.003 -105"><span class='ocrx_word' id='word_1_261' title='bbox 367 4199 465 4363; x_wconf 60' lang='lat' dir='ltr'>(prout</span> <span class='ocrx_word' id='word_1_262' title='bbox 487 4193 534 4260; x_wconf 87' lang='lat' dir='ltr'>eis</span> <span class='ocrx_word' id='word_1_263' title='bbox 557 4193 669 4259; x_wconf 91' lang='lat' dir='ltr'>meiius</span> <span class='ocrx_word' id='word_1_264' title='bbox 693 4194 871 4276; x_wconf 85' lang='lat' dir='ltr'>videbitur,</span> <span class='ocrx_word' id='word_1_265' title='bbox 905 4215 975 4262; x_wconf 92' lang='lat' dir='ltr'>cum</span> <span class='ocrx_word' id='word_1_266' title='bbox 997 4197 1190 4278; x_wconf 87' lang='lat' dir='ltr'>conditione,</span> <span class='ocrx_word' id='word_1_267' title='bbox 1224 4198 1310 4280; x_wconf 89' lang='lat' dir='ltr'>quod</span> <span class='ocrx_word' id='word_1_268' title='bbox 1337 4199 1407 4281; x_wconf 85' lang='lat' dir='ltr'>ipse</span> <span class='ocrx_word' id='word_1_269' title='bbox 1429 4196 1592 4266; x_wconf 85' lang='lat' dir='ltr'>habitet&#39;m</span> <span class='ocrx_word' id='word_1_270' title='bbox 1665 4219 1667 4294; x_wconf 53' lang='lat' dir='ltr'>t</span> 
     </span>
     <span class='ocr_line' id='line_1_32' title="bbox 394 4297 1667 4362; baseline 0.009 -1"><span class='ocrx_word' id='word_1_271' title='bbox 394 4297 513 4362; x_wconf 79' lang='lat' dir='ltr'>urnula.</span> <span class='ocrx_word' id='word_1_272' title='bbox 900 4329 905 4334; x_wconf 96' lang='lat'>·</span> <span class='ocrx_word' id='word_1_273' title='bbox 1666 4297 1667 4302; x_wconf 61' lang='grc'>’</span> 
     </span>
    </p>
   </div>
   <div class='ocr_carea' id='block_1_14' title="bbox 416 4441 1001 4531">
    <p class='ocr_par' dir='ltr' id='par_1_14' title="bbox 416 4441 1001 4531">
     <span class='ocr_line' id='line_1_33' title="bbox 416 4441 1001 4531; baseline 0.01 -18"><span class='ocrx_word' id='word_1_274' title='bbox 416 4452 426 4487; x_wconf 93' lang='lat'>¹</span> <span class='ocrx_word' id='word_1_275' title='bbox 443 4455 484 4515; x_wconf 82' lang='lat' dir='ltr'>Of.</span> <span class='ocrx_word' id='word_1_276' title='bbox 502 4454 633 4530; x_wconf 88' lang='lat' dir='ltr'>superius</span> <span class='ocrx_word' id='word_1_277' title='bbox 648 4473 723 4531; x_wconf 88' lang='lat' dir='ltr'>cap.</span> <span class='ocrx_word' id='word_1_278' title='bbox 741 4457 824 4518; x_wconf 81' lang='lat' dir='ltr'>xiil.</span> <span class='ocrx_word' id='word_1_279' title='bbox 841 4441 1001 4519; x_wconf 80' lang='lat' dir='ltr'>Reform.</span> 
     </span>
    </p>
   </div>
   <div class='ocr_carea' id='block_1_15' title="bbox 417 4535 1667 4620">
    <p class='ocr_par' dir='ltr' id='par_1_15' title="bbox 417 4535 1667 4620">
     <span class='ocr_line' id='line_1_34' title="bbox 417 4535 1667 4620; baseline 0.002 -20"><span class='ocrx_word' id='word_1_280' title='bbox 417 4535 430 4574; x_wconf 75' lang='lat'>²</span> <span class='ocrx_word' id='word_1_281' title='bbox 445 4540 549 4601; x_wconf 78' lang='lat' dir='ltr'>Officia</span> <span class='ocrx_word' id='word_1_282' title='bbox 564 4545 779 4616; x_wconf 85' lang='lat' dir='ltr'>procuratorum</span> <span class='ocrx_word' id='word_1_283' title='bbox 793 4545 905 4617; x_wconf 86' lang='lat' dir='ltr'>talium,</span> <span class='ocrx_word' id='word_1_284' title='bbox 921 4547 1070 4620; x_wconf 86' lang='lat' dir='ltr'>praecipua</span> <span class='ocrx_word' id='word_1_285' title='bbox 1085 4549 1180 4606; x_wconf 84' lang='lat' dir='ltr'>autem</span> <span class='ocrx_word' id='word_1_286' title='bbox 1195 4547 1319 4608; x_wconf 83' lang='lat' dir='ltr'>officium</span> <span class='ocrx_word' id='word_1_287' title='bbox 1331 4549 1451 4608; x_wconf 71' lang='lat' dir='ltr'>radonis</span> <span class='ocrx_word' id='word_1_288' title='bbox 1463 4539 1592 4610; x_wconf 74' lang='lat' dir='ltr'>faciendae</span> <span class='ocrx_word' id='word_1_289' title='bbox 1666 4597 1667 4602; x_wconf 73' lang='grc'>,</span> 
     </span>
    </p>
   </div>
   <div class='ocr_carea' id='block_1_16' title="bbox 367 4609 1667 4775">
    <p class='ocr_par' dir='ltr' id='par_1_16' title="bbox 367 4609 1667 4775">
     <span class='ocr_line' id='line_1_35' title="bbox 369 4609 1667 4774; baseline 0.005 -87"><span class='ocrx_word' id='word_1_290' title='bbox 369 4627 480 4774; x_wconf 32' lang='lat' dir='ltr'>pitonius</span> <span class='ocrx_word' id='word_1_291' title='bbox 508 4629 645 4688; x_wconf 86' lang='lat' dir='ltr'>statuitur</span> <span class='ocrx_word' id='word_1_292' title='bbox 673 4629 935 4709; x_wconf 85' lang='lat' dir='ltr'>reformationibus,</span> <span class='ocrx_word' id='word_1_293' title='bbox 966 4632 1098 4714; x_wconf 80' lang='lat' dir='ltr'>iuferius,</span> <span class='ocrx_word' id='word_1_294' title='bbox 1130 4649 1231 4708; x_wconf 89' lang='lat' dir='ltr'>capp.</span> <span class='ocrx_word' id='word_1_295' title='bbox 1263 4633 1321 4694; x_wconf 85' lang='lat' dir='ltr'>LX.</span> <span class='ocrx_word' id='word_1_296' title='bbox 1354 4637 1390 4694; x_wconf 89' lang='lat' dir='ltr'>at</span> <span class='ocrx_word' id='word_1_297' title='bbox 1418 4623 1589 4696; x_wconf 76' lang='lat' dir='ltr'>ccxxxvii.</span> <span class='ocrx_word' id='word_1_298' title='bbox 1666 4609 1667 4694; x_wconf 51' lang='grc' dir='ltr'><strong>ἦ</strong></span> 
     </span>
     <span class='ocr_line' id='line_1_36' title="bbox 367 4729 1667 4775; baseline 0.005 -1"><span class='ocrx_word' id='word_1_299' title='bbox 367 4732 394 4774; x_wconf 83' lang='lat' dir='ltr'>cr</span> <span class='ocrx_word' id='word_1_300' title='bbox 439 4733 473 4775; x_wconf 85' lang='lat' dir='ltr'>rs.</span> <span class='ocrx_word' id='word_1_301' title='bbox 1666 4729 1667 4738; x_wconf 50' lang='lat'>³</span> 
     </span>
    </p>
   </div>
   <div class='ocr_carea' id='block_1_17' title="bbox 0 0 1702 5396">
    <p class='ocr_par' dir='ltr' id='par_1_17' title="bbox 0 0 1702 5396">
     <span class='ocr_line' id='line_1_37' title="bbox 0 0 1702 5396; baseline 0 0"><span class='ocrx_word' id='word_1_302' title='bbox 0 0 1702 5396; x_wconf 95' lang='lat' dir='ltr'> </span> 
     </span>
    </p>
   </div>
  </div>
 </body>
</html>
