3416 5350
1292 461 1352 522 153

111 662 141 728 si
164 663 205 729 de
228 661 389 728 adulterio
410 663 481 744 ipsa
503 663 617 728 mulier
639 663 736 728 fuerit
758 663 983 742 condemnata;
1013 669 1047 729 et
1076 664 1161 745 quod
1191 663 1231 728 de
1260 664 1352 730 bonis

112 765 191 831 dicti
214 768 262 830 sui
286 767 391 832 mariti
413 766 491 831 nihil
514 767 614 848 possit
645 765 764 833 habere
795 785 854 832 nec
882 768 915 834 in
946 769 1021 844 uita,
1053 785 1111 834 neo
1141 767 1173 832 in
1195 773 1297 833 morte
1320 773 1354 833 et

111 871 242 935 omnino
272 887 329 951 per
359 888 475 951 graues
508 889 607 952 penas
639 875 673 937 et
700 871 812 952 grauia
834 872 939 938 banna
961 871 1138 954 expellatur
1160 870 1200 936 dc
1224 871 1353 938 ciuitate

112 971 247 1054 Spalati,
277 973 323 1039 ila
345 974 430 1054 quod
452 973 483 1036 in
506 973 608 1055 ipsam
632 974 794 1041 ciuitatem
817 974 913 1040 nullis
936 975 1134 1056 temporibus
1158 979 1351 1042 reuertatur.

111 1202 182 1246 ean.
213 1202 327 1244 max.
360 1203 444 1254 ouon
474 1203 632 1247 unumne
659 1203 746 1246 mua
775 1204 863 1246 nm
892 1205 955 1248 non
983 1205 1079 1248 snm
1109 1182 1224 1248 ruxra¹
1253 1203 1354 1248 sonas

662 1289 810 1334 nomas.

159 1398 242 1463 Item
271 1400 425 1462 statutum
455 1400 489 1461 et
511 1396 689 1464 ordinatum
720 1402 778 1478 est,
809 1397 893 1480 quod
922 1397 1074 1464 mulieres
1097 1396 1241 1466 forenses
1269 1397 1353 1478 male

111 1499 202 1581 lame
226 1507 259 1566 et
281 1500 364 1580 male
388 1499 584 1581 conditionis,
609 1519 671 1582 que
694 1501 837 1584 turpiter
859 1505 893 1568 et
914 1502 1074 1568 luxuriose
1090 1503 1245 1586 uiuerent,
1268 1503 1357 1568 iuxta

116 1607 240 1686 aliquas
264 1604 364 1670 bonas
387 1603 530 1670 dominas
552 1604 585 1669 in
607 1605 736 1671 ciuitate
758 1605 882 1686 Spoleti
905 1605 1100 1670 nullomodo
1116 1605 1356 1672 debeanthabi-

112 1713 197 1773 tare.
220 1707 266 1772 Et
287 1707 314 1772 si
337 1707 519 1772 habitarent
540 1713 574 1772 et
596 1707 636 1773 de
658 1707 719 1774 hoo
741 1709 875 1789 querela
895 1707 983 1774 iacta
997 1707 1095 1776 luerit
1110 1725 1217 1775 coram
1233 1714 1358 1775 rectora

120 1816 153 1876 et
176 1808 362 1876 offitialibus
385 1809 469 1890 dicte
493 1809 641 1886 citantis,
666 1812 866 1893 expellantur
881 1831 938 1894 per
954 1830 1054 1893 penas
1070 1818 1103 1879 et
1120 1816 1224 1878 banna
1239 1831 1259 1878 a
1274 1813 1360 1877 dicta

120 1913 328 1990 habitatione,
351 1913 398 1979 ita
420 1913 505 1994 quod
526 1913 614 1979 iuxta
636 1914 736 1980 bonas
760 1915 902 1982 dominas
925 1921 959 1982 et
979 1915 1068 1980 iuxta
1091 1917 1189 1982 bonas
1210 1921 1244 1980 et
1257 1916 1359 1982 iustas

117 2017 273 2083 mulieres
295 2015 384 2082 nullo
399 2017 493 2082 modo
508 2017 648 2083 debeant
661 2019 817 2098 habitare,
841 2019 916 2100 quia
930 2019 1086 2085 malarum
1100 2019 1268 2085 mulierum
1285 2036 1359 2086 oon-

116 2120 236 2188 sortia²
259 2121 360 2188 bonos
382 2137 487 2186 mores
510 2127 724 2202 corrumpunt.
1135 2139 1137 2144 ’

363 2334 433 2377 ost.
456 2334 507 2376 XIa.
530 2334 573 2376 DE
594 2333 676 2394 mo,
700 2333 756 2386 QUI
777 2333 931 2378 annum
954 2335 990 2377 SE
1011 2335 1116 2378 naun.

166 2440 249 2506 Item
273 2443 428 2504 statutum
451 2444 485 2504 et
514 2439 694 2505 ordinatum
718 2445 776 2520 est,
811 2441 895 2532 quod
917 2441 945 2506 si
967 2441 1081 2523 aliquis
1105 2459 1141 2507 se
1163 2442 1267 2524 ipsum
1289 2460 1360 2523 per·

121 2544 262 2610 suaserit
284 2561 354 2609 oum
378 2543 484 2624 aliquo
507 2561 625 2625 genere
648 2561 808 2610 armorum
831 2561 901 2610 cum
924 2544 1087 2628 sanguinis
1115 2544 1269 2612 effusione
1293 2545 1361 2611 siue

119 2647 163 2712 ad
184 2645 401 2712 infamandum
431 2647 526 2712 alium
560 2649 600 2714 de
631 2647 715 2714 dioto
749 2645 913 2726 maleficio,
943 2648 1012 2714 siue
1042 2649 1130 2726 non³‚
1161 2648 1313 2731 puniatur
1331 2649 1363 2714 in

119 2749 217 2832 duplo
240 2749 325 2816 illius
346 2767 439 2832 pens,
462 2769 555 2832 quam
579 2739 825 2832 consequeretur
847 2750 887 2816 de
912 2751 996 2818 dicto
1019 2749 1183 2832 maleficio,
1215 2751 1241 2819 si
1264 2752 1361 2818 alium

121 2854 344 2936 percussisset.

167 2957 213 3022 Et
236 2957 276 3024 de
297 2957 357 3023 hoc
379 2956 534 3024 maleficio
554 2963 699 3040 potestas
713 2957 832 3024 habeat
846 2958 975 3040 plenum
991 2959 1158 3024 arbitrium
1173 2958 1361 3041 inquirendi,

124 3060 298 3128 dummodo
321 3079 383 3126 non
406 3061 509 3142 possit
523 3061 675 3130 excedere
691 3061 808 3128 dictam
827 3079 953 3143 penam,
977 3062 1051 3144 quia
1065 3061 1130 3143 ille,
1153 3063 1207 3144 qui
1223 3061 1284 3128 sibi
1300 3077 1362 3127 non

121 3165 238 3248 parcit,
261 3182 325 3230 non
348 3168 399 3230 est
419 3165 590 3250 uersimile,
614 3165 699 3246 qnod
723 3165 793 3248 aliis
816 3165 933 3232 debeat
954 3167 1103 3247 paruere‘
1124 3165 1190 3232 ullo
1212 3164 1317 3231 modo.

404 3375 471 3420 GAP·
495 3377 558 3420 m.
583 3377 625 3422 DE
647 3377 833 3421 oonounms
853 3376 1085 3420 HOMllHOBUH.

167 3483 251 3548 ltem
274 3487 430 3550 statutum
453 3491 487 3549 et
510 3485 690 3551 ordinatum
713 3490 771 3564 cst,
796 3483 881 3565 quod
905 3483 932 3550 si
963 3484 1069 3566 aliqua
1098 3483 1212 3550 mulier
1240 3484 1365 3566 publice

126 3591 217 3655 osset
239 3585 413 3653 concubina
434 3587 566 3653 alicuius
587 3588 743 3671 monachi,
766 3588 818 3654 uel
850 3587 999 3670 religiose
1023 3605 1169 3668 persone,
1192 3585 1365 3669 fustigetur

126 3709 188 3774 per
211 3691 373 3766 ciuitatem
396 3696 430 3756 at
452 3691 631 3774 expellatur
652 3692 778 3760 omuino
801 3692 841 3757 dc
865 3691 996 3757 ciuitate
1019 3689 1150 3773 Spalati.

123 3919 194 3964 ΟΜ).
225 3920 303 3962 xm.
336 3919 418 3971 QUOD
450 3921 571 3964 numus
601 3919 725 3963 Tmss
746 3921 880 3964 DBUDAI
902 3921 964 3964 m
987 3919 1190 3964 OOHUUBIMU
1212 3919 1247 3961 nt
1268 3918 1364 3961 DOHO.

170 4027 254 4092 Item
277 4031 432 4092 statutum
455 4034 489 4091 et
511 4029 690 4094 ordinatum
714 4033 773 4110 est,
797 4029 881 4108 quod
903 4027 1009 4093 nullus
1031 4027 1136 4110 homo,
1159 4026 1255 4090 etiam
1278 4026 1305 4090 si
1326 4025 1368 4090 sit

126 4131 233 4197 solus⁶
255 4135 290 4197 et
310 4149 373 4195 non
395 4130 512 4197 habeat
532 4151 673 4205 uxorem,
699 4131 816 4196 audeat
838 4131 888 4196 uel
912 4136 1076 4213 presumat
1098 4135 1207 4196 tenere
1228 4128 1367 4208 aliquam

125 4235 270 4314 drudam
304 4238 455 4300 amasiam
485 4237 536 4301 uel
559 4236 764 4302 concubinam
793 4237 826 4300 in
850 4237 942 4300 domo
972 4253 1039 4312 sua,
1074 4253 1130 4300 seu
1153 4231 1368 4298 habitationel

126 4340 228 4422 ipsius
250 4340 393 4404 masculi.
415 4341 459 4406 Et
481 4341 507 4404 si
530 4359 602 4406 eam
624 4340 765 4407 tenuerit
787 4341 871 4405 ultra
893 4345 965 4406 octo
989 4339 1066 4416 dies,
1088 4337 1239 4420 puniatur
1254 4352 1368 4400 conou-

131 4471 337 4482 *α*-

174 4534 186 4569 ¹
209 4533 298 4596 (iod.
321 4533 426 4592 acad.
449 4534 490 4591 B:
517 4531 655 4611 „penes“.
747 4527 760 4563 ²
781 4529 892 4590 ibid:
919 4527 1151 4606 „conuersatio“.
1246 4523 1370 4585 ³Deest

127 4625 156 4683 in
179 4621 261 4683 cod.
286 4620 392 4680 acad.
416 4619 452 4678 Α.
535 4617 546 4652 ⁴
569 4619 660 4678 Deest
681 4635 729 4692 ap.
754 4616 863 4689 Ljub.
945 4613 1064 4675 ⁶Ood.
1089 4613 1195 4675 acad.
1219 4613 1244 4672 B
1267 4616 1296 4672 et
1318 4629 1366 4688 ap.

126 4710 257 4788 ajub:
284 4707 448 4783 „solutus“.
520 4703 661 4764 ⁶rhid.:
688 4701 926 4781 „habitationis“.
