3398 5354
324 411 387 474 208

321 613 497 682 Deeodem
517 664 1387 681 .....................
1468 615 1570 698 xlviij.

320 717 370 784 De
386 719 500 784 eadam
519 768 1391 784 .....................
1494 720 1569 784 xlix.

320 821 371 886 Dc
394 839 442 900 co,
467 822 521 903 qui
543 822 634 887 uadit
656 841 714 904 par
736 841 826 888 mare
848 824 931 889 ultra
957 823 1105 906 culphum
1124 873 1392 887 .......
1547 824 1568 896 1.

320 925 370 992 De
387 926 500 992 ecdem
519 975 871 991 .........
897 996 901 1012 ,
908 976 1392 992 ............

320 1029 370 1095 De
386 1030 498 1096 codem
517 1079 1389 1095 .....................
1562 1081 1569 1096 .

322 1132 499 1200 Deeodem
518 1183 1390 1199 .....................

325 1237 375 1302 De
391 1237 504 1304 codam
522 1285 1395 1302 .....................

323 1341 373 1407 De
389 1341 501 1408 eodem
519 1389 1391 1406 .....................

323 1444 373 1511 De
388 1445 501 1511 eadam
519 1493 1394 1510 .....................

323 1548 503 1615 Daeodem
521 1597 873 1612 .........
917 1581 924 1595 -
953 1597 1394 1612 ...........

322 1653 372 1719 De
389 1651 501 1718 audam
521 1699 1394 1715 .....................

323 1755 501 1823 Dasodsm
520 1803 1392 1820 .....................
1530 1756 1537 1772 ’

324 1860 375 1926 Da
390 1858 504 1926 codem
523 1907 1396 1924 .....................

323 1962 504 2030 Deaodcm
523 2010 1133 2026 ...............
1178 1997 1185 2010 -
1214 2011 1398 2028 .....

323 2065 373 2131 De
389 2065 502 2132 codem
521 2113 1396 2130 .....................

186 2223 187 2226 ,
324 2169 374 2234 Dc
389 2168 503 2236 codem
522 2217 1396 2234 ,,,,,,,,,,,,,,,,,,,,,
1680 2159 1682 2214 t

324 2272 502 2340 Dacodam
520 2321 1396 2337 .....................
1680 2273 1682 2282 ⁴

322 2377 372 2442 De
389 2377 501 2443 eodem
521 2425 1396 2441 .....................

323 2480 373 2546 De
389 2479 501 2546 ecdem
521 2528 1397 2546 .....................
1556 2532 1562 2546 .
1680 2527 1682 2570 ἢ

325 2584 375 2649 De
392 2584 504 2650 audam
523 2631 1353 2648 ....................
1393 2635 1400 2648 .
1681 2571 1682 2586 ’

324 2686 501 2753 Desudam
521 2735 1350 2750 ....................
1390 2738 1397 2750 .
1681 2687 1682 2694 ’

326 2789 503 2857 Daeodeur
523 2838 1398 2856 .....................
1530 2793 1536 2807 ·

327 2894 505 2962 Deaodcm
524 2943 1351 2960 ....................
1391 2945 1398 2961 .

325 2998 376 3064 Da
391 2998 505 3064 eodem
523 3047 1397 3063 .....................

325 3101 503 3169 Daaodem
522 3149 917 3166 ..........
944 3136 945 3139 ¹
954 3149 1394 3168 ...........
1555 3153 1561 3168 .

324 3206 374 3273 De
390 3207 502 3274 eodem
520 3253 1394 3271 .....................
1473 3205 1558 3288 lxxiij.
1681 3227 1682 3264 1

326 3310 376 3377 De
392 3309 504 3376 eodem
523 3357 1395 3374 .....................
1463 3310 1560 3392 larua
1681 3303 1682 3316 ¹

328 3411 423 3492 Quod
446 3418 567 3480 statuta
588 3413 691 3478 locum
713 3409 853 3477 habeant
876 3410 917 3476 ad
939 3410 1047 3477 lutura
1085 3460 1395 3477 ........
1486 3413 1558 3478 lxxv.
1680 3423 1682 3438 ⁴

393 3643 460 3687 OAP.
484 3642 505 3684 1.
529 3643 571 3684 DE
594 3640 786 3684 romanus
808 3641 1004 3686 uomitusue
1028 3641 1151 3686 rucuma
1172 3641 1209 3684 ΒΕ
1232 3641 1320 3683 CIUBS
1344 3618 1497 3684 actumst.

373 3755 537 3824 Statutum
568 3762 601 3823 et
624 3756 804 3821 ordinatum
837 3762 896 3838 est,
928 3757 1012 3840 quod
1036 3757 1062 3824 ai
1085 3756 1199 3838 aliquis
1221 3755 1357 3824 forensia
1381 3757 1501 3823 uaneut
1520 3755 1556 3822 ad

326 3859 553 3927 habitandum²
587 3859 749 3926 ciuitatem
772 3858 895 3943 Spalati
928 3867 961 3926 at
995 3861 1133 3926 uoluerit
1163 3858 1245 3926 cilici
1267 3861 1347 3925 ciuis
1372 3860 1554 3942 spalatinis,

329 3965 415 4045 quad
431 3964 547 4030 debeat
562 3963 678 4031 offerrc'
700 3963 884 4046 petitionem
909 3983 998 4030 suam
1021 3965 1054 4030 iu
1076 3964 1216 4047 generali
1240 3964 1371 4030 consilio
1395 3965 1476 4046 dicta
1490 3963 1556 4029 ciui·

327 4069 405 4134 tatis
431 4073 466 4134 et
489 4067 605 4136 debeat
626 4068 837 4150 personaliter
859 4069 969 4135 uenire
990 4069 1023 4134 in
1045 4070 1115 4151 ipso
1138 4068 1267 4134 consilio
1290 4068 1332 4133 ad
1353 4068 1422 4148 boc,
1445 4072 1479 4135 ut
1498 4067 1555 4150 qui·

329 4171 412 4237 libat
434 4169 631 4238 consiliarius
662 4171 764 4255 possit
785 4172 889 4256 ipsum
912 4173 1030 4252 rudere,
1064 4173 1090 4238 si
1113 4177 1165 4239 est
1183 4172 1388 4253 recipiendis
1415 4172 1446 4238 in
1468 4175 1557 4236 uuam

328 4273 470 4341 ciuitatis
494 4271 617 4355 Spalati
641 4293 700 4341 nec
722 4293 771 4341 ue.
815 4273 859 4340 Et
882 4275 910 4340 si
932 4276 1044 4343 maiori
1067 4275 1149 4357 parti
1174 4275 1266 4342 dicti³
1288 4275 1410 4357 consilij
1432 4273 1557 4342 factuiu

329 4397 368 4444 eo
398 4376 517 4460 partito
549 4379 590 4443 ad
620 4370 769 4445 bussuios
800 4385 833 4445 ct
862 4379 999 4446 balistas
1021 4380 1184 4461 placuerit,
1220 4379 1305 4462 quod
1335 4379 1502 4462 recipiatur
1528 4376 1555 4440 iu

376 4568 502 4631 ²Dacst
522 4569 553 4630 iu
575 4570 654 4632 cod.
686 4569 790 4631 acad.
814 4570 839 4630 B
862 4574 892 4630 at
914 4588 962 4647 ap.
986 4572 1097 4649 Ljub.
1211 4567 1302 4647 'Ap
1327 4571 1454 4648 Ljub.:
1478 4561 1555 4646 „affl-

333 4655 344 4692 ³
366 4659 458 4718 Deest
477 4656 575 4718 ibid.
