3376 5392
1278 463 1340 524 att

101 667 155 728 tus
179 661 285 742 merit,
308 661 379 729 illas
402 663 566 745 eripuisse,
588 664 621 730 id
644 669 695 728 est
717 661 867 742 motasse,
899 664 992 730 cadat
1022 665 1063 730 ad
1084 683 1218 746 poenam
1247 667 1330 748 iper·

102 783 253 848 pererum
276 767 414 850 quinque
436 768 677 833 diuidenderurn
700 769 731 832 in
755 775 861 850 partes
886 775 951 835 tres
975 775 1139 852 utsupra.

144 872 230 938 Item
251 873 278 936 si
302 873 415 956 aliquis
438 874 602 955 arriperet,
626 874 657 937 id
681 881 730 938 est
761 873 901 940 azaiarat
931 882 967 940 ut
996 894 1093 957 supra
1121 894 1240 955 carnes,
1273 876 1341 942 siue

101 976 218 1058 pisces,
242 979 294 1042 uel
317 977 395 1042 alias
418 997 469 1042 res
492 978 620 1043 uarrales
643 979 865 1059 cuiuscumque
888 981 982 1044 sertis
1005 981 1178 1046 existerent
1199 987 1232 1048 et
1255 998 1340 1048 reca-

103 1082 196 1148 deret
221 1089 254 1148 et
276 1101 339 1146 non
363 1084 501 1150 solueret
524 1083 700 1166 bercherie,
725 1083 792 1150 siue
814 1085 972 1166 piscatori,
998 1105 1054 1151 seu
1077 1085 1132 1168 illi,
1158 1106 1177 1150 a
1200 1104 1262 1168 quo
1278 1087 1339 1152 eri·

101 1188 238 1268 puisset,
264 1187 370 1254 statim
393 1189 487 1254 cadat
508 1189 539 1252 in
556 1207 690 1270 poenam
706 1189 926 1272 iperpererum
942 1191 1170 1274 quinquaginta
1185 1199 1217 1256 et
1233 1192 1261 1256 si
1276 1209 1339 1256 nen

103 1292 239 1358 baberet
261 1292 345 1357 unde
370 1293 505 1377 soluere,
529 1293 571 1356 sit
598 1293 748 1358 bannitus
779 1314 798 1358 a
828 1295 958 1360 ciuitate
988 1301 1020 1360 et
1050 1295 1155 1360 insula
1185 1293 1340 1361 Curculae

102 1415 162 1477 per
185 1396 267 1462 dues
291 1415 391 1462 annes
414 1399 597 1480 continuem
620 1403 654 1462 et
675 1397 701 1462 si
717 1398 840 1479 ruperit
855 1397 997 1479 confinia,
1021 1405 1149 1465 maneat
1164 1401 1196 1464 in
1212 1418 1338 1466 earcere

103 1521 161 1583 per
186 1502 269 1567 dues
292 1519 416 1567 menses
447 1501 620 1582 continues,
644 1508 677 1567 et
698 1502 829 1585 incipiat
851 1509 927 1568 tune
956 1509 1080 1585 tempus
1110 1505 1204 1570 banni
1234 1511 1268 1571 et
1297 1507 1342 1570 sic

101 1606 199 1670 toties
224 1607 366 1688 quoties;
391 1624 471 1687 quae
495 1624 599 1688 poena
618 1606 835 1689 iperpererum
859 1608 1088 1689 quinquaginta
1111 1609 1283 1674 diuidenda
1299 1611 1341 1674 sit

103 1711 211 1776 modis
234 1717 267 1776 et
289 1709 527 1790 conditionibus
551 1717 587 1774 ut
610 1731 713 1792 supra.

147 1813 241 1892 Lata,
266 1813 351 1890 data,
376 1819 409 1878 et
430 1815 462 1877 in
484 1813 534 1878 his
558 1814 683 1895 scriptis
699 1815 931 1881 sententialiter
948 1815 1149 1898 promulgata
1171 1837 1227 1898 per
1251 1836 1339 1898 prae·

103 1917 203 1982 fatum
229 1915 430 2000 magnificum
454 1918 613 1984 derninmn
636 1919 781 1985 cerriitem
805 1927 837 1985 et
860 1939 917 2000 per
940 1939 990 1985 rna
1013 1921 1230 2004 Diogenetum
1255 1921 1337 1986 Mar·

105 2041 175 2087 cum
200 2023 425 2088 cancellarium
446 2024 528 2089 lecta
550 2029 583 2090 et
605 2023 766 2106 publicata
789 2043 871 2089 anne
889 2031 1020 2089 curante
1036 2023 1219 2103 Mccccxciv‚
1244 2026 1340 2091 indic·

101 2128 193 2193 tiene
216 2147 246 2191 x.
271 2127 321 2193 die
343 2129 426 2212 xxiij.
450 2127 575 2212 Aprilis,
607 2129 827 2210 praesentibus
850 2129 1037 2212 presbytero
1067 2130 1162 2195 Junie
1192 2129 1340 2210 Fermini‚

103 2233 232 2296 demine
261 2233 447 2314 presbytero
471 2233 597 2298 Joanue
628 2231 798 2312 simonen,
830 2233 956 2298 domine
986 2235 1174 2317 presbytero
1204 2233 1340 2300 Antonio

103 2335 282 2414 lsmaellis;
305 2355 365 2402 ser.
389 2336 512 2402 Jeanne
534 2335 658 2418 Benini,
683 2355 744 2402 ser.
768 2337 905 2403 Antonio
928 2335 1143 2404 Bernarouich
1167 2337 1340 2418 iudicibus;

103 2458 164 2504 ser.
189 2439 352 2522 Rapbaele
374 2441 554 2519 Gabriellis,
579 2459 639 2507 ser.
663 2439 800 2508 Antonio
816 2439 938 2523 begali,
964 2460 1025 2508 ser.
1041 2441 1161 2508 Jaeebe
1177 2442 1341 2508 llilcouich

103 2549 136 2609 et
156 2543 267 2608 multis
291 2545 360 2629 alijs
383 2545 541 2612 nobilibus
564 2553 597 2611 et
619 2545 825 2628 popularibus
849 2545 964 2611 circum
987 2547 1164 2612 astantibus
1195 2547 1339 2612 testibus.

476 2743 566 2783 rtxm.
589 2743 725 2784 murana
747 2743 879 2785 euasurus
903 2729 984 2784 xxv·

143 2821 177 2876 de
196 2809 322 2890 pecunijs
340 2823 452 2892 triginta
470 2831 498 2877 et
516 2822 695 2891 quadraginta
712 2837 762 2890 pre
782 2823 938 2877 centenario
957 2824 1142 2878 communitati
1160 2824 1301 2879 concessis.

144 2947 344 3032 Aupastinus
367 2945 544 3013 Ber-bodico
567 2945 628 3010 Det
647 2950 755 3031 prolia
778 2947 844 3011 dua
873 2945 1070 3010 Veneriorum
1095 2955 1146 3011 etc.

148 3069 258 3136 Nobili
282 3075 314 3136 et
337 3071 471 3152 sapienti
497 3072 563 3136 viro
587 3069 724 3136 Simeeni
749 3070 888 3152 Capelle,
913 3069 952 3134 de
975 3089 1032 3134 suo
1062 3069 1212 3135 mandate
1237 3069 1342 3137 comiti

105 3171 264 3240 Curzulae
287 3173 373 3239 fideli
397 3173 512 3240 dilecte
536 3174 669 3239 salutem
692 3181 725 3240 et
748 3173 925 3240 dilectionis
948 3173 1106 3240 affectum.

146 3279 298 3361 Receptis
320 3279 435 3344 litteris
459 3281 576 3344 uestris
600 3285 633 3344 et
656 3279 772 3345 auditis
787 3279 819 3343 iu
836 3281 1042 3344 consenantia
1057 3279 1235 3345 oratoribus
1250 3279 1341 3347 istius

105 3365 554 3450 fidelesimae‘eommunitatis
578 3393 707 3449 nestrae
732 3383 887 3449 Curzulae
911 3401 1008 3466 super
1031 3381 1115 3448 laete
1144 3383 1342 3450 denariorum

108 3487 242 3571 triginta
264 3495 297 3554 et
320 3487 532 3572 quadraginta
554 3509 611 3571 pre
635 3489 814 3554 centenario
844 3495 876 3554 et
907 3495 1079 3568 tensarum,
1111 3508 1189 3571 ques
1212 3507 1269 3571 per
1292 3487 1343 3554 lit·

105 3598 200 3674 teras,
227 3607 394 3680 questum
419 3593 550 3660 consilio
575 3599 683 3659 nestro
707 3593 825 3658 Decem
848 3611 919 3658 cum
942 3593 1103 3659 additione
1126 3593 1342 3674 superioribus
1373 3605 1376 3610 '

104 3697 267 3764 mensibus
290 3713 431 3763 necnon
464 3699 505 3762 ad
535 3699 629 3763 istam
659 3699 914 3764 communitatem
939 3697 1093 3776 dedimus
1124 3697 1342 3764 mandabimus

105 3803 186 3868 mitti
202 3802 321 3868 debere
338 3802 378 3867 ad
394 3801 527 3868 offitium
542 3801 790 3885 gubernatorum
806 3807 986 3868 nestrorum
1002 3801 1187 3867 introituum
1203 3807 1236 3867 et
1252 3801 1340 3867 audi·

107 3915 197 3972 entes
222 3906 263 3985 id,
287 3907 371 3988 qued
394 3907 535 3972 scribitis
559 3913 592 3971 et
615 3905 750 3988 praelati
774 3914 917 3972 oratores
934 3907 1090 3988 capitibus
1107 3905 1226 3989 consilij
1243 3905 1343 3972 nestri

106 4013 224 4078 Decem
247 4012 454 4078 ostenderunt
477 4019 510 4078 et
532 4012 744 4091 declararunt,
763 4012 934 4078 dominium
950 4012 1098 4078 uidelicet
1114 4017 1254 4077 nestrum
1271 4029 1342 4076 curn

107 4117 237 4182 consilio
253 4122 362 4182 nestro
378 4117 574 4198 Regaterurn
590 4117 621 4181 iu
637 4115 867 4198 llleceelxxxiij.,
885 4117 936 4201 xij.
955 4117 1150 4200 Septembris
1166 4115 1206 4182 ad
1223 4115 1342 4197 suppli-

110 4221 266 4288 cationem
297 4221 438 4287 eiusdem
469 4220 671 4288 fidelissimae
701 4222 932 4288 communitatis
966 4222 1105 4304 gratiose
1141 4221 1341 4298 concessisse,

108 4327 191 4407 qued
207 4344 265 4409 pre
280 4327 365 4392 bena
379 4327 549 4394 securitate
564 4327 648 4392 illius
666 4327 802 4393 ciuitatis
818 4328 957 4394 construi
975 4327 1127 4393 deberent
1144 4326 1225 4391 duae
1241 4333 1345 4391 turres

106 4431 137 4496 in
158 4431 214 4496 illa
236 4432 268 4496 in
291 4431 369 4497 locis
392 4431 424 4495 in
447 4431 519 4512 ipsa
541 4431 744 4498 concessione
762 4433 918 4514 expressis
935 4436 968 4496 et
984 4431 1043 4497 hee
1058 4450 1095 4496 eu
1112 4430 1254 4512 pecunijs
1271 4429 1346 4495 dieti

109 4537 263 4615 neminis3
286 4537 319 4600 in
342 4535 547 4602 Meceelsxxv.
571 4555 647 4603 uere
678 4537 719 4601 ad
752 4536 894 4601 eiusdem
924 4535 1155 4602 communitatis
1187 4535 1343 4616 supplica·

109 4639 223 4706 bouem
249 4641 344 4705 etiam
369 4643 566 4707 concessisse
589 4659 646 4722 pre
670 4641 872 4722 reparatione
896 4647 929 4706 et
950 4639 1172 4708 fortificatione
1203 4639 1340 4705 ciuitatis

110 4746 198 4812 nobis
221 4746 426 4813 charissimae
449 4747 579 4830 triginta
601 4753 634 4812 et
657 4746 867 4830 quadraginta
889 4765 946 4829 pre
969 4746 1149 4814 centenario
1181 4743 1341 4830 regiminis

1437 4905 1451 4944 ιλ
1665 4931 1676 4951 -ι1
