3388 5356
377 451 440 518 236

419 657 520 725 Electi
544 659 585 726 ed
608 660 744 726 eundum
766 662 807 728 ad
823 660 1033 728 clarissimum
1055 659 1253 744 prouisorem
1273 661 1444 746 presbyter
1464 661 1606 745 Peregri-

371 781 431 830 nus
454 762 646 846 Chersinich,
670 785 730 833 ser.
753 765 904 834 Nicolaus
925 766 1097 848 Buttirich‚
1122 787 1182 835 ser.
1207 765 1454 849 christophorus
1481 765 1606 852 Margo·

370 870 441 946 tius,
465 871 617 953 magister
641 871 780 940 loannes
803 873 975 938 Iutaiator:

416 973 632 1044 Beruardinus
655 979 861 1044 cancellarius
883 979 1032 1046 mandato
1049 980 1183 1062 scripsit.

416 1079 483 1148 Nos
507 1080 698 1148 Laurentius
728 1081 916 1163 Baduarius,
948 1102 1006 1166 pro
1039 1083 1251 1152 illustrissimo
1282 1089 1317 1152 et
1346 1082 1608 1150 excellentissimo

374 1185 479 1252 ducali
502 1186 638 1254 dominio
661 1186 868 1254 Venetiarum
901 1205 1006 1257 nonies
1037 1187 1202 1270 Curzulae,
1232 1190 1272 1256 de
1299 1188 1462 1272 legalitate
1494 1193 1531 1254 et
1551 1185 1610 1254 fide

374 1291 581 1376 suprascripti
605 1309 665 1358 ser.
689 1290 876 1360 Bernardiui
897 1292 1020 1360 Gusliui
1041 1293 1215 1360 Feltrensis
1237 1293 1351 1376 notarij
1375 1299 1408 1359 et
1432 1291 1610 1376 cancellarii

377 1395 549 1461 communis
573 1393 738 1476 Curzulae,
772 1397 826 1478 qui
856 1398 1131 1482 congregationem
1158 1399 1405 1484 suprascriptam
1433 1397 1475 1464 de
1505 1403 1610 1462 nostra

379 1498 508 1566 licentia
531 1506 753 1582 congregatam
776 1501 903 1584 scripsit
925 1521 995 1568 oum
1019 1501 1164 1585 capitulis
1186 1501 1218 1568 in
1241 1523 1280 1572 ea
1308 1502 1497 1570 deliberatis
1520 1500 1609 1569 tidem

375 1600 508 1668 facimus
531 1609 563 1670 et
584 1604 679 1687 plene
701 1611 896 1673 attestamur.

419 1707 538 1774 Datum
562 1707 719 1778 Gurzulac
742 1711 794 1778 die
816 1711 876 1794 xvj.
900 1710 1036 1795 Augusti
1058 1710 1175 1796 mnxij.

549 1975 670 2019 mnan.
694 1977 815 2022 nacmro
837 1979 1018 2023 recursurus
1041 1979 1215 2023 emmas
1237 1979 1433 2036 mmm,

375 2072 430 2124 qua
446 2055 552 2112 reiectis
570 2074 595 2112 v.
614 2057 741 2127 capitulis
758 2057 940 2128 popularium,
958 2059 1012 2114 tria
1029 2058 1145 2128 admisit,
1164 2073 1268 2129 nempe,
1287 2057 1359 2127 quod
1376 2059 1428 2115 liat
1445 2073 1517 2114 urna
1540 2057 1604 2113 'lbr-

375 2145 497 2200 cimauus
515 2144 548 2200 de
566 2145 668 2215 populo
686 2145 720 2200 ad
738 2162 853 2214 annum;
871 2145 943 2215 quod
960 2145 1014 2204 dno
1032 2146 1065 2202 de
1082 2147 1182 2218 populo
1195 2161 1213 2202 a
1224 2147 1321 2202 comite
1333 2146 1469 2216 eligantur
1481 2147 1511 2200 in
1522 2146 1603 2201 offitio

377 2233 503 2289 sanitatis
521 2239 550 2288 et
568 2231 638 2301 quod
656 2249 748 2288 omnes
766 2233 879 2301 nobiles,
898 2234 945 2302 qui
962 2249 1017 2290 non
1035 2241 1101 2290 sunt
1117 2234 1150 2290 de
1162 2233 1275 2289 consilio
1288 2233 1430 2302 Garrulus,
1443 2235 1551 2290 solnaat
1562 2249 1603 2288 aa—

598 2320 688 2388 garias
707 2321 796 2376 reales
815 2337 875 2376 eum
893 2320 1003 2390 populo,
1022 2321 1046 2376 ei
1064 2327 1151 2378 terras
1169 2320 1207 2375 ibi
1225 2320 1391 2390 possideant.

416 2441 603 2528 Magnificus
626 2450 659 2512 et
681 2443 872 2512 clarissimus
896 2445 1041 2512 dominus
1073 2443 1281 2514 Sebastianus
1310 2445 1519 2524 lastinianus,
1548 2463 1601 2527 pro

374 2548 585 2615 illustrissimo
608 2555 642 2614 el
664 2549 926 2617 excellentissimo
949 2549 1052 2617 ducali
1075 2550 1214 2619 dominio
1235 2550 1444 2618 venetiarum
1458 2554 1519 2616 etc
1534 2567 1602 2632 pre

374 2653 462 2720 uisor
483 2653 640 2740 generalis
664 2653 850 2720 Dalmatiae.

419 2757 584 2824 Intellecta
607 2758 836 2840 supplicatione
858 2759 927 2826 eius
951 2757 1204 2843 magnificentiae
1220 2758 1306 2826 iacta
1320 2777 1378 2840 per
1394 2758 1603 2826 uenerabilem

373 2863 601 2946 presbyterum,
626 2863 786 2929 dominum
809 2864 938 2930 Petmm
963 2862 1146 2931 Chersiuich
1170 2866 1210 2931 de
1231 2863 1347 2938 Blatta
1372 2881 1410 2929 ac
1431 2862 1601 2945 prudenter

374 2969 460 3036 uiros
484 2987 543 3036 ser.
569 2966 828 3052 Christophorum
859 2969 1017 3054 Margotio
1049 2976 1082 3036 et
1112 2989 1171 3036 ser.
1201 2968 1360 3036 Andream
1388 2968 1430 3034 de
1460 2967 1602 3046 Andreis,

375 3080 517 3141 oratores
539 3072 724 3141 fidellissimi
747 3075 856 3157 populi
879 3074 1045 3152 Curzulae,
1070 3092 1127 3158 pro
1150 3093 1213 3156 quo
1228 3077 1438 3156 porrexerunt
1459 3073 1604 3138 nonnula

375 3178 523 3260 capitula,
547 3184 692 3260 petentes
716 3199 811 3262 super
832 3181 878 3247 eis
902 3180 1025 3246 debitas
1048 3185 1081 3245 et
1103 3179 1299 3246 necessarias
1322 3177 1390 3246 fieri
1411 3178 1604 3260 prouisionsa

373 3302 431 3366 pro
454 3301 562 3349 eorum
587 3284 808 3350 subleuatione
831 3290 865 3352 et
886 3285 1047 3352 institatae
1071 3285 1309 3367 complimento:
1342 3284 1421 3348 uisis
1453 3283 1534 3364 ipsis
1557 3300 1605 3346 m·

373 3388 499 3470 pilulis,
531 3406 590 3456 nec
620 3407 683 3454 uon
716 3389 841 3455 domino
871 3389 999 3456 Andrea
1030 3389 1071 3456 de
1102 3387 1282 3456 Carausliis
1313 3393 1348 3453 et
1378 3389 1447 3453 eius
1478 3385 1604 3470 collegis

373 3493 553 3559 oratoribus
581 3491 783 3560 fidelissimae
815 3493 990 3560 nobilitatis
1022 3491 1180 3561 cnrzulae
1207 3491 1496 3560 contradicentibus
1526 3493 1604 3558 cirea

375 3596 599 3664 admissionem
630 3597 785 3664 dictorum
814 3598 1042 3681 capitulorum
1072 3599 1200 3665 taudem
1228 3595 1346 3664 auditis
1377 3595 1544 3663 audiendis
1576 3601 1606 3660 et

374 3699 452 3766 uisis
468 3700 613 3767 uidendis
629 3703 817 3784 superinde3
840 3703 966 3768 reiectis
982 3701 1129 3768 nonnulis
1145 3699 1292 3785 capitulis
1307 3706 1469 3783 tamquam
1485 3699 1603 3764 iniusta

373 3808 407 3870 et
427 3803 610 3884 inhonestis,
633 3805 760 3872 admisit
789 3805 1020 3888 infrascriptam
1044 3805 1308 3887 supplicationem
1339 3822 1410 3870 cum
1432 3801 1534 3870 tubus
1557 3821 1603 3868 ca-

374 3909 483 3991 pitulis
507 3911 565 3977 sub
589 3929 629 3976 ea
651 3911 808 3978 annotatis
830 3929 888 3993 pro
910 3911 993 3978 bono
1024 3911 1198 3976 uniuersali
1221 3914 1254 3976 et
1284 3907 1416 3993 pacifica
1446 3908 1553 3990 quiete
1574 3913 1604 3972 et

372 4013 603 4096 tranquillitate
625 4014 709 4082 illius
732 4013 906 4082 fidelissimi
921 4013 998 4096 loci;
1022 4033 1154 4098 quorum
1178 4013 1414 4098 supplicationis
1437 4019 1472 4079 et
1488 4012 1603 4096 capitu·

372 4119 473 4186 lorum
496 4117 571 4186 talis
595 4121 737 4204 sequitur
759 4123 870 4186 tenor:

414 4221 477 4289 Nui
501 4241 561 4291 ser.
588 4222 762 4292 Oristoforo
785 4224 953 4308 Margotio,
978 4227 1035 4308 pre
1058 4225 1153 4292 Piero
1176 4221 1363 4290 Chersinich
1385 4227 1419 4288 et
1449 4239 1510 4288 ser.
1541 4219 1600 4286 An·

377 4327 455 4395 drea
477 4328 517 4396 de
538 4327 674 4396 Andreis
697 4347 786 4396 come
804 4329 922 4396 oratori
937 4329 977 4397 de
991 4329 1066 4412 quel
1082 4327 1276 4396 fedelissimo
1294 4327 1411 4410 populo
1429 4323 1602 4394 cuzuin

372 4453 390 4501 e
413 4433 465 4500 del
488 4433 654 4514 destretto,
678 4451 875 4516 comparemo
898 4439 1053 4516 utsupra
1076 4433 1139 4500 alla
1161 4439 1269 4499 vostra
1293 4431 1467 4498 clarissima
1484 4429 1602 4512 magai-

373 4537 509 4620 ficentia,
534 4540 601 4607 cicc
624 4557 680 4604 ms.
705 4537 872 4606 Sebastiam
894 4538 1059 4604 Zustinian
1082 4537 1232 4604 cauallier
1263 4537 1447 4622 dignissimo
1478 4541 1512 4602 et
1532 4553 1602 4618 pro

373 4644 513 4712 uededor
535 4643 660 4712 zeueral
684 4643 724 4710 de
754 4643 925 4722 Dalmatia,
960 4642 1018 4709 che
1048 4643 1153 4726 quello
1183 4661 1218 4709 se
1249 4641 1353 4726 degne
1384 4638 1602 4708 coniermarli

373 4749 503 4834 capituli
525 4747 709 4814 inlrascritti
731 4767 751 4814 a
774 4748 847 4831 quel
871 4745 1054 4817 fidelissimo
1076 4749 1194 4833 populo
1219 4745 1407 4814 Ourzulano.
