3376 5392
327 469 330 476 ¹
350 441 411 504 let

341 643 459 728 aliquid
489 663 546 728 per
573 663 632 713 nos
662 646 870 724 scriberetur,
901 651 988 714 esset
1019 645 1096 714 dare
1126 663 1252 712 musam
1282 645 1329 712 eis
1357 643 1575 712 commonendi

339 750 504 816 materiam
527 747 712 832 predictam.

381 854 430 920 Ad
454 853 626 921 secundum
648 860 763 940 autem
796 873 855 937 par
876 855 963 938 quod
985 853 1204 938 supplicarunt
1225 855 1381 938 replicare
1404 853 1570 936 quamdam

342 957 481 1024 litteram
504 975 563 1040 per
585 975 643 1024 nos
666 957 745 1025 elias
767 957 917 1040 scriptam
940 959 1046 1026 comiti
1069 965 1177 1025 nostro
1202 958 1322 1041 Spaieci
1344 975 1444 1040 super
1466 956 1570 1022 debito

341 1060 421 1127 alias
444 1059 635 1128 sententiata
658 1078 717 1144 per
739 1061 841 1128 locum
858 1048 1017 1130 tenentem
1040 1063 1124 1144 regis
1146 1061 1324 1145 Hungari03
1347 1060 1573 1144 respondimus,

340 1163 425 1246 quod
447 1182 574 1232 eramus
597 1166 736 1232 contenti
756 1165 844 1231 iuxta
872 1166 1111 1248 requisitionem
1140 1184 1228 1232 suain
1253 1167 1300 1232 eis
1323 1165 1522 1248 complacere
1544 1169 1576 1228 et

338 1266 446 1335 iacere
470 1268 569 1336 dictas
592 1268 716 1336 litteras
738 1270 904 1353 replicare.
1560 1347 1564 1357 ,

382 1371 433 1438 Ad
455 1373 583 1440 tertium
606 1391 693 1458 uero,
717 1393 774 1456 per
795 1375 880 1456 quod
902 1373 1129 1459 supplicarunt,
1159 1375 1245 1456 quod
1267 1391 1339 1440 cum
1361 1373 1576 1440 atfictauerint

337 1477 487 1544 introitus
512 1477 595 1546 dicte
618 1479 849 1544 communitatis
871 1485 905 1544 et
926 1485 1051 1561 tempus
1074 1477 1279 1546 aflictationis
1302 1476 1395 1544 finiat
1410 1479 1570 1547 demensa

339 1581 518 1662 Decembri,
542 1582 744 1666 dignaremur
765 1583 943 1668 prouidere,
974 1585 1058 1666 quod
1088 1585 1220 1652 comites
1250 1585 1298 1652 sui
1330 1584 1370 1650 de
1393 1590 1505 1649 cetero
1527 1582 1571 1648 in·

339 1690 425 1752 trare
447 1686 601 1752 deberent
621 1687 654 1754 in
676 1688 828 1770 regimine
850 1707 870 1754 a
889 1707 997 1756 mense
1020 1689 1187 1757 Decembri
1207 1707 1307 1770 usque
1322 1688 1363 1754 ad
1386 1687 1574 1771 principium

341 1789 457 1874 Martij,
481 1795 515 1855 et
536 1791 582 1858 sic
603 1791 820 1876 iniungeretur
842 1793 873 1858 in
896 1812 1005 1860 eorum
1027 1794 1307 1862 commissionibus.
1335 1792 1416 1858 Nam
1434 1793 1462 1857 si
1486 1792 1576 1858 aliter

339 1891 438 1979 lieret,
462 1896 638 1977 precessori
667 1896 762 1981 illius,
793 1897 847 1978 qui
874 1903 949 1964 ante
973 1899 1107 1964 intraret
1129 1899 1161 1964 in
1184 1898 1345 1982 regimine,
1375 1915 1440 1964 non
1460 1902 1574 1979 posset

341 1999 423 2066 solui
446 1999 487 2065 de
509 2018 566 2066 suo
589 2000 704 2068 salario
727 2003 787 2068 nisi
809 2021 867 2084 per
889 2003 1054 2069 collectam
1075 2003 1153 2085 ipsis
1175 2004 1294 2068 nostris
1317 2002 1452 2068 subditis
1475 2001 1573 2081 impe

289 2121 291 2126 ’
340 2103 473 2169 nendum
499 2121 570 2168 cum
593 2105 727 2171 maximo
750 2123 860 2174 eorum
882 2107 1081 2188 grauamine:
1105 2107 1336 2189 respondimus,
1361 2106 1446 2188 quod
1467 2123 1575 2170 sumus

340 2209 488 2294 contenti,
512 2209 598 2291 quod
620 2225 735 2296 comes,
763 2229 858 2292 quem
880 2211 941 2277 rite
964 2211 1146 2293 elegerunt,
1179 2213 1275 2278 faciat
1297 2212 1462 2277 introitum
1486 2227 1575 2275 suum

340 2313 374 2379 in
387 2313 539 2396 regimine
555 2313 606 2379 die
621 2314 755 2396 septima
770 2316 887 2381 mensis
902 2315 1087 2382 Decembris
1103 2316 1244 2398 proximi.
1269 2314 1332 2382 Sed
1348 2313 1574 2390 ordinabimus,

338 2425 373 2486 et
394 2420 440 2484 sic
461 2417 658 2502 iniungemus
680 2419 712 2484 in
735 2421 1004 2490 commissionibus
1036 2422 1186 2488 comitum
1214 2422 1255 2488 de
1278 2429 1382 2488 cetero
1409 2419 1570 2504 eligendo·

339 2541 419 2603 rum,
443 2523 529 2605 quod
550 2521 668 2590 intrare
695 2523 833 2590 debeant
862 2525 894 2590 in
924 2526 1076 2608 regimine
1096 2546 1116 2591 a
1138 2545 1246 2592 mense
1275 2526 1444 2594 Decembri
1476 2542 1574 2606 usque

341 2628 382 2694 ad
404 2626 591 2710 principium
613 2628 731 2694 mensis
753 2627 871 2711 Martii,
894 2636 927 2695 et
950 2633 977 2696 si
1000 2631 1070 2712 quis
1095 2629 1228 2711 differet,
1259 2636 1347 2698 tanto
1378 2629 1484 2696 minus
1512 2631 1574 2694 stet

340 2732 372 2798 in
394 2731 556 2816 regimine,
580 2731 625 2798 ita
647 2734 731 2815 quod
754 2751 917 2802 successor
939 2755 1015 2802 suus
1038 2736 1133 2804 intret
1155 2737 1196 2802 ad
1219 2736 1337 2802 dictum
1352 2737 1532 2802 terminum
1630 2743 1637 2758 '

383 2835 433 2903 Ad
455 2844 602 2919 quartum
624 2844 740 2918 autem,
763 2857 821 2922 per
843 2841 927 2922 quod
951 2841 1177 2924 supplicarunt,
1214 2847 1249 2907 ut
1271 2841 1436 2925 dignemur
1458 2839 1505 2905 eis
1528 2836 1573 2902 di·

341 2943 467 3009 mittere
489 2942 609 3008 datium
631 2946 806 3010 uentosimi
828 2963 886 3027 per
901 2942 1000 3012 annos
1015 2953 1092 3026 tres,
1116 2952 1152 3012 ut
1167 2945 1298 3012 ualeant
1313 2945 1453 3012 construi
1469 2943 1574 3008 iacere

341 3047 498 3129 quandam
521 3047 687 3114 cisternam
710 3056 800 3116 extra
821 3069 945 3134 muros3
976 3051 1207 3134 respondimus,
1238 3050 1333 3134 quod,
1364 3063 1400 3114 ut
1422 3049 1469 3115 eis
1492 3046 1575 3112 clare

341 3159 474 3232 constat,
499 3151 539 3220 de
560 3154 655 3220 terris
678 3153 855 3222 Dalmatiae
877 3157 1069 3223 sustinemus
1092 3175 1238 3240 magnam
1261 3173 1442 3239 expensam,
1466 3157 1500 3217 et
1517 3169 1574 3216 nos

343 3263 469 3340 oportet
489 3258 616 3325 nrittere
638 3261 723 3324 onnni
745 3278 827 3326 anno
849 3261 889 3326 ad
912 3260 1012 3327 dictas
1037 3267 1143 3344 partes
1164 3280 1311 3344 magnam
1343 3276 1498 3324 summam
1520 3256 1576 3322 de·

340 3363 510 3437 uariorum,
534 3363 574 3430 ob
598 3365 682 3445 quod
704 3383 767 3430 non
790 3366 935 3432 uidemus
958 3385 1053 3449 posse
1076 3367 1122 3434 eis
1145 3365 1339 3448 complacere
1363 3365 1395 3428 in
1417 3363 1486 3428 hoc.

386 3465 436 3532 Ad
459 3467 612 3548 quintum,
636 3487 693 3551 per
708 3470 792 3550 quod
807 3470 1011 3552 suplicamnt,
1035 3476 1071 3536 ut
1086 3471 1252 3554 dignemur
1266 3469 1298 3534 in
1313 3469 1397 3534 iacto
1412 3463 1577 3533 electionis

343 3571 514 3638 obseruare
537 3589 647 3638 eorum
669 3574 911 3640 consuetudines
933 3580 966 3641 et
988 3593 1050 3640 non
1073 3593 1249 3658 aggrauare
1272 3592 1326 3640 eos
1348 3573 1381 3638 in
1400 3571 1504 3638 dando
1530 3569 1576 3634 eis

341 3675 477 3758 aliquem
498 3676 728 3760 Ragusiensem
750 3679 782 3743 in
805 3679 1002 3762 episcopum3
1037 3679 1268 3762 respondimus,
1291 3676 1376 3758 quod
1397 3675 1451 3742 ille
1473 3673 1575 3740 irater

341 3779 498 3861 Nicolaus,
522 3797 616 3862 quem
638 3781 685 3849 eis
707 3782 851 3849 dedimus
873 3783 905 3848 in
928 3784 1119 3866 episcopum,
1153 3784 1228 3848 licet
1249 3782 1379 3848 natione
1402 3780 1447 3846 sit
1467 3779 1574 3863 Regu·

342 3885 465 3970 siensis,
488 3893 620 3970 propter
641 3885 709 3953 eius
732 3905 831 3970 opera
850 3888 992 3970 reputari
1015 3887 1111 3954 debet
1133 3888 1280 3970 proprius
1304 3885 1446 3952 Venetus
1462 3891 1497 3950 et
1512 3901 1576 3949 non

343 3989 532 4074 dubitamus,
555 3991 641 4074 quod
662 3991 749 4075 ipsos
771 3993 888 4074 optime
911 3997 1016 4076 reget;
1039 3998 1074 4059 et
1095 3992 1297 4059 nihilominus
1313 3991 1341 4056 si
1355 4009 1414 4073 per
1428 4003 1575 4072 tempora
1680 4051 1681 4058 ,

342 4111 397 4161 sos
419 4113 483 4162 non
505 4096 586 4162 bene
609 4101 770 4176 uacaret,
794 4097 854 4180 ipsi
878 4115 1004 4180 semper
1026 4097 1145 4164 babere
1169 4101 1319 4180 poterunt
1334 4095 1375 4163 ad
1391 4113 1451 4160 nos
1467 4111 1576 4160 recur-
1679 4085 1681 4176 j

342 4217 412 4266 sum
434 4205 468 4266 et
490 4219 547 4266 nos
570 4201 807 4282 prouidebimus
828 4201 1008 4284 superinde.

383 4302 433 4369 Ad
457 4309 579 4370 sextum
603 4323 690 4385 uero,
714 4323 772 4388 per
794 4307 879 4388 quod
894 4307 1122 4390 supplicarunt,
1146 4313 1183 4372 ut
1198 4305 1400 4390 dignaremur
1415 4304 1456 4371 de
1471 4303 1575 4388 gratia

326 4398 473 4490 'speciali
494 4408 543 4475 ais
565 4409 748 4490 concedere,
773 4410 856 4492 quod
879 4429 937 4492 per
966 4415 1124 4492 quattuor,
1156 4417 1212 4476 aut
1233 4428 1290 4492 per
1314 4409 1455 4492 qmnque
1479 4427 1575 4474 annos

344 4517 476 4594 possent
498 4512 664 4580 extrahere
686 4513 726 4581 de
748 4514 891 4596 Venetijs
918 4514 1089 4598 lignamina
1110 4534 1168 4598 pro
1191 4515 1301 4582 ualore
1323 4514 1510 4580 ducatorum
1534 4515 1575 4580 50

343 4613 377 4682 in
399 4632 493 4703 anno,
516 4616 585 4682 sine
607 4616 714 4699 aliquo
737 4617 832 4700 datio,
856 4637 915 4701 pro
938 4617 1058 4685 fabrica
1080 4624 1114 4686 et
1136 4624 1319 4686 ornamento
1343 4617 1483 4684 diritatis
1498 4617 1573 4684 Cur-

343 4718 434 4801 aule;
456 4719 686 4804 respondimus,
714 4721 798 4803 quod
821 4722 974 4790 nollemus
995 4723 1028 4790 iu
1050 4722 1171 4790 cunctis
1194 4721 1398 4806 possibilibus
1420 4723 1468 4788 eis
1491 4740 1573 4790 com
