3422 5364
298 454 367 530 aaa

297 667 535 750 requirendum,
560 667 587 732 si
610 667 829 749 reperirentur
852 664 894 730 ad
917 662 1104 742 custodiam,
1128 662 1302 728 secundum
1325 660 1410 744 quod
1425 658 1540 727 inerint

298 773 445 841 ordinati.
475 771 519 837 Et
548 773 654 837 omnia
684 771 748 836 alia
775 767 882 834 facere
913 768 1030 834 debeat
1053 767 1157 833 dictus
1182 763 1338 844 officialis,
1370 764 1539 832 secundum

297 877 383 960 quod
406 881 534 942 tenetur
556 896 615 959 per
637 875 772 942 formam
794 874 908 940 statuti
930 874 989 940 sub
1013 872 1139 939 rubrica
1161 873 1201 937 de
1225 869 1371 937 custodia
1393 869 1537 935 ciuitatis.

344 980 453 1060 Item1,
485 981 570 1061 quod
593 979 697 1046 dictus
728 975 874 1046 officialis
896 994 960 1043 non
983 977 1085 1058 possit
1114 977 1160 1042 ire
1184 993 1242 1040 nec
1264 973 1383 1040 debeat
1405 973 1538 1056 aliquem

216 1099 225 1116 ⁰
303 1083 468 1150 custodem
491 1083 660 1150 extrahere
682 1082 722 1149 de
745 1081 889 1149 custodia
911 1100 970 1164 pro
988 1099 1033 1147 se.

335 1189 427 1267 Item,
452 1187 538 1270 quod
559 1206 623 1252 non
645 1187 756 1271 possit,
787 1203 847 1252 nec
869 1185 988 1252 debeat
1009 1183 1147 1266 aliquem
1169 1183 1348 1249 conducere
1370 1181 1473 1265 gratis
1495 1183 1534 1249 ad

296 1293 425 1374 aliquod
448 1309 539 1358 suum
562 1291 765 1369 laborerium,
797 1289 850 1356 uel
882 1289 923 1354 ad
946 1289 1084 1371 aliquam
1116 1286 1279 1370 angariam
1308 1285 1488 1354 faciendam
1509 1289 1539 1354 iu

296 1396 441 1462 fraudem
466 1394 516 1460 sui
539 1393 643 1478 officij,
667 1395 720 1461 uel
743 1395 829 1474 dicte
853 1393 996 1474 custodie
1020 1392 1081 1458 sub
1110 1409 1195 1474 pena
1226 1391 1388 1457 soldorum
1416 1397 1539 1457 centum

296 1517 355 1582 pro
379 1499 521 1581 qualibet
542 1499 624 1564 uice.
653 1499 698 1564 Et
727 1499 755 1564 si
787 1495 1019 1575 contrafecerit,
1051 1496 1135 1578 quod
1160 1495 1293 1578 quilibet
1314 1496 1418 1578 possit
1439 1496 1540 1578 ipsum

298 1621 449 1669 accusare
472 1607 507 1668 et
528 1603 721 1668 dnnuutiare
743 1608 777 1669 et
798 1602 917 1668 habeat
939 1601 1143 1667 medietatem
1167 1599 1263 1666 banni
1286 1605 1320 1666 et
1334 1604 1485 1667 teneatur
1500 1600 1539 1668 de

297 1707 473 1773 credencie.
497 1707 542 1771 Et
556 1707 660 1773 dictus
675 1705 819 1773 officialis
834 1707 926 1786 bene,
952 1705 1074 1772 solicite
1102 1711 1135 1770 et
1149 1704 1296 1787 legaliter
1310 1703 1409 1771 faciat
1424 1705 1538 1771 dictum

299 1830 391 1878 suum
421 1809 561 1877 officium
591 1816 625 1877 et
654 1811 773 1878 hebeat
793 1829 852 1892 pro
873 1829 937 1877 uno
960 1827 1043 1876 auno
1066 1809 1106 1876 de
1125 1827 1183 1875 suo
1206 1808 1324 1876 salario
1346 1808 1480 1877 ducatos
1501 1829 1539 1877 xv

301 1916 342 1984 de
363 1933 452 1983 auro.

342 2020 435 2104 Item,
459 2017 545 2101 quod
567 2017 687 2101 riuarij,
713 2019 767 2101 qui
788 2023 1022 2086 consueuerant
1037 2016 1205 2083 extrahere
1220 2017 1305 2083 omni
1320 2035 1433 2083 mense
1448 2035 1541 2082 unum
1678 2025 1680 2110 J

301 2123 466 2189 custodem
489 2122 530 2188 de
552 2122 705 2202 custodia,
729 2123 813 2204 quod
829 2123 943 2189 amodo
960 2122 1109 2203 deinceps
1132 2121 1253 2186 nullum
1275 2119 1418 2188 habeant
1440 2125 1541 2187 extra·

299 2225 393 2306 here;
409 2232 443 2292 et
459 2227 543 2308 quod
558 2225 599 2292 ob
615 2226 676 2292 hoc
691 2225 829 2292 addatur
839 2227 887 2292 eis
900 2231 934 2291 et
946 2225 1076 2292 cuilibet
1090 2243 1201 2292 eorum
1216 2225 1368 2292 salarium
1384 2225 1543 2292 soldorum

303 2330 434 2414 triginta
455 2333 489 2395 in
511 2349 603 2397 anno.

345 2434 514 2502 Millesimo
546 2433 685 2516 ccclxxij.
724 2433 776 2500 die
810 2453 893 2502 nono
923 2433 1075 2502 februarii
1110 2437 1238 2516 captum
1268 2433 1338 2516 fuit,
1372 2435 1457 2517 quod
1491 2433 1543 2516 qui
1678 2415 1680 2488 l

303 2538 402 2606 fuerit
424 2544 621 2623 superstans,
644 2556 707 2604 non
730 2538 834 2620 possit
855 2537 930 2621 eligi
952 2539 993 2604 ad
1016 2538 1101 2604 aliud
1124 2535 1271 2618 officium,
1301 2557 1362 2604 nec
1390 2537 1543 2619 babere¹3

303 2649 338 2711 et
360 2644 387 2711 si
410 2644 532 2711 electus
554 2642 661 2728 fuerit,
684 2661 747 2708 non
767 2643 871 2725 possit
892 2648 1060 2725 acceptare
1076 2643 1136 2708 sub
1152 2661 1238 2724 pena
1264 2643 1419 2709 librarum
1435 2663 1455 2708 x
1471 2661 1541 2730 par-

307 2767 419 2815 uorum
442 2753 475 2816 et
497 2747 631 2830 quilibet
653 2747 789 2830 elegerit
809 2748 924 2829 ipsum,
948 2747 1041 2813 cadat
1055 2747 1097 2812 ad
1113 2765 1228 2829 penam
1244 2747 1404 2814 soldorum
1427 2747 1497 2812 ψ.

540 2994 609 3042 OAP.
633 2995 676 3038 m.
699 2995 742 3038 nlo
763 2993 887 3039 mortum
909 2994 1053 3040 somno
1075 2997 1110 3039 nt
1132 2997 1310 3041 ΟΠΔΉΟΠῈ.

347 3110 515 3179 Millesimo
538 3112 624 3195 cchJ.
650 3111 702 3178 die
723 3111 796 3194 xxiJ.
814 3111 919 3195 madij,
937 3119 1082 3194 tempore
1097 3115 1315 3196 suprascripto
1331 3119 1461 3197 captum
1475 3113 1545 3194 fuit

303 3215 390 3296 quod
419 3215 451 3280 in
481 3215 685 3282 citationibus
716 3215 863 3283 ciuilibus
892 3217 1010 3284 debeat
1037 3217 1155 3300 apponi
1178 3236 1293 3285 nomen
1315 3223 1349 3285 et
1371 3236 1547 3302 cognomen

303 3318 392 3385 citati
414 3325 448 3386 et
470 3319 599 3386 citantis
621 3295 677 3387 deu
700 3320 790 3386 citari
812 3321 967 3389 facientis.
1001 3321 1096 3388 Etsi
1119 3320 1217 3388 luerit
1232 3322 1336 3390 abeno
1352 3323 1490 3402 nomine,
1512 3327 1548 3388 nt
1679 3325 1680 3328 ’

303 3427 383 3506 puta
414 3423 639 3509 commissario,
673 3425 804 3506 tutorio,
837 3427 1057 3508 procuratorio
1090 3427 1144 3492 uel
1178 3428 1241 3494 alio
1275 3427 1390 3510 quouis
1421 3427 1548 3495 nomine
1679 3435 1680 3440 ’

305 3525 435 3610 aueum,
459 3529 535 3609 poni
557 3545 682 3608 nomen,
706 3527 797 3595 cuius
814 3531 941 3596 nomine
963 3530 1079 3596 citatur
1102 3535 1137 3597 et
1158 3529 1249 3597 citari
1267 3529 1353 3598 facit.
1377 3531 1422 3598 Et
1435 3532 1547 3615 petitio
1678 3581 1680 3626 ,

304 3627 361 3695 fiat
382 3632 600 3699 tantummodo
616 3638 726 3700 contra
742 3633 883 3716 citatum,
906 3634 939 3700 in
963 3654 1027 3718 qua
1041 3641 1180 3718 ponatur
1204 3653 1312 3718 causa,
1336 3654 1400 3718 qua
1415 3637 1546 3719 petitur.
1678 3637 1680 3712 l

684 3882 752 3927 OAP·
774 3884 830 3926 m.
853 3885 896 3927 DE
917 3884 1007 3928 affluo
1028 3884 1169 3928 mmo.

348 3995 487 4078 Geptum
510 4001 543 4064 et
564 3997 770 4066 reformatum
786 3998 855 4081 luit,
880 4001 965 4082 quod
981 4001 1097 4067 amodo
1114 4001 1267 4084 deinceps
1282 4001 1419 4084 quilibet
1434 4021 1548 4082 comes,
1679 4007 1680 4072 ?

305 4101 361 4183 qui
390 4100 510 4168 directo
540 4105 667 4171 uenerit
700 4104 740 4169 ad
771 4103 913 4186 regimen
937 4104 1072 4189 Spoleti,
1096 4111 1246 4172 teneatur
1269 4111 1302 4171 et
1324 4105 1444 4172 debeat
1465 4107 1550 4173 omni

304 4223 397 4283 anno,
422 4205 497 4270 dum
519 4204 618 4273 fuerit
640 4207 681 4274 ad
700 4208 820 4274 dictum
835 4209 988 4292 regimen,
1012 4228 1118 4277 emere
1138 4227 1195 4276 seu
1218 4209 1282 4276 erni
1304 4208 1410 4277 facere
1431 4211 1472 4276 de
1494 4211 1550 4278 ha·
1679 4207 1680 4214 ’

304 4309 387 4378 bere
405 4313 582 4379 communis
611 4313 734 4382 modios
758 4313 989 4396 quinquaginta
1011 4314 1098 4396 milij,
1130 4314 1217 4396 quod
1245 4314 1390 4382 soluetur
1410 4315 1446 4382 in
1468 4332 1551 4383 com·

304 4434 401 4482 mune
423 4415 479 4490 ita,
512 4418 596 4497 quod
627 4435 698 4484 cum
725 4416 823 4484 fuerit
853 4423 962 4500 empta
992 4423 1083 4485 tauta
1105 4417 1269 4500 quantitas
1292 4418 1368 4485 dicti
1390 4419 1468 4502 milij
1492 4438 1551 4503 per

353 4641 475 4707 1God.
500 4644 773 4722 0biud.:„ita“.
844 4640 1233 4729 ²„Nechabere“ibid.
1298 4644 1550 4710 ³(lodacad.
1679 4729 1680 4740 ἵ

293 4731 332 4798 ,Β
356 4735 386 4793 et
407 4732 488 4794 cod.
511 4731 661 4794 chindr
686 4733 763 4815 ,alic
785 4733 891 4809 quouis
912 4727 1031 4794 modo“.
