3416 5350
359 459 419 520 122

398 661 431 729 Si
462 682 539 730 nero
562 671 652 730 actor
682 664 805 744 dixerit,
838 667 923 747 qnod
954 667 1022 732 sine
1053 667 1261 732 instrumento
1291 671 1324 731 et
1354 667 1422 731 sine
1454 666 1583 733 testibus
1674 723 1675 728 ,

353 767 469 832 dictem
493 770 660 850 pecuniam
684 768 736 834 nel
761 787 826 833 rem
850 769 945 834 aliam
969 771 1136 852 mutuouit,
1160 770 1316 852 deposuit,
1341 769 1394 835 uel
1417 770 1476 835 alio
1501 771 1588 836 medo
1673 779 1675 800 ⁴

352 872 456 950 dedit,
490 879 565 939 tunc
597 879 703 938 rector
731 878 765 938 et
787 871 928 938 offitialis
959 872 1043 954 dicte
1068 874 1204 940 ciuitatis
1228 873 1370 938 debeant
1391 871 1467 939 dare
1489 893 1588 940 sacra·
1675 945 1676 970 ,

357 983 466 1042 menta
488 978 571 1042 dicto
595 982 759 1056 conuento,
784 981 850 1042 tam
874 994 972 1059 snper
994 977 1213 1060 acceptatione
1228 977 1312 1057 dicte
1330 977 1378 1042 rei
1394 977 1445 1042 uel
1460 978 1587 1059 pecunie
1675 1035 1676 1038 ,

355 1079 467 1161 petite,
492 1098 585 1162 qnam
609 1099 707 1161 super
729 1080 939 1164 restitutione,
962 1081 1009 1146 ita
1032 1081 1118 1163 quod
1140 1099 1235 1161 super
1257 1079 1316 1147 hoc
1339 1080 1455 1146 debeat
1469 1081 1544 1146 stari
1558 1089 1588 1148 et-

354 1183 440 1248 credi
464 1202 522 1250 suo
542 1183 728 1263 iuramento,
759 1189 792 1248 et
815 1184 843 1248 si
865 1184 1021 1250 iurauerit
1043 1203 1079 1250 se
1101 1184 1259 1264 accepisse
1282 1189 1316 1250 et
1338 1183 1513 1250 restituisse
1536 1202 1586 1265 pe-

355 1287 488 1368 cuniam,
512 1289 563 1354 uel
587 1307 653 1356 rem
677 1288 821 1370 petitam,
845 1288 878 1353 in
902 1289 1075 1354 continenti
1098 1287 1290 1368 absoluatnr,
1322 1293 1358 1353 et
1380 1287 1467 1352 nulla
1487 1287 1585 1352 altera

352 1390 499 1472 probatio
534 1392 666 1458 ulterius
688 1393 862 1474 recipiatur
884 1398 995 1459 contra
1017 1410 1099 1472 enm,
1123 1391 1175 1457 uel
1197 1409 1270 1458 suos
1293 1392 1441 1472 herodes,
1471 1408 1526 1458 nec
1547 1391 1585 1458 de

354 1495 493 1575 periurio
516 1496 619 1578 possit
641 1497 736 1563 otiam
761 1497 914 1576 accusari,
939 1497 1014 1578 quia
1036 1496 1119 1561 sient
1141 1497 1209 1561 sine
1232 1496 1368 1562 testibus
1401 1502 1434 1562 et
1456 1496 1520 1563 sine
1540 1495 1583 1560 in·

353 1603 530 1666 strumento
553 1601 691 1682 accepit,
723 1600 769 1666 ita
792 1601 860 1666 sine
883 1600 1020 1667 testibus
1043 1606 1077 1666 et
1099 1601 1167 1666 sine
1189 1600 1400 1668 instrumento
1423 1601 1582 1667 rest'tuere

352 1703 467 1784 potuit.

393 1806 438 1870 Et
467 1807 499 1871 in
528 1807 672 1888 predicto
697 1825 773 1873 casu
796 1809 882 1874 dicta
904 1807 1008 1874 forma
1031 1809 1148 1874 debeat
1170 1809 1339 1874 obseruari
1359 1811 1394 1874 et
1415 1807 1474 1872 alio
1495 1808 1582 1873 modo

353 1925 415 1974 non
438 1910 647 1991 compellatur
676 1931 750 1978 reus
773 1918 948 1978 conuentus
970 1913 1077 1980 iurare
1098 1913 1152 1978 uel
1175 1911 1389 1994 respondere,
1402 1912 1461 1978 nisi
1481 1931 1581 1978 secun·

353 2013 428 2080 dum
451 2013 585 2081 formam
607 2015 752 2098 superius
775 2016 978 2082 declaratam.

653 2215 721 2258 dxx.
744 2217 840 2259 exvu.
864 2217 907 2258 ΒΕ
928 2212 1061 2258 nonanis
1083 2217 1126 2258 At>
1149 2215 1298 2260 unumne.

395 2311 475 2376 Item
499 2317 654 2378 statutum
677 2319 711 2380 et
734 2314 912 2380 ordinatum
936 2321 1002 2397 est,
1037 2315 1172 2396 quodsi
1196 2314 1310 2397 aliquis
1333 2315 1374 2380 sit
1398 2319 1521 2396 paratus
1540 2313 1578 2378 ad

350 2413 479 2498 aliquod
502 2416 641 2498 uiagium
663 2416 851 2496 faciendum,
886 2419 955 2484 siue
979 2438 1037 2500 per
1059 2437 1156 2498 mare,
1181 2417 1249 2485 siue
1271 2437 1330 2500 per
1353 2423 1470 2484 terram
1490 2425 1521 2484 et
1541 2415 1580 2481 ci-

351 2523 437 2585 tetur
466 2537 571 2586 coram
601 2528 725 2588 rectore
756 2529 790 2587 et
819 2520 1005 2588 offitialibus
1037 2523 1177 2588 ciuitatis
1207 2523 1330 2605 Spalati
1360 2541 1456 2605 super
1484 2523 1579 2601 aliquo

350 2623 472 2703 debito,
504 2625 544 2691 de
567 2643 630 2708 quo
661 2626 816 2691 terminus
848 2627 995 2692 soluendi
1024 2627 1086 2691 iam
1115 2633 1201 2692 esset
1231 2633 1431 2705 transactus
1461 2628 1498 2693 de
1525 2643 1579 2708 qno

351 2729 458 2794 debito
481 2733 638 2810 appareat
660 2731 818 2812 publicum
842 2733 1107 2797 instrumentum:
1132 2735 1208 2796 ωηο
1229 2731 1257 2796 si
1280 2731 1350 2797 uult
1373 2733 1449 2797 dare
1469 2728 1579 2798 fideiu-

351 2851 440 2898 sores
462 2831 604 2914 ydoneos
626 2833 667 2898 de
690 2835 801 2900 inditio
829 2835 897 2900 sisti
915 2839 949 2901 et
965 2835 1005 2900 de
1022 2835 1177 2901 iudicato¹
1193 2835 1346 2902 soluendo
1372 2843 1407 2900 et
1429 2834 1581 2916 reliquerit

351 2940 589 3016 procuratorem
612 2938 651 3002 ad
675 2955 811 3016 causam,
836 2939 924 3004 nulla
947 2940 1010 3005 alia
1032 2939 1178 3005 molestia
1201 2939 1261 3003 sibi
1282 2939 1411 3006 realiter
1434 2945 1467 3006 et
1481 2955 1577 3032 perso

352 3039 466 3106 naliter
496 3039 670 3119 inferatur,
703 3043 760 3108 sed
789 3062 886 3108 causa
916 3043 1056 3128 agitetur
1079 3051 1112 3109 et
1134 3043 1191 3108 fiat
1214 3062 1284 3108 cum
1307 3047 1510 3125 procuratore
1530 3061 1579 3107 suo

351 3152 385 3210 et
406 3145 432 3210 si
454 3145 552 3213 fuerit
573 3147 818 3214 condemnatus²
841 3167 899 3230 per
921 3149 1129 3226 sententiani,
1154 3155 1230 3214 tunc
1251 3147 1410 3213 sententia
1427 3145 1581 3212 mandetur

351 3251 530 3318 executioni
552 3253 585 3317 in
607 3252 699 3318 bonis
722 3251 916 3334 principalis,
941 3252 966 3316 si
989 3251 1190 3333 reperiantur
1205 3269 1277 3315 esse
1293 3249 1489 3327 suffitiantia,
1512 3249 1581 3314 alias

350 3356 496 3422 executio
518 3356 575 3421 fiat
597 3362 707 3422 contra
729 3355 936 3424 fideiussores
959 3356 1069 3438 ipsius.

394 3457 428 3524 Si
451 3477 529 3526 uero
552 3460 706 3526 terminus
729 3461 905 3538 solutionis,
929 3465 1097 3526 contentus
1119 3460 1152 3525 in
1174 3459 1385 3526 instrumento
1407 3457 1509 3522 adbuc
1528 3475 1583 3522 non

350 3563 516 3628 aduenerit
548 3569 582 3629 et
612 3563 739 3630 debitor
769 3565 809 3629 sit
832 3570 963 3647 paratus
997 3563 1132 3630 maxime
1163 3582 1220 3646 per
1255 3581 1343 3628 mare
1377 3561 1418 3628 ad
1453 3563 1583 3642 uiagium

350 3665 538 3744 iaciendum,
563 3671 639 3732 tnnc
661 3667 748 3733 nulla
770 3669 919 3734 molestia
941 3667 1087 3735 sibi'tieri
1104 3667 1205 3749 possit
1219 3685 1277 3749 per
1293 3685 1385 3732 sunm
1401 3665 1582 3731 creditorem

351 3771 425 3851 quia
456 3769 509 3834 nol
539 3789 602 3836 non
626 3771 735 3837 debuit
759 3771 820 3838 sibi
842 3772 1024 3854 pecuniam,
1056 3771 1108 3837 uel
1132 3771 1209 3854 quid
1231 3769 1337 3836 aliud⁸
1359 3769 1509 3848 credere,
1538 3765 1586 3832 uel

350 3874 447 3938 etiam
478 3879 641 3952 mutuare,
673 3876 724 3941 uel
754 3893 817 3940 non
848 3875 959 3942 debuit
988 3894 1023 3942 se
1046 3875 1169 3946 artare‘
1200 3873 1241 3939 ad
1270 3873 1332 3939 hoe
1361 3872 1531 3956 petendum
1551 3887 1586 3935 eo

349 3981 501 4060 tempore,
528 3997 589 4059 qno
614 3979 718 4045 dictus
742 3979 866 4046 debitor
888 3984 960 4045 erat
982 3983 1115 4061 paratus
1139 3978 1305 4061 adipsum
1319 3975 1462 4059 uiaginm
1478 3974 1587 4041 facien·

348 4081 433 4158 dum,
458 4082 594 4146 maxime
617 4101 674 4163 per
696 4101 792 4160 mare,
819 4083 879 4148 nisi
902 4084 975 4148 talis
992 4082 1116 4150 debitor
1132 4085 1219 4148 esset
1233 4078 1423 4146 manifestus
1442 4078 1591 4163 lugitium

347 4190 380 4251 et
402 4203 536 4266 pauper,
559 4185 611 4250 nel
634 4191 719 4252 esset
741 4185 886 4271 lorensis,
910 4187 943 4252 in
966 4205 1029 4268 quo
1052 4205 1128 4252 casu
1152 4186 1204 4251 uel
1226 4187 1282 4251 det
1297 4182 1505 4250 fideiussores
1520 4181 1591 4266 ydo

347 4305 434 4366 neos,
460 4288 511 4354 uel
536 4288 726 4371 principales
750 4289 909 4358 solutores
933 4291 973 4356 de
996 4289 1109 4356 stando
1133 4290 1195 4354 iuri
1218 4293 1252 4354 et
1266 4286 1424 4354 iudicato⁶
1441 4287 1591 4354 soluendo

346 4391 512 4472 usquead
536 4393 694 4472 cognitam
716 4394 880 4478 rationem,
907 4393 959 4459 uel
982 4393 1062 4460 alias
1084 4393 1306 4478 personaliter,
1330 4395 1366 4457 ut
1388 4390 1545 4474 potestati
1560 4393 1591 4454 et

348 4493 418 4560 eius
441 4493 528 4573 curie
551 4495 714 4561 uidebitur
736 4499 916 4564 conuenire.

395 4635 485 4713 ¹Ap.
509 4639 534 4696 L
539 4637 635 4714 jub.:
660 4634 869 4720 „iudicatnm“.
961 4637 1084 4702 'dod
1108 4640 1215 4701 acad.
1239 4641 1280 4701 B:
1306 4636 1585 4716 ,condempnatus“.

353 4721 442 4800 ⁸Ap.
466 4723 593 4798 utun:
618 4723 713 4806 „est“.
795 4725 806 4760 ⁴
828 4727 939 4790 ibid:
967 4721 1131 4804 „arnmot
1208 4723 1352 4788 ⁶ibid.:
1380 4718 1586 4800 „iudicatum“.
