3422 5364
379 456 442 517 300

421 659 527 726 Tener
550 663 707 731 dictorum
730 666 858 746 quidem
881 667 1091 748 capitulorum
1108 667 1256 750 tulisset,
1281 665 1431 732 uidelicet
1448 673 1482 733 et
1497 669 1613 750 prImo:

423 771 449 828 l.
474 766 631 850 Dignatur
662 788 720 836 uos
752 770 783 835 in
813 771 931 837 nostris
961 772 1165 838 libertatibus
1195 771 1286 837 nobis
1317 789 1375 852 per
1405 771 1495 838 diuos
1523 791 1616 854 reges
1699 793 1701 818 ¹

376 867 517 950 Vngarie
541 875 698 940 concessis
722 877 886 957 perpetuis
909 877 1107 958 temporibus
1131 894 1324 945 conseruare
1341 883 1376 942 et
1398 876 1520 944 nobiles
1541 877 1616 942 ciui·
1699 889 1701 968 ᾗ

375 973 506 1040 latisin
530 995 587 1044 suo
612 983 700 1043 statu
723 985 757 1045 et
781 979 957 1047 officiorum
982 981 1190 1063 dignitatibus
1214 999 1414 1060 conseruare,
1445 981 1500 1064 ita,
1531 981 1615 1062 quod

380 1076 473 1143 simul
498 1097 568 1146 cum
591 1083 705 1150 comite
736 1084 874 1150 ciuitatis
897 1103 955 1167 per
978 1085 1090 1151 ducale
1121 1085 1294 1150 dominium
1317 1086 1349 1150 in
1373 1084 1518 1152 consitam
1540 1083 1614 1150 ciui·

376 1182 453 1247 tatis
488 1183 674 1253 destimndo
707 1207 820 1270 regere
842 1195 876 1256 et
898 1190 1038 1256 iudicare
1071 1190 1208 1257 debeant
1239 1197 1273 1258 et
1302 1209 1373 1256 cnm
1404 1207 1513 1255 eorum
1542 1187 1615 1270 filijs
1700 1249 1701 1262 ,

376 1283 527 1369 legitimis
550 1309 623 1357 esse
646 1291 783 1359 debeant
804 1295 837 1359 in
860 1295 999 1377 consilijs
1016 1301 1048 1361 et
1064 1295 1103 1363 de
1119 1313 1250 1362 numero
1273 1294 1523 1362 consiliariorum
1540 1293 1614 1358 ciui-

377 1390 452 1457 tatis
476 1398 509 1459 et
530 1393 636 1462 lacere
660 1403 693 1463 et
715 1417 826 1480 regere
850 1400 944 1466 simul
967 1418 1038 1466 cum
1059 1400 1143 1467 dicto
1165 1399 1290 1480 comite,
1314 1404 1411 1481 prout
1432 1396 1553 1464 faciunt
1574 1396 1615 1462 de

1697 1301 1701 1470 l

378 1498 540 1576 presenti:
565 1501 615 1566 oui
631 1502 738 1568 comiti
755 1505 961 1571 communitas
978 1505 1103 1571 soluere
1118 1503 1235 1571 debeat
1249 1504 1412 1570 annuatim
1426 1520 1485 1585 pro
1500 1501 1615 1568 salario
1699 1507 1701 1580 l

376 1599 426 1664 sui
450 1590 619 1671 comitatus
643 1606 776 1674 ducatos
800 1613 966 1676 sexcentos
989 1607 1067 1675 auri.

421 1709 452 1770 2.
474 1706 566 1792 Item,
591 1709 617 1776 si
641 1709 712 1791 quis
735 1712 850 1778 nobilis
868 1713 900 1778 in
916 1713 1021 1796 aliquo
1045 1713 1254 1794 delinqueret,
1277 1711 1328 1778 uel
1352 1710 1531 1790 excederet,
1553 1727 1616 1776 non
1699 1791 1701 1802 ἓ

378 1811 566 1891 repudietur
588 1833 607 1880 a
631 1815 768 1901 cinitate,
798 1817 854 1882 sed
880 1818 1028 1900 puniatur
1050 1836 1108 1901 pro
1131 1836 1263 1885 excessu
1286 1817 1459 1884 secundum
1482 1814 1616 1882 formam
1699 1847 1700 1852 =

377 1919 571 1983 statutorum
597 1919 744 1986 ciuitatis.

417 2025 446 2084 3.
470 2021 562 2106 Item,
592 2025 677 2105 quod
700 2025 806 2090 nullus
829 2027 869 2092 16
891 2026 1097 2108 popularIbus
1120 2027 1259 2094 ciuitatis
1281 2025 1339 2092 liat
1360 2025 1560 2093 consiliarius
1581 2031 1616 2090 et
1699 2109 1701 2114 Ι

376 2125 492 2192 nobilis
518 2127 657 2193 ciuitatis
673 2146 730 2194 seu
746 2135 940 2211 aggregetur
954 2148 1085 2197 numero
1100 2131 1347 2198 consiliariorum
1364 2131 1449 2210 dicte
1465 2129 1614 2196 ciuitatis

418 2235 448 2296 4.
472 2231 563 2314 Item,
588 2231 672 2313 qnod
696 2232 841 2300 dominus
864 2234 1024 2316 Duymus¹
1047 2234 1302 2318 archiepiscopus
1325 2234 1449 2317 Spalati
1478 2253 1537 2316 per
1559 2233 1615 2298 du·

372 2333 441 2400 cale
464 2335 636 2402 domiuium
660 2343 868 2405 conseruetnr
889 2339 922 2404 in
944 2357 1001 2405 suo
1026 2339 1311 2425 archiepiscopatu,
1346 2338 1468 2408 honore
1491 2345 1527 2404 et
1549 2339 1615 2422 dig·
1700 2377 1701 2380 =

372 2437 472 2504 nitate
496 2458 564 2507 sua.

418 2547 445 2607 5.
471 2543 561 2624 Item,
586 2546 671 2628 quod
688 2547 799 2613 ducale
822 2547 993 2614 dominium
1011 2549 1098 2614 nullo
1114 2567 1252 2633 unquam
1274 2554 1419 2632 tempore
1433 2546 1503 2614 fieri
1519 2547 1615 2614 iaciat

373 2647 406 2712 in
437 2649 569 2716 ciuitate
600 2650 722 2734 Spaloti
751 2659 784 2717 et
813 2671 871 2718 seu
899 2671 999 2735 prope
1032 2655 1191 2722 ciuitatem
1225 2660 1362 2721 castrum
1394 2652 1534 2737 aliquod,
1565 2651 1615 2716 uel
1699 2725 1700 2728 Ἴ

371 2751 559 2819 fortilitinm.

416 2863 445 2923 6.
470 2858 562 2942 Item,
586 2860 671 2942 quod
694 2861 839 2942 confinia,
871 2863 942 2928 iura
964 2867 998 2928 et
1020 2863 1238 2946 possessiones
1272 2862 1412 2928 ciuitatis
1436 2859 1561 2942 Spalati
1585 2865 1617 2926 et

373 2963 558 3044 specialium
581 2981 800 3050 personarum,
825 2985 888 3048 que
906 2973 981 3032 sunt
996 2986 1056 3050 per
1074 2967 1314 3034 circumuicinos
1327 2966 1398 3032 Istis
1417 2964 1616 3046 temporibus

372 3074 537 3151 occupata,
569 3070 683 3136 111616
714 3071 884 3138 dominium
915 3091 955 3138 aa
978 3072 1095 3138 debeat
1124 3089 1314 3154 recuperare
1336 3077 1371 3138 et
1392 3069 1617 3151 reaproprinre

372 3173 591 3240 communitati
615 3181 649 3242 et
671 3177 860 3258 specialibus
885 3179 1028 3258 personis
1051 3177 1101 3242 ius
1124 3175 1315 3243 habentibus
1336 3175 1370 3239 in
1392 3173 1527 3240 elsdem.

415 3283 444 3342 7.
468 3279 559 3363 Item,
592 3279 677 3361 quod
708 3281 791 3347 bona
821 3281 950 3346 stabilit
972 3287 1006 3347 et
1026 3281 1155 3348 mobilia
1185 3280 1323 3346 ciuitatis
1351 3285 1417 3344 tam
1440 3277 1617 3360 presentIa,

372 3398 466 3462 quum
495 3381 604 3449 futura
634 3385 698 3450 sint
720 3402 847 3467 semper
870 3390 904 3452 et
926 3405 998 3452 essa
1029 3386 1167 3452 debeant
1187 3387 1218 3450 in
1242 3384 1467 3451 communitate
1491 3381 1619 3465 Spalati

370 3505 428 3570 pro
445 3487 599 3555 soluendo
615 3489 722 3556 comiti
746 3489 895 3568 ciuitatis,
920 3489 1053 3566 medico,
1077 3489 1275 3570 cancellario,
1299 3489 1422 3554 notario
1438 3488 1618 3553 communis

371 3597 403 3658 et
427 3593 499 3676 alijs
522 3592 710 3662 officialibus
733 3594 889 3678 eligendis
912 3600 946 3660 et
961 3593 1183 3661 confirmandis
1206 3613 1265 3677 per
1286 3593 1452 3660 consilium
1474 3593 1619 3660 ciuitatIs

374 3701 408 3762 et
430 3715 488 3779 pro
512 3697 796 3766 ambasciatoribus
821 3699 1018 3766 destinandis
1040 3699 1083 3766 ad
1099 3699 1211 3766 ducale
1233 3698 1404 3766 dominium
1419 3703 1454 3765 et
1468 3716 1528 3781 pro
1544 3698 1619 3780 alijs

368 3803 516 3884 expensis
539 3804 725 3886 necessarijs
749 3805 997 3871 occurrentibus

413 3914 443 3974 8.
466 3907 557 3990 Item,
589 3908 674 3989 quod
697 3909 806 3974 nullus
830 3929 868 3976 ex
891 3909 1030 3976 bannitis
1053 3910 1191 3976 ciuitatis
1214 3914 1249 3976 et
1271 3908 1312 3975 de
1332 3910 1472 3992 ipsorum
1498 3925 1618 3987 sequa·

373 4011 472 4092 cibus,
496 4011 550 4094 qui
573 4031 632 4078 sua
659 4019 773 4096 sponte
802 4013 977 4097 segniendo
1009 4015 1173 4080 ciuitatem
1204 4015 1372 4082 exiuerunt
1394 4017 1428 4080 et
1450 4013 1620 4096 signanter

366 4117 512 4182 dominus
534 4117 663 4186 Daodat
685 4115 816 4200 Stoyani
839 4119 903 4184 ullo
925 4137 1065 4202 unquam
1096 4126 1242 4202 ternpore
1273 4119 1456 4185 remittatur
1476 4118 1512 4183 in
1535 4118 1619 4184 ciui·

368 4225 468 4287 tatem
491 4220 626 4304 Spalati,
649 4241 708 4289 nec
730 4223 777 4289 eis
801 4224 995 4290 concedatur
1021 4227 1166 4307 tempore
1190 4223 1297 4306 aliquo
1320 4223 1495 4301 reintrare3
1518 4223 1619 4290 Immo

371 4327 530 4407 sententie
553 4326 618 4408 late
642 4333 753 4394 contra
775 4329 862 4411 ipsos
883 4332 918 4396 et
939 4329 1116 4412 quemlibet
1137 4331 1279 4412 ipsorum
1302 4345 1341 4395 eo
1364 4327 1460 4394 modo
1483 4345 1545 4410 per
1563 4327 1621 4395 do-

367 4431 486 4496 miuum
508 4432 655 4498 comitem
679 4433 819 4500 ciuitatis
842 4436 1033 4500 mandentur
1055 4433 1242 4512 executioni,
1267 4439 1363 4516 prout
1384 4434 1418 4499 iu
1441 4432 1524 4516 ipsis
1546 4450 1621 4499 seu·

368 4535 478 4616 tentijs
503 4535 691 4603 continetur.
716 4537 759 4602 Ilt
782 4538 842 4605 hoc
864 4557 922 4621 pro
946 4546 1031 4606 statu
1054 4537 1185 4623 pacifico
1207 4537 1356 4606 ciuitatis.

413 4747 530 4814 1(lod.
555 4750 706 4814 Chindr
733 4745 941 4833 ,irrogarunt
