3436 5362
1311 483 1358 548 x1

112 697 191 765 libri
216 699 338 766 veteris
361 697 625 765 reformationem
649 696 810 764 mentione
834 693 898 774 illa,
915 711 997 777 qnae
1020 711 1088 778 cop.
1112 691 1210 760 Ollll.
1234 691 1361 760 reform.

110 802 206 868 nobis
229 803 432 870 obversatur.

154 943 199 954 -
226 905 436 975 Oonlectione
458 907 530 974 libri
553 905 817 974 reformationem
841 923 959 990 operae
982 905 1216 972 aedificatoriae
1240 903 1362 988 Spalati

19 1023 20 1076 ξ
108 1011 224 1078 finitae
249 1031 323 1080 esse
345 1013 503 1096 uidentur,
538 1029 727 1094 quamquam
752 1015 786 1076 et
808 1016 922 1094 postea
945 1028 1046 1077 novae
1069 1009 1266 1076 conditiones
1290 1029 1360 1077 sae·

19 1135 20 1162 ³
109 1119 182 1200 pius
208 1118 303 1184 novis
318 1117 414 1184 etiam
432 1116 686 1183 ordinationibus
708 1115 889 1182 statuendis
905 1115 1102 1183 occasionem
1126 1115 1282 1198 praebere
1305 1131 1360 1197 po·

19 1251 20 1256 ,
110 1226 228 1287 terant.
256 1221 343 1288 Satis
359 1227 467 1287 autem
486 1221 690 1288 turbulentae
706 1225 740 1286 et
757 1220 863 1286 variae
880 1220 1016 1286 civitatis
1033 1223 1252 1304 tempestates,
1277 1237 1359 1302 quae

19 1349 20 1352 ¹
111 1322 285 1406 Spalatum
307 1325 495 1408 praesertim
520 1331 594 1407 post
617 1342 734 1389 annum
757 1329 847 1390 1385.
864 1341 966 1406 usqne
983 1323 1023 1389 ad
1040 1341 1156 1389 annum
1175 1327 1363 1406 1420.‚qu0

110 1446 193 1494 anno
210 1429 327 1494 civitas
341 1429 400 1496 snb
414 1429 467 1511 jus
480 1429 699 1509 dicionemque
709 1427 904 1496 Venetorum
920 1429 1072 1510 pervenit,
1086 1428 1240 1509 invasere,
1254 1429 1358 1494 minus

108 1531 263 1600 fovebant
286 1533 449 1598 laboribus
472 1539 569 1616 atque
598 1533 722 1613 studiis,
751 1534 866 1615 quibus
893 1551 992 1600 novae
1021 1533 1110 1615 leges
1133 1531 1356 1599 conderentur.

152 1635 214 1720 (od
240 1635 322 1719 IV.)
344 1637 381 1701 ln
404 1637 564 1703 nonnullis
587 1637 748 1704 codicibus
771 1637 997 1720 manuscriptis
1021 1638 1146 1720 singula
1171 1637 1361 1703 documenta

112 1741 330 1823 reperiuntur,
363 1759 444 1823 quae
467 1741 582 1824 partim
606 1741 646 1806 de
668 1741 873 1822 subjrctione
903 1743 1039 1807 civitatis
1071 1740 1194 1824 Spalati
1226 1739 1286 1806 sub
1310 1740 1357 1805 di·

114 1845 236 1913 cionem
261 1845 459 1914 Venetorum
481 1851 515 1913 et
530 1846 570 1913 de
592 1844 831 1912 confirmatione
858 1851 1048 1913 statutorum
1068 1845 1305 1928 Spalatensium
1320 1863 1360 1911 ea

19 2013 20 2016 ,
116 1951 282 2018 occasione
305 1949 392 2016 facta
414 1957 521 2033 agunt,
547 1953 661 2032 partim
676 1952 757 2033 Juris
781 1951 937 2033 quasdam
961 1951 1161 2018 conditiones
1186 1949 1293 2018 denuo
1308 1968 1360 2016 or-

116 2054 235 2120 dinant.
271 2053 427 2133 Quoniam
460 2061 564 2122 antem
597 2074 719 2136 censeo,
755 2056 945 2123 documenta
976 2056 1031 2122 illa
1062 2057 1147 2123 haud
1170 2055 1259 2138 parvi
1283 2073 1356 2122 esse

19 2213 20 2216 ,
115 2159 267 2224 momenti
291 2159 333 2224 ad
355 2158 518 2225 historiam
538 2161 620 2242 juris
644 2160 905 2243 cognoscendam,
930 2181 968 2227 ea
990 2161 1020 2226 in
1052 2159 1359 2248 additamentis

115 2261 207 2345 hujus
224 2267 419 2329 statutorum
443 2282 480 2328 ac
500 2264 606 2347 legum
623 2262 857 2346 Spalatensium
882 2265 1030 2331 editionis
1047 2267 1142 2333 edere
1159 2284 1220 2333 non
1237 2265 1357 2331 dubito.

19 2445 20 2448 Ἴ
156 2401 198 2412 -
222 2365 359 2434 Codices
377 2369 595 2452 manuscripti,
620 2368 734 2450 quibus
750 2373 872 2434 statuta
887 2375 984 2450 atque
1008 2369 1096 2449 leges
1119 2369 1258 2436 civitatis
1275 2367 1351 2452 Spa·

19 2505 20 2514 =
116 2470 171 2536 lati
193 2471 406 2550 continentur,
431 2471 463 2536 hi
487 2477 570 2552 sunt,
590 2491 669 2554 quos
694 2490 951 2539 commemorem:

19 2575 20 2580 ’
160 2573 201 2660 l.)
227 2573 337 2642 Codex
360 2577 605 2662 manuscriptus,
632 2577 684 2659 qni
708 2582 854 2642 servatur
876 2577 908 2642 in
925 2577 1087 2643 tabulario·
1107 2578 1284 2644 litterarum
1310 2595 1359 2642 nr-

19 2663 21 2700 4
116 2677 256 2761 tiumque
280 2680 463 2746 academiae
487 2679 651 2747 Slavorum
673 2681 936 2762 meridionalium,
961 2700 1119 2764 quemque
1142 2682 1225 2748 cod.
1250 2681 1360 2748 acad.

117 2781 153 2848 d.
175 2784 207 2848 in
230 2783 292 2850 hac
315 2783 455 2852 editione
478 2785 605 2852 denoto.

160 2885 268 2954 Codex
290 2887 352 2972 hic,
377 2890 497 2970 optime
520 2896 736 2972 conservatus,
760 2885 959 2974 conscriptus
983 2893 1088 2957 estin
1122 2893 1304 2958 membrana
1327 2892 1358 2956 in

118 2988 188 3059 lolio
210 2991 514 3084 comprehenditque
538 2999 579 3060 80
602 2993 686 3076 folia,
712 3015 792 3078 quae
814 3031 854 3042 -
872 2997 983 3062 ultimo
1007 3001 1140 3078 excepto
1154 3033 1193 3044 ›-
1215 2995 1357 3062 numeris

119 3104 188 3160 sunt
210 3097 339 3180 signata
360 3103 456 3179 atque
480 3099 563 3165 dena
578 3100 611 3164 in
635 3119 732 3164 unum
756 3100 914 3184 colligata.
938 3101 1046 3166 Prima
1069 3101 1191 3183 aliquot
1212 3099 1289 3168 folin
1311 3101 1356 3167 bi-

19 3193 21 3286 j
118 3197 252 3284 bliopegi
276 3202 451 3287 cuiusdam,
477 3203 530 3283 qui
554 3203 695 3271 codicem
718 3223 820 3287 nuper
844 3205 978 3287 simplici
1002 3205 1095 3272 modo
1119 3205 1286 3288 compegit,
1311 3207 1358 3270 in·

19 3329 20 3386 3
120 3305 199 3370 curia
223 3324 375 3388 perverse
397 3311 472 3372 sunt
495 3307 602 3391 ligata.

19 3431 20 3510 }
159 3407 278 3474 Textus
301 3415 495 3476 statutorum
518 3412 630 3496 incipit
645 3415 747 3496 prima
770 3413 885 3496 pagina
902 3413 1020 3480 codicis
1043 3413 1235 3498 explicitque
1258 3414 1356 3480 verbo

122 3511 240 3589 „Finis“
266 3515 372 3596 prima
394 3515 511 3597 pagina
535 3522 585 3584 79.
609 3517 686 3584 folii.
710 3518 834 3584 Folium
850 3517 996 3584 ultimum
1013 3519 1128 3585 codicis
1145 3537 1279 3585 uacuum
1295 3525 1355 3585 est.

19 3611 21 3694 ξ
121 3613 232 3684 Omnes
254 3617 392 3702 paginae
416 3620 584 3688 distinctae
609 3627 685 3688 sunt
706 3623 806 3702 lineis,
824 3623 907 3688 inter
930 3642 1009 3704 quas
1033 3629 1139 3690 textus
1163 3629 1356 3691 statutorum

19 3789 21 3816 Ι
119 3737 177 3785 nna
198 3722 377 3805 eademque
400 3743 495 3790 manu
518 3725 603 3793 clare
625 3731 659 3792 et
681 3727 858 3808 composite
883 3727 990 3810 parvis
1022 3728 1124 3794 literis
1148 3729 1194 3793 ita
1216 3729 1354 3809 scriptus

121 3831 174 3905 est,
196 3831 231 3892 nt
253 3833 296 3893 40
320 3828 465 3894 versibus
496 3828 640 3912 singulae
663 3829 797 3913 paginae
829 3829 976 3897 foliorum
1008 3836 1236 3914 compleantur.
1261 3829 1354 3896 Atra·

120 3936 264 4009 mentum,
290 3951 353 4014 quo
378 3932 477 3997 codex
500 3938 609 4000 noster
631 3938 682 3999 est
705 3935 851 4016 scriptus¹
875 3935 984 4002 multis
1008 3935 1074 4017 jam
1098 3937 1175 4004 locis
1195 3941 1354 4002 vetustate

121 4035 275 4115 expalluit.
300 4035 530 4118 Inscriptiones
546 4037 743 4118 singulorum
758 4039 896 4121 capitum
914 4041 1009 4105 rubro
1026 4039 1131 4108 colore
1147 4045 1221 4106 sunt
1237 4041 1352 4122 pictae,

122 4136 209 4204 nullis
231 4145 339 4205 autem
362 4141 503 4206 numeris
526 4159 545 4205 a
570 4142 727 4224 scriptore
748 4141 851 4224 ipsius
875 4147 980 4210 textus
1012 4150 1207 4210 numeratae.
1240 4143 1354 4210 Manus

122 4239 239 4308 demum
262 4261 376 4310 recens
400 4263 548 4310 numeros
571 4245 675 4311 minus
698 4250 847 4312 accurate
871 4247 1028 4329 apposuit.
1053 4249 1184 4314 Literna
1215 4250 1354 4330 capitum

122 4341 250 4414 initiales
281 4367 352 4414 mox
384 4349 490 4432 rubro,
524 4367 597 4416 mox
629 4350 776 4416 caeruleo
808 4351 914 4417 colore
946 4357 1021 4418 sunt
1050 4352 1164 4435 pictae,
1197 4351 1357 4418 interdum

121 4447 218 4530 etiam,
249 4452 341 4518 initio
366 4455 556 4534 praesertim
587 4455 739 4539 cujusque
756 4461 954 4522 'statutorum
985 4457 1057 4522 libri
1081 4458 1174 4524 modo
1199 4457 1355 4524 venustis-

19 4545 20 4550 ’
121 4550 202 4633 simo,
221 4573 314 4637 quem
340 4558 542 4626 renaissance
564 4565 688 4640 vocant,
713 4565 896 4626 exornatae.

19 4671 20 4686 ¹
49 4723 57 4737 x
161 4654 301 4742 Scriptus
325 4667 377 4727 est
399 4663 468 4728 cod.
499 4663 588 4730 acad.
611 4661 649 4744 Α,
674 4666 721 4731 uti
751 4665 854 4748 primo
886 4666 1016 4746 obtutu,
1041 4684 1081 4732 ne
1106 4663 1237 4732 elleram
1266 4665 1350 4734 inter
1466 4677 1467 4680 ’

19 4837 21 4864 ἓ
89 4797 91 4800 -
124 4759 179 4828 aba
199 4763 253 4832 illa
267 4766 366 4833 etiam
381 4765 546 4836 literarum
568 4767 739 4836 initialium
762 4767 874 4838 florida
896 4775 1092 4852 ornamenta,
1115 4767 1251 4854 perspici
1266 4769 1353 4857 licet,
