3398 5354
343 335 404 400 186

339 541 490 608 exerbum
512 557 570 624 pro
593 539 695 610 tribus
716 541 863 624 dencrijs
887 543 1017 626 εεεοςο1
1039 561 1097 625 pro
1113 543 1236 612 duobus
1252 543 1392 628 decuriis
1407 550 1441 612 et
1454 545 1573 612 librom

339 646 476 712 omnium
500 645 649 728 piscium²
671 665 729 730 pro
752 645 876 712 duobus
899 647 1047 730 denariis.

382 749 426 816 Et
442 751 657 832 uuusquisque
671 751 791 820 ueudct
809 757 930 833 portem
946 771 1035 822 suem
1051 753 1091 818 ad
1107 751 1219 827 fomur,
1238 753 1346 820 stetim
1361 771 1429 818 cum
1445 759 1575 836 portum

339 855 535 938 applicuerit.
566 853 601 922 si
623 873 700 922 uero
722 857 754 926 iu
777 855 828 922 die
858 855 1098 938 quadragesime
1126 863 1200 940 post
1226 857 1393 940 prandium
1423 855 1576 922 uenerint

340 959 541 1042 tempestiue,
572 958 613 1026 de
634 977 726 1025 mene
747 961 853 1042 pisces
872 960 912 1026 ud
933 957 1036 1026 forum
1059 960 1176 1027 ducere
1200 961 1338 1028 debeant
1359 965 1394 1026 et
1415 979 1472 1027 eos
1495 979 1575 1026 uen-

340 1064 418 1130 dsnt
439 1068 475 1130 ut
497 1063 615 1130 dictum
637 1071 698 1130 est.
720 1065 764 1132 Et
786 1065 841 1147 qui
862 1070 974 1132 contre
995 1063 1117 1148 iecerit
1140 1065 1245 1133 soluat
1263 1083 1321 1147 pro
1336 1066 1442 1134 burno
1456 1064 1574 1149 uiginti

340 1168 454 1249 soldos,
479 1168 567 1236 cuius
589 1169 743 1237 medietas
766 1169 808 1236 sit
829 1170 1012 1254 eommunis,
1034 1170 1099 1236 alis
1119 1171 1323 1237 accusatoris.

415 1400 481 1445 oss.
505 1399 602 1444 cxv11.
624 1401 666 1443 mr
687 1399 859 1445 sponsurus
880 1401 920 1444 su
941 1401 1159 1446 ussnussnrus
1181 1377 1297 1444 sssffl
1318 1399 1498 1445 domums.

381 1499 462 1565 Item
480 1504 635 1568 statutum
653 1505 685 1568 et
700 1501 880 1568 ordinatum
895 1508 955 1586 est,
977 1502 1062 1584 quod
1082 1519 1193 1568 sames
1208 1501 1389 1568 animalium
1404 1505 1438 1568 et
1452 1499 1572 1567 uolati-

339 1601 416 1670 lium
437 1605 499 1671 isto
522 1607 614 1672 modo
638 1605 833 1672 condantur:
857 1607 1008 1692 imprimis
1030 1609 1114 1674 libre
1136 1607 1278 1672 carnium
1299 1606 1488 1674 bouinsrum
1512 1623 1572 1687 pro

341 1708 464 1776 duobus
494 1709 645 1794 denarijs,
677 1711 717 1776 de
747 1729 842 1778 ceruo
872 1730 931 1794 pro
961 1713 1083 1780 duobus
1106 1711 1254 1796 denarijs,
1284 1710 1323 1777 de
1352 1709 1489 1775 mescelo
1513 1726 1571 1790 pro

338 1819 474 1895 quatuor
496 1815 648 1898 denariis;
672 1823 705 1882 et
737 1817 821 1898 quod
851 1817 933 1883 libre
963 1817 1105 1884 earnium
1128 1815 1291 1882 solitorum
1314 1814 1472 1897 depereo
1494 1831 1572 1880 uen-

339 1917 433 1982 dctur
447 1937 504 2000 pro
525 1938 581 1986 sex
595 1920 741 2003 dencrijs‚
765 1921 806 1987 de
823 1920 957 2004 scropha
971 1939 1049 1988 uero
1066 1938 1123 2003 pro
1143 1919 1281 2002 quinque
1296 1918 1434 2000 deucrijs
1449 1917 1570 1982 datur‘.

341 2019 461 2098 Quarta
483 2023 621 2091 castroni
643 2041 701 2106 pro
722 2044 783 2092 uno
798 2043 910 2109 grosso
926 2025 1045 2110 detur⁶,
1069 2024 1110 2090 de
1125 2028 1284 2107 montone,
1308 2039 1414 2104 capro,
1436 2021 1569 2102 pecude,

339 2125 392 2191 uel
415 2126 455 2192 de
478 2125 550 2210 aliJs
573 2129 740 2210 pecoribus
763 2135 878 2212 quarto
899 2148 957 2212 pro
980 2129 1094 2213 uiginti
1115 2134 1186 2195 ooto
1207 2127 1354 2208 denariis,
1377 2131 1491 2191 uenter
1513 2143 1569 2206 pe-

338 2228 428 2295 cudis
450 2248 508 2314 pro
532 2230 697 2298 duodecim
719 2233 866 2315 denariis,
890 2233 1059 2300 intrsmine
1080 2249 1139 2314 pro
1159 2250 1215 2298 sex
1231 2230 1379 2310 deneriJs,
1403 2235 1498 2311 caput
1512 2245 1570 2310 pro

339 2351 395 2398 sex
417 2333 581 2417 denodjst
605 2333 728 2412 Quarta
750 2337 826 2418 ogni
847 2337 900 2404 uel
922 2337 1042 2420 eepreti
1065 2353 1124 2420 pro
1154 2342 1225 2402 octo
1250 2333 1398 2416 denariis,
1421 2351 1479 2416 por
1501 2351 1570 2414 per·

338 2435 442 2503 dicum
472 2457 657 2521 magnorum
680 2459 737 2522 pro
768 2439 927 2508 sexdecim
951 2425 1099 2524 denariis,
1131 2457 1301 2522 paruarum
1322 2457 1381 2520 pro
1405 2435 1569 2504 duodecim

339 2541 494 2624 denarijs3
517 2543 609 2626 lepus
632 2562 691 2628 pro
714 2545 926 2628 quodraginta
949 2545 1098 2626 denariis,
1121 2563 1181 2626 por
1202 2541 1417 2610 columbarum
1441 2559 1570 2624 megna-

340 2665 410 2712 rum
433 2665 492 2733 pro
515 2648 653 2732 quinque
676 2647 824 2734 densrijs
848 2669 1019 2732 paruarum
1042 2668 1100 2732 pro
1124 2655 1259 2732 quatuor
1280 2645 1432 2730 denariis.

382 2751 426 2817 Et
459 2752 592 2833 quilibet
620 2753 764 2820 uendens
796 2755 945 2822 animalia
975 2759 1008 2823 et
1030 2755 1173 2821 uoletilic
1196 2753 1380 2836 supradicto
1401 2756 1434 2818 et
1456 2751 1510 2832 qui
1532 2768 1570 2815 ee

342 2860 430 2922 tenet
445 2856 486 2922 ed
500 2857 712 2939 rendendum,
735 2863 884 2926 teneatur
899 2860 1029 2927 cuilibet
1044 2879 1149 2926 emere
1164 2857 1282 2925 uolenti
1298 2857 1375 2924 dore
1389 2875 1445 2938 pro
1461 2856 1568 2937 precio

338 2961 535 3048 suprodict03
559 2963 613 3045 qui
635 2968 741 3030 eutem
763 2964 995 3045 contrafecerit,
1019 2983 1076 3049 pro
1092 2964 1233 3048 quelibet
1247 2962 1316 3028 uice
1331 2961 1373 3028 de
1388 2961 1567 3043 quadrupe·

213 3145 214 3150 η
338 3064 431 3132 dibus
447 3065 552 3134 soluat
566 3067 691 3134 nomine
706 3087 790 3152 pesp
805 3071 1015 3155 quodraginta
1031 3069 1138 3138 soldos
1149 3075 1183 3136 et
1193 3067 1323 3134 cuilibet
1337 3066 1432 3133 liceat
1443 3071 1567 3132 conua-

338 3167 489 3238 focientes
519 3171 707 3240 denuntiare
729 3179 763 3242 et
785 3180 951 3242 accusator
981 3175 1075 3242 etium
1097 3173 1216 3240 hcbest
1237 3169 1441 3238 medietatem
1462 3170 1565 3236 banni.

382 3273 523 3354 Quilibet
537 3281 643 3344 autem
658 3277 852 3356 bocchorius,
873 3279 928 3361 qui
943 3279 1014 3346 uult
1029 3277 1168 3344 uendere
1183 3295 1305 3354 cernes,
1328 3275 1447 3342 babeat
1460 3274 1568 3340 bulen·

338 3380 402 3446 cias
425 3379 465 3447 de
487 3378 571 3447 ferro
592 3380 694 3448 iustas
725 3387 758 3448 et
778 3383 897 3466 legales
920 3383 961 3450 cd
984 3382 1225 3466 ponderandum
1247 3397 1370 3464 cernes,
1401 3396 1462 3461 que
1490 3397 1568 3443 uen-

339 3483 457 3550 duntur
486 3484 528 3550 ad
559 3485 684 3570 pondus
717 3505 773 3553 seu
803 3486 845 3552 cd
866 3486 989 3566 librum,
1025 3505 1103 3568 quas
1125 3485 1294 3552 belcueeos
1317 3487 1416 3565 ponet
1436 3482 1569 3564 longos

338 3587 460 3654 boucha
481 3608 544 3655 uno
566 3590 658 3672 pede,
682 3591 722 3656 sd
746 3590 815 3670 hoo,
839 3596 875 3656 ut
897 3591 983 3672 dicte
1007 3591 1161 3671 belcnoee
1184 3609 1247 3656 non
1269 3586 1523 3654 incomodcntur'
1537 3585 1569 3649 in

336 3691 444 3773 dique
466 3692 546 3770 loco,
578 3694 704 3776 quondo
726 3694 943 3776 ponderentur
965 3713 1077 3762 cernes
1097 3711 1170 3760 cum
1192 3693 1250 3760 eis.
1284 3692 1329 3757 Et
1350 3691 1436 3775 ipsos
1457 3707 1567 3756 cernes

336 3795 477 3863 uendsut
498 3795 624 3880 publice
648 3803 681 3864 et
702 3798 806 3880 pelam
828 3798 870 3866 cd
892 3798 1075 3868 beocheries
1106 3803 1139 3865 et
1170 3798 1211 3865 sd
1241 3795 1381 3863 benchss
1402 3793 1565 3875 bercherie

337 3905 370 3966 et
393 3919 454 3966 non
477 3901 609 3983 priuato,
633 3920 691 3969 nec
713 3901 797 3983 abbi,
821 3904 882 3970 nisi
905 3905 946 3971 sd
967 3904 1084 3970 dictam
1100 3901 1299 3969 beocheriam
1332 3901 1377 3967 Et
1391 3901 1444 3983 qui
1459 3903 1567 3965 contra
1687 3911 1688 3914 ’

336 4004 458 4084 iecerit
482 4005 624 4086 quolibet
646 4007 706 4084 die,
731 4024 794 4088 quo
817 4009 945 4075 steterit
966 4009 1008 4074 ed
1023 4007 1224 4074 uendendum
1240 4023 1363 4086 cernes,
1387 4005 1420 4070 in
1434 4003 1565 4086 quadru-

334 4108 422 4192 gints
444 4109 552 4176 soldos
571 4111 821 4197 condemnetur⁸,
842 4115 931 4180 cuius
946 4114 1102 4180 medietas
1125 4113 1168 4177 sit
1188 4111 1371 4189 eommunis,
1395 4109 1456 4175 elia
1476 4126 1565 4174 occu-

337 4213 461 4279 sstoris.
737 4228 740 4237 ·

383 4353 394 4389 ¹
418 4358 504 4420 eod.
527 4359 632 4420 seed.
657 4359 697 4420 B:
725 4356 917 4436 „esebogro“.
997 4358 1137 4422 ²ibid.:
1163 4356 1351 4441 „promine“;
1374 4376 1422 4433 op.
1446 4355 1564 4432 Ljub.:

342 4444 453 4520 „omnis
476 4443 641 4524 feminine&
720 4443 843 4506 ³Deest
865 4465 913 4524 cp.
938 4449 963 4507 L
968 4448 1050 4524 jub.
1129 4445 1254 4513 ‘Deest
1276 4443 1370 4506 ibid.
1447 4441 1565 4502 ⁶Doest

337 4531 429 4591 ibid.
544 4529 666 4607 lceput
689 4566 729 4576 -
752 4529 900 4613 denerijs“
926 4535 1009 4596 deest
1030 4533 1122 4596 ibid.
1223 4529 1343 4592 leod.
1367 4529 1469 4591 acad
1491 4529 1563 4588 Bet

337 4635 387 4697 ep.
409 4616 538 4697 bjub.:
563 4615 815 4698 ,uoumbautur‘.
885 4617 1006 4684 8Οεεί.
1030 4620 1136 4684 acad
1159 4619 1201 4686 B:
1224 4615 1500 4703 ,eorummet
