3398 5354
1302 555 1361 616 17⁹

170 752 328 822 Addimus
350 754 455 835 etiam,
480 755 565 837 quod
588 755 691 822 nullus
714 755 756 822 sit
776 775 872 822 ausus
895 775 1001 822 emere
1024 775 1118 838 poma
1136 757 1360 840 cuiuscumque

123 859 255 941 generis
278 859 318 926 ab
341 859 448 942 aliquo
477 861 604 927 forense
634 861 674 926 etl
704 861 941 927 reuendendum
972 861 1030 928 sub
1054 879 1137 944 pena
1166 862 1275 930 decem
1301 861 1362 928 sol-

123 963 241 1029 dorum
265 963 349 1046 dictu
373 967 529 1032 cummuni
551 965 712 1032 soluenda.

123 1193 194 1238 cn.
218 1195 315 1239 xum.
339 1197 422 1249 QUOD
445 1197 565 1240 munus
588 1197 673 1238 ΕΜΔΤ
696 1197 752 1240 ΠΒ
775 1197 816 1238 DE
838 1197 947 1252 eumn,
970 1197 1031 1242 m
1045 1197 1153 1241 UADA'P
1168 1198 1202 1242 nt
1225 1198 1359 1242 OUBSUH.

168 1309 251 1377 Item
283 1316 437 1378 statutum
469 1319 503 1380 et
525 1313 704 1380 ordinatum
726 1320 783 1394 est
814 1313 898 1395 quud
921 1313 1025 1380 nullus
1047 1314 1126 1380 ciuis
1150 1313 1201 1381 uel
1223 1311 1360 1382 forensis

125 1413 245 1480 audeat
268 1415 318 1482 uel
341 1423 503 1498 presumat
524 1418 556 1482 in
579 1417 708 1483 ciuitate
731 1415 851 1499 Spalati
874 1417 925 1484 uel
947 1419 980 1482 in
1002 1436 1059 1484 suo
1082 1419 1227 1486 districtu
1251 1436 1359 1486 emere

125 1517 167 1583 ab
191 1518 296 1601 aliqua
318 1538 455 1602 persona
477 1522 598 1604 aliquas
620 1540 683 1602 res,
707 1539 770 1604 quq
793 1520 910 1588 fuerint
939 1522 1116 1606 perennet
1148 1524 1199 1590 uel
1228 1528 1359 1606 accepte

127 1641 188 1704 per
211 1621 417 1691 Aimisciancs
442 1627 494 1692 uel
516 1627 646 1708 piratas,
670 1627 721 1708 qui
746 1632 893 1694 exercent
916 1645 1051 1712 cursum,
1075 1645 1132 1694 nee
1154 1627 1223 1695 illas
1246 1646 1359 1711 erper-

127 1731 199 1792 tare
223 1727 264 1793 ad
287 1729 447 1796 ciuitatem
470 1729 601 1813 Spelati.
633 1729 694 1808 Qui
716 1748 794 1798 uero
816 1730 1048 1812 contrafecerit,
1078 1733 1181 1799 soluat
1203 1733 1360 1800 communi

127 1848 187 1914 pro
214 1831 319 1900 banno
342 1834 569 1918 quinquaginta
599 1835 695 1902 libras
718 1841 751 1902 et
772 1856 824 1903 res
847 1841 970 1919 emptas
993 1835 1107 1919 perdat
1129 1841 1162 1904 et
1183 1837 1314 1905 ueniant
1327 1838 1361 1904 in

127 1935 318 2005 communei.
1477 1933 1480 1945 '

55 2025 57 2032 Α
171 2039 217 2106 Et
246 2042 273 2106 si
302 2044 372 2126 quis
402 2043 480 2110 ciuis
512 2063 569 2110 seu
599 2043 694 2117 etiam
728 2045 890 2112 habitator
919 2047 1056 2112 ciuitatis
1086 2043 1207 2128 Spalati
1234 2045 1298 2112 iret
1325 2045 1358 2110 in

128 2161 266 2229 cursum,
290 2149 332 2213 sit
354 2148 386 2212 in
409 2153 597 2229 perpetuum
621 2149 693 2215 exul
715 2149 755 2215 de
775 2148 906 2217 ciuitate
928 2149 1072 2232 predicta
1094 2155 1127 2216 et
1149 2149 1254 2218 emnia
1276 2149 1361 2216 bona

129 2264 189 2312 sue
212 2248 384 2316 deueniant
405 2251 437 2316 in
459 2269 624 2320 commune
647 2259 679 2320 ct
701 2253 783 2320 siin
805 2252 932 2321 fortiam
961 2255 1135 2321 eommunis
1166 2253 1358 2337 peruenerit,

129 2367 242 2419 manus
265 2354 325 2421 sibi
348 2354 459 2422 dextra
482 2355 599 2423 debeat
621 2359 785 2440 amputari.

420 2563 423 2570 ’
541 2587 609 2631 ear.
631 2587 742 2631 xevm.
768 2588 810 2630 nu
832 2589 948 2633 nonu.

171 2701 252 2768 item
275 2707 430 2770 statutum
453 2709 487 2770 et
509 2703 687 2770 ordinatum
710 2709 768 2785 est
793 2705 875 2787 quud
897 2703 1001 2772 nullus
1021 2705 1108 2790 ciuis,
1132 2705 1183 2772 uel
1198 2704 1360 2772 habitetur

132 2807 273 2874 ciuitatis
289 2806 410 2891 Spalati
425 2807 545 2876 uendet
558 2827 658 2890 arma,
674 2807 817 2892 barchae,
837 2810 952 2894 clauos,
969 2813 1127 2892 stuppam,
1150 2827 1270 2892 sepum,
1293 2828 1359 2876 ear·

128 2911 207 2997 zas³,
231 2913 412 2996 anchoram,
436 2914 547 2997 picem,
571 2932 630 2980 nec
652 2913 771 2998 aliquid
794 2914 879 2980 aliud
902 2913 995 2980 alicui
1017 2931 1154 2993 cursare,
1178 2913 1263 2997 quod
1285 2933 1358 2996 per-

128 3017 231 3083 tineat
252 3018 294 3083 ad
316 3018 506 3086 adiutorium
528 3019 628 3086 aursi*
658 3019 717 3085 sub
747 3036 831 3100 pqna
862 3037 934 3084 xxv
963 3018 1132 3100 librarum;
1166 3023 1200 3086 et
1228 3017 1359 3100 quilibet

127 3121 232 3204 pessit
261 3123 302 3190 de
330 3121 392 3189 hee
419 3140 568 3190 accusare
592 3129 626 3190 et
647 3128 794 3190 teneatur
815 3125 958 3206 priuatus
981 3123 1160 3192 accusator⁶
1182 3129 1215 3192 et
1243 3121 1360 3192 habeat

128 3227 333 3296 medietatem
354 3227 460 3296 banni.

418 3443 485 3488 ΟΠ.
507 3443 593 3488 xulx.
617 3443 660 3486 DE
681 3441 877 3486 murmures
899 3441 1059 3486 mmm.

133 3553 138 3569 '
168 3558 251 3626 item
280 3561 434 3627 statutum
464 3566 498 3626 et
525 3558 705 3626 ordinatum
726 3564 786 3640 est,
817 3559 902 3642 quod
924 3558 1027 3624 nullus
1055 3558 1181 3641 audeat,
1212 3555 1264 3621 nel
1285 3571 1358 3638 prq-

127 3669 232 3730 sumat
254 3659 352 3730 iurari
375 3669 514 3731 aratrum
533 3671 567 3732 et
587 3665 640 3746 qui
667 3662 895 3745 contrafecerit,
920 3663 1023 3730 soluat
1041 3681 1098 3746 pro
1113 3661 1217 3730 banno
1232 3665 1357 3726 centum

128 3767 247 3850 soldos,
270 3767 359 3834 cuius
382 3767 535 3836 medietas
557 3769 599 3835 sit
620 3768 793 3836 communis
816 3775 850 3834 et
871 3767 933 3834 alia
955 3765 1147 3834 accusatoris
1163 3771 1196 3833 et
1211 3765 1359 3831 emendet

127 3873 288 3939 eratrum⁶
310 3879 344 3940 et
367 3874 394 3941 ei
417 3875 532 3942 dictam
555 3867 865 3942 condemnationem
893 3873 1017 3940 saluere
1039 3889 1103 3938 non
1131 3869 1257 3954 poterit,
1288 3870 1358 3935 mit

127 3981 215 4043 tatur
237 3977 269 4042 in
300 3978 442 4046 cathenis
472 3997 531 4062 per
552 3985 619 4046 tres
642 3979 709 4047 dies
729 3985 763 4045 et
784 3984 895 4061 postea
916 3977 1085 4061 fustigetur
1116 3993 1173 4061 per
1196 3974 1357 4042 ciuitatem

127 4078 258 4166 Speiati.

439 4248 506 4292 OAP·
525 4249 551 4292 0.
574 4249 617 4291 DE
637 4247 891 4292 mmmmm
912 4245 1052 4291 mnes.

166 4361 248 4430 Item
271 4367 424 4432 statutum
446 4369 481 4434 et
495 4365 674 4433 ordinatum
690 4371 749 4446 est,
773 4366 858 4448 quod
874 4365 977 4432 nullus
992 4363 1071 4430 ciuis
1087 4361 1138 4428 uel
1154 4357 1357 4427 districtualis

128 4466 266 4535 ciuitatis
288 4466 409 4551 Spalati
431 4470 558 4550 audeat,
591 4471 642 4538 uel
672 4475 838 4553 presumat
868 4469 1005 4552 aliquam
1034 4467 1159 4536 literam
1187 4465 1359 4548 impetrare

175 4661 264 4741 1ΑΙ).
287 4665 414 4742 Ljub.:
440 4663 594 4744 „runaut
653 4661 797 4727 'ibide
822 4661 984 4741 „Spalati“.
1046 4657 1163 4723 ⁸Coti.
1187 4657 1292 4721 acad.
1314 4657 1358 4718 B:

133 4746 282 4828 „sarpns“.
341 4750 757 4829 ‘Ap.LJub.:„cnreus“.
817 4747 1161 4834 5ibid.:„accusare‘¹.
1222 4744 1357 4807 tibin:

131 4837 316 4946 „demnum“.
387 4837 508 4901 'Ocri
531 4839 636 4902 acad.
659 4839 700 4900 B:
723 4835 1062 4922 „condempnationcmt
1232 4933 1253 4970 ἱ
