3396 5402
234 625 301 670 cnr.
324 627 423 670 xcrn.
446 625 631 672 rnuuroauu
653 601 865 673 nonnosum
888 629 951 674 ron
973 629 1198 674 remanorum.
1312 643 1314 648 .

138 743 222 808 Item
246 745 278 809 in
301 745 412 811 eodem
448 745 577 811 consilio
611 751 738 828 captum
760 745 835 833 fuit,
870 746 955 828 quod
988 747 1102 828 aliquis
1137 745 1334 815 Ourzulanus

96 846 259 913 habitator
280 848 437 914 Cnrzulae
460 867 522 914 non
545 849 662 915 audeat
689 851 737 916 vel
759 857 943 933 praesumat
958 869 977 914 a
992 851 1096 916 medio
1112 871 1220 918 meuse
1244 851 1331 935 Maij,

97 969 197 1032 vsque
221 953 262 1016 ad
285 952 422 1018 medium
445 971 585 1019 mensem
610 953 815 1038 Septembris,
839 957 959 1020 intrare
978 955 1107 1036 aliquod
1122 955 1237 1023 fiumen
1252 976 1335 1022 mor-

95 1057 210 1121 bosdm
233 1056 326 1122 sicuti
348 1063 398 1124 est
419 1055 573 1144 Narenta,
595 1057 725 1138 Boiana,
749 1059 941 1126 Durachium
961 1065 994 1126 et
1015 1060 1192 1141 incipiendo
1216 1080 1235 1126 a
1256 1061 1334 1126 Dul-

97 1161 199 1242 ctgno,
232 1178 331 1241 usque
352 1162 394 1226 ad
417 1161 585 1227 Vallonam
606 1181 711 1245 poena
733 1163 884 1244 perdendi
908 1164 1012 1228 omnia
1038 1165 1218 1244 anchona,
1254 1183 1335 1246 quae

98 1263 275 1330 deueniant
295 1266 329 1330 in
352 1265 542 1345 Commune3
564 1274 597 1333 et
620 1267 679 1334 hoc
702 1267 796 1333 duret
818 1269 850 1332 in
870 1274 1066 1350 perpetuum.

190 1445 258 1488 OAP.
280 1445 391 1488 xcvm.
414 1446 555 1489 numum
578 1447 641 1488 NON
665 1446 919 1490 semanimem
942 1449 983 1490 DE
1005 1449 1099 1491 HUMS
1122 1448 1237 1492 EXTBA.

144 1543 228 1610 ltem
251 1551 376 1627 captum
399 1544 467 1626 luit
492 1546 577 1627 quod
600 1547 706 1627 aliqua
728 1565 863 1629 persona
886 1567 948 1613 non
971 1553 1091 1630 tangat,
1122 1565 1180 1614 seu
1202 1549 1337 1631 accipiat

100 1649 239 1730 aliquem
262 1650 396 1732 lapidem
420 1649 461 1716 de
483 1651 577 1715 mulis
603 1651 814 1732 Zaualatizae‚
838 1651 1020 1736 Prigradize
1042 1659 1075 1718 et
1096 1652 1193 1728 Blaza
1215 1652 1246 1717 in
1270 1652 1337 1720 bal-

102 1755 227 1820 neando
250 1753 391 1834 circulos,
416 1755 581 1836 piscando,
614 1755 664 1820 rel
686 1755 778 1822 aliter
801 1757 956 1838 quomodo
979 1761 1067 1822 esset
1088 1757 1208 1822 mansio
1231 1755 1332 1837 mulis,

98 1877 201 1940 poena
222 1877 449 1942 yperperorum
474 1860 607 1926 duorum
621 1879 680 1942 pro
696 1860 837 1940 qualibet
856 1860 934 1946 rice,
958 1880 1016 1928 nec
1030 1859 1207 1927 balneando
1223 1860 1331 1940 linum,

99 1982 153 2030 seu
175 1963 385 2044 bernestram
409 1969 443 2029 et
465 1969 630 2030 accusator
653 1965 807 2031 credatur.

134 2141 200 2186 cnr.
223 2141 309 2185 xorx.
334 2143 402 2184 vnrr
423 2143 487 2186 sors
508 2143 682 2206 uenenum,
706 2144 766 2186 rrrro
788 2143 953 2198 roardum,
976 2141 1040 2184 rrrsr
1062 2143 1104 2185 na
1126 2121 1295 2188 rrurlzunn.¹

139 2241 176 2305 ln
199 2241 312 2308 eodem
335 2239 512 2321 Millesimo,
536 2241 711 2308 indictione
734 2251 766 2308 et
789 2243 840 2309 die
862 2243 901 2308 xi.
924 2243 1041 2308 mensis
1066 2241 1222 2309 Octobris.
1253 2241 1331 2309 Ber-

100 2344 177 2413 cban
201 2343 329 2411 Ouitich
350 2345 508 2428 plenarius
531 2345 655 2426 publice
678 2347 887 2428 proclamauit
909 2365 967 2428 per
988 2346 1058 2412 loca
1080 2353 1231 2413 consueta
1253 2345 1332 2411 Om-

100 2453 187 2520 zulae
215 2452 368 2518 mandato
400 2451 595 2515 dominorum
628 2452 749 2517 comitis
783 2457 816 2516 et
845 2451 996 2530 iudicum,
1032 2471 1102 2517 cum
1135 2451 1265 2516 consilio
1299 2457 1334 2517 et

99 2557 189 2623 laude
223 2555 457 2639 quamplurium
486 2555 751 2636 consiliariorum,
787 2555 871 2636 quod
904 2553 1081 2637 quicunque
1124 2555 1331 2634 Curculanus,

101 2680 153 2728 seu
175 2661 338 2727 habitator
361 2659 524 2737 Curzulae
561 2662 613 2741 qui
637 2661 838 2739 mercabitur,
872 2661 1022 2738 emendo,
1057 2660 1239 2742 vendendo,
1275 2679 1333 2725 seu

99 2765 311 2831 barcbizando
334 2765 419 2831 aliud
451 2767 555 2830 vinum
577 2765 803 2840 Dalmaticum,
838 2781 932 2846 quam
956 2763 1183 2843 Curnulanum‚
1216 2763 1331 2830 intelli-

101 2871 199 2952 gendo
224 2890 245 2936 a
266 2871 365 2937 bucca
388 2868 498 2952 Stagni
518 2889 616 2950 usque
632 2869 673 2935 ad
688 2869 766 2952 Capi
781 2868 955 2935 Cumanum
971 2875 1005 2934 et
1020 2869 1201 2951 Lagustam,
1226 2868 1331 2934 soluat

100 2975 179 3041 rltra
199 2993 336 3059 poenam
358 2973 549 3040 ordinariam
572 2974 734 3039 Communi
765 2993 938 3056 yperperos
961 2979 1086 3040 centum
1108 2992 1167 3056 pro
1190 2973 1332 3054 quolibet

16 3121 18 3152 ;
101 3080 217 3164 riagio,
254 3099 316 3163 quo
350 3079 572 3147 contrafecerit
601 3084 634 3144 et
664 3085 727 3144 stet
755 3079 856 3144 tribus
891 3078 1051 3144 mensibus
1084 3077 1270 3144 successiuis
1299 3079 1332 3142 in

101 3185 286 3251 carceribus,

102 3364 164 3406 cn.
187 3367 215 3409 0.
245 3366 344 3409 Dorus
366 3337 515 3408 numius
537 3365 600 3408 NON
622 3363 803 3424 duonum,
826 3365 887 3406 tillo
909 3363 1096 3406 muman
1118 3363 1216 3408 snm
1238 3361 1329 3404 coms

655 3451 776 3493 mmm.

16 3615 17 3626 ,
141 3551 221 3619 ltem
256 3557 383 3634 captum
405 3550 481 3638 luit,
516 3550 600 3634 quod
634 3551 748 3618 amodo
771 3551 803 3614 in
826 3555 923 3616 antea
944 3549 1001 3615 dos
1025 3548 1156 3615 adamus
1189 3549 1330 3616 mulieris

16 3647 18 3686 ³
103 3674 161 3723 non
181 3659 285 3740 possit
306 3659 426 3741 augeri,
450 3675 508 3723 nec
530 3657 628 3722 minui
650 3675 747 3738 super.
768 3657 858 3721 bonis
881 3645 985 3720 mariti
1007 3653 1065 3733 sni,
1097 3673 1154 3720 seu
1176 3653 1249 3733 viui,
1274 3672 1330 3720 seu

102 3763 212 3827 mortui
233 3769 267 3828 et
289 3762 469 3844 specialiter
490 3761 523 3824 in
545 3761 717 3839 sententia,
752 3779 810 3826 nec
831 3759 932 3842 possit
961 3758 1080 3824 habere
1111 3775 1235 3824 cursum
1259 3776 1329 3823 cum

16 3891 18 3908 ³
103 3883 199 3948 poena
221 3868 326 3948 quarti
348 3873 381 3933 et
402 3866 442 3932 de
463 3865 524 3932 boc
541 3865 599 3931 dat
624 3863 794 3931 Statutum.

237 4047 304 4091 oar.
328 4046 367 4090 01.
397 4046 461 4088 nor
483 4047 586 4088 rossrr
608 4046 782 4088 arraunnar
805 4045 846 4086 nn
868 4045 1036 4086 renuamus
1058 4021 1192 4087 nsaw

142 4145 237 4227 Item,
273 4147 358 4228 quod
389 4163 595 4227 unaquaeque
624 4145 865 4210 sententiatum
890 4143 1006 4223 ciuilis,
1037 4161 1131 4225 quam
1162 4141 1331 4208 criminalis

16 4317 18 4340 ,
104 4252 199 4331 possit
219 4251 385 4335 appellari,
420 4257 516 4332 prout
539 4249 698 4316 Statutnm
722 4250 871 4330 requirit;
908 4269 1015 4316 verum
1037 4247 1196 4316 sententia
1230 4247 1330 4314 crimi-

16 4427 17 4440 χ
104 4355 187 4433 nelis,
210 4373 292 4438 quae
314 4375 378 4424 non
400 4357 516 4422 transit
536 4373 709 4438 yperperos
732 4356 841 4422 decem
863 4355 994 4436 apellari
1017 4375 1079 4422 non
1102 4355 1210 4438 possit.

106 4469 302 4481 ——

107 4599 129 4658 R
147 4513 307 4661 1f0i.oap.
325 4518 379 4578 CV.
396 4520 481 4592 atque
497 4535 572 4590 cap.
590 4515 737 4578 CXXXVI.
762 4517 930 4599 statuti,
955 4535 1005 4576 nec
1027 4535 1081 4575 non
1104 4533 1179 4590 cap.
1204 4513 1327 4579 LXXXI.

137 4619 151 4660 a
176 4622 256 4665 orm.

147 4685 215 4751 Ἢ.
231 4710 271 4752 ca
277 4711 304 4768 p.
321 4691 411 4753 XXV,
428 4693 577 4752 Statuti
593 4695 680 4766 atque
695 4709 770 4767 cap.
787 4691 916 4754 cxx111.
933 4691 1087 4752 Reform,
1103 4691 1224 4752 inferius
1236 4692 1284 4751 cit.
