3388 5356
319 484 381 549 228

317 689 534 757 arcusarcus
557 705 712 754 cumnon
744 687 858 770 exigue
888 689 1009 754 iectura
1038 688 1077 754 de
1108 687 1203 754 denni
1233 693 1265 754 et
1287 688 1412 755 intrade
1435 694 1550 772 nostre,

316 813 353 860 ec
375 793 470 861 etiem
492 792 571 858 total
593 791 687 857 ruine
710 791 795 858 delle
823 793 1028 874 marinareza,
1061 794 1271 877 megistrcnze
1293 800 1326 861 et
1349 811 1421 860 cese
1443 801 1552 860 nesta

317 895 524 966 deil’ersencl
547 899 566 961 ε
589 896 631 962 de
653 896 812 978 proueder
835 915 904 962 curn
927 897 1001 980 ogni
1023 913 1130 964 mezzo
1152 901 1186 966 et
1207 898 1262 963 uie
1282 901 1300 964 e
1323 895 1486 981 possibile.

240 1037 243 1044 ·
359 1000 795 1085 Etpertl'endertpsrte,
820 999 991 1066 cheseles
1022 1007 1055 1067 et
1084 1007 1248 1068 reseruata
1276 1001 1308 1066 le
1337 1007 1428 1082 perte
1457 1018 1551 1083 prese

315 1109 348 1174 in
371 1112 483 1190 queste
507 1103 668 1188 conseglio
691 1104 743 1170 nel
760 1103 912 1170 Mcccexc
938 1125 957 1170 ε
980 1106 1013 1170 di
1035 1106 1127 1188 xxvij.
1144 1103 1276 1186 Auoste,
1300 1105 1452 1172 uidelicet
1470 1105 1554 1171 eires

315 1211 339 1276 li
361 1212 468 1277 ducati
491 1210 512 1294 ij
536 1227 594 1292 per
615 1209 704 1276 botte
728 1209 768 1276 de
791 1210 858 1275 uini
874 1209 1027 1275 eondiotti
1042 1210 1080 1276 ad
1098 1227 1189 1276 esser
1205 1209 1348 1279 condutti
1364 1210 1397 1275 in
1413 1213 1549 1292 ponente

317 1322 351 1383 et
372 1315 456 1382 circe
477 1312 499 1378 li
522 1313 582 1380 seli
603 1331 639 1380 se
662 1314 845 1406 conducens
869 1314 909 1381 de
931 1313 1043 1381 Jeuiza
1065 1333 1124 1397 per
1146 1313 1177 1380 le
1200 1333 1282 1382 neue
1298 1315 1338 1382 de
1354 1318 1503 1398 ponente,
1518 1311 1551 1377 lc

316 1421 391 1503 quel
414 1439 449 1488 se
470 1418 601 1484 intende
623 1437 711 1485 esser
734 1419 765 1482 in
790 1419 895 1501 quello
918 1420 1030 1484 istesso
1054 1419 1148 1485 robor
1170 1423 1203 1484 et
1224 1419 1316 1500 uigor
1332 1418 1405 1484 ch’e
1427 1417 1459 1483 el
1481 1433 1553 1499 pre-

315 1531 422 1604 sente3
446 1543 516 1590 cum
538 1524 568 1590 el
592 1541 685 1588 nome
708 1523 748 1589 de
778 1523 888 1604 spirite
913 1530 1004 1589 santo
1035 1524 1082 1588 sie
1113 1543 1172 1606 per
1200 1523 1340 1590 samnite
1370 1525 1410 1590 de
1439 1527 1552 1606 questo

315 1631 474 1715 censeglio
498 1629 644 1706 statuite,
669 1627 726 1692 che
749 1633 833 1694 tutte
864 1628 895 1694 le
916 1645 1007 1708 nene,
1039 1627 1096 1692 che
1120 1627 1160 1694 de
1183 1633 1289 1694 cetero
1321 1647 1356 1693 se
1386 1626 1554 1711 principie·

314 1755 414 1803 ranno
437 1739 470 1802 et
492 1733 620 1798 serrano
643 1733 675 1797 in
699 1738 813 1814 questa
846 1738 955 1798 nostre
984 1733 1070 1810 citte,
1103 1732 1208 1814 quelle
1239 1732 1390 1798 ridelieet
1416 1749 1554 1797 snranne

314 1842 354 1908 de
376 1840 510 1924 portede
533 1838 573 1904 de
605 1855 714 1903 mozze
739 1854 821 1901 ccxx.
845 1856 903 1919 per
926 1836 969 1902 fin
999 1837 1041 1902 ed
1070 1854 1180 1902 mozze
1210 1837 1308 1903 ccccl:
1331 1837 1372 1902 de
1395 1835 1453 1916 sci,
1476 1854 1553 1901 aner

316 1945 460 2012 debbano
483 1942 591 2008 ducati
613 1960 676 2006 uno
700 1961 757 2024 per
778 1943 879 2020 betta,
903 1941 1132 2007 intendendese
1155 1959 1264 2007 rnczza
1279 1959 1364 2006 ccxx.
1388 1959 1447 2023 per
1462 1941 1550 2006 botte

314 2067 401 2128 ecce;
425 2053 458 2115 et
479 2047 520 2113 da
541 2047 640 2114 mezzi
663 2045 755 2112 ccccl.
780 2047 811 2111 in
834 2064 917 2131 susc,
941 2065 1019 2112 euer
1042 2047 1189 2112 debbeno
1205 2045 1234 2112 el
1252 2046 1379 2129 doppio,
1403 2044 1553 2110 uidelicet

315 2153 420 2219 ducati
443 2153 464 2235 ij
490 2171 547 2236 per
570 2152 661 2216 botta
683 2151 723 2216 de
747 2151 821 2216 tutti
845 2151 866 2214 li
896 2151 1004 2217 denari
1036 2149 1120 2216 della
1149 2150 1289 2232 signetis
1320 2155 1432 2239 nostre
1459 2167 1554 2215 senza

314 2258 426 2324 alcuna
449 2255 673 2335 contradizion,
696 2255 706 2319 i
730 2255 815 2336 quali
837 2273 973 2336 possano
992 2255 1014 2319 ii
1038 2256 1162 2337 petroni
1185 2261 1218 2322 et
1226 2255 1380 2338 'participi
1395 2255 1463 2320 lore
1479 2271 1552 2319 cen-

315 2369 365 2429 ter
394 2361 478 2427 nelle
506 2379 562 2427 sue
589 2359 718 2444 angaris
749 2365 782 2426 et
809 2379 978 2443 grauem,
1010 2359 1158 2426 uidelicet
1186 2359 1218 2425 la
1247 2361 1323 2424 mite
1349 2359 1456 2424 subito
1482 2361 1554 2423 sert

314 2466 473 2533 messala
501 2463 604 2548 prima
629 2469 758 2546 coperia
784 2469 817 2532 et
846 2463 957 2530 l'eltra
979 2465 1056 2530 mitt
1077 2463 1259 2531 immediate
1280 2471 1432 2543 auereta3
1456 2463 1553 2528 dichi-

315 2571 445 2650 arende,
469 2569 526 2636 che
549 2589 583 2635 se
606 2570 721 2636 abbino
745 2569 786 2634 ed
808 2567 857 2634 ier
879 2569 909 2635 le
933 2569 1025 2635 stime
1056 2569 1087 2634 in
1116 2576 1230 2652 questa
1261 2569 1339 2634 citis
1370 2574 1481 2634 nostra
1502 2586 1553 2634 se-

316 2675 419 2744 eundo
443 2674 471 2742 ei
495 2679 657 2752 consueto,
681 2692 739 2758 per
761 2673 790 2739 el
814 2679 922 2757 portat
945 2673 985 2740 de
1008 2674 1112 2740 nebeli
1142 2675 1238 2740 etde
1268 2674 1349 2740 altre
1379 2691 1474 2740 cause
1498 2690 1554 2737 ne-

316 2781 462 2849 cessarie.
483 2779 609 2846 Abhinc
632 2781 729 2847 etism
753 2779 834 2845 ditte
857 2798 948 2861 neue,
971 2779 1028 2846 che
1052 2780 1092 2846 de
1114 2786 1220 2845 cetere
1251 2797 1286 2844 se
1313 2777 1447 2845 fnanne
1470 2778 1555 2842 siin

316 2893 431 2970 queste
454 2887 531 2952 citts
553 2891 670 2966 nostra,
695 2902 784 2985 corne
807 2883 892 2950 nella
914 2884 994 2950 isole
1017 2891 1128 2950 nostra
1152 2883 1192 2950 de
1215 2883 1336 2950 Candie
1358 2883 1399 2950 de
1427 2882 1555 2950 contadi

315 2992 422 3058 ducnti
444 3009 507 3056 uno
530 3009 588 3071 per
610 3009 719 3058 mezzo
742 2987 929 3056 dcll’effieio
960 2995 1069 3056 nestro
1092 2989 1144 3055 del
1168 2988 1279 3055 saled
1308 2995 1401 3056 conto
1433 2989 1472 3054 de
1503 2987 1554 3054 sui

316 3095 426 3164 crediti
450 3095 490 3162 de
512 3095 587 3160 tutti
609 3093 633 3159 li
655 3094 713 3160 seli
736 3095 766 3161 le
789 3094 991 3162 condurenno
1014 3093 1046 3158 in
1075 3101 1189 3176 queste
1210 3094 1288 3160 eitte
1308 3101 1418 3160 nestra
1446 3093 1555 3178 giusta

315 3202 347 3268 le
369 3201 563 3268 continentia
585 3199 669 3266 delle
691 3205 782 3282 perte
805 3195 900 3281 prese
923 3199 974 3265 nel
998 3199 1157 3282 censeglio
1180 3205 1290 3266 nostre
1312 3199 1353 3266 de
1374 3199 1464 3265 Dieei
1487 3198 1554 3264 edi

314 3327 363 3373 xv.
387 3304 461 3371 dell'
472 3306 619 3372 instante.
643 3305 775 3372 Pessino
798 3311 881 3372 tutte
903 3305 933 3372 le
956 3324 1045 3386 neue,
1070 3311 1096 3371 si
1121 3304 1225 3386 quelle
1248 3325 1283 3372 se
1297 3303 1441 3386 tersnno,
1464 3321 1556 3369 come

315 3411 421 3495 quelle
445 3411 476 3477 al
498 3415 645 3494 presente
667 3429 744 3477 sono
767 3409 857 3490 fatte,
881 3416 954 3477 tuor
978 3410 1051 3476 tutti
1074 3411 1095 3475 li
1124 3409 1233 3491 pertiti
1263 3409 1321 3476 che
1352 3409 1468 3491 meglio
1497 3425 1554 3490 pe-

315 3523 428 3583 tranno
452 3535 548 3582 suere
571 3521 598 3582 si
622 3515 662 3580 de
682 3515 741 3581 seli
763 3515 805 3582 de
826 3533 914 3582 esser
936 3517 1052 3597 portati
1078 3514 1119 3580 de
1139 3514 1209 3581 loco
1226 3514 1360 3595 cnloco,
1386 3532 1474 3580 come
1489 3513 1555 3579 iru-

317 3622 415 3688 menti
439 3627 470 3687 et
493 3621 574 3686 altre
597 3620 819 3699 rnercadentie,
843 3639 906 3687 nen
930 3621 1078 3685 obstante
1094 3624 1185 3702 perte
1201 3621 1314 3685 alcuna
1335 3619 1554 3700 incensario,

315 3728 346 3793 le
369 3726 445 3809 quel
467 3732 551 3792 tutte
567 3727 655 3792 siano
677 3724 763 3792 nulle
779 3730 811 3791 et
834 3742 940 3803 casse3
965 3725 1183 3806 exceptnando
1199 3725 1299 3790 rebbe
1316 3725 1454 3806 proibite
1470 3725 1555 3792 della

316 3831 452 3912 Ohiesie‚
476 3849 550 3897 cose
574 3829 754 3913 pertinente
777 3829 817 3894 ad
839 3829 922 3912 gelie
946 3835 978 3926 et
1000 3829 1023 3894 li
1046 3829 1156 3911 partiti
1178 3829 1218 3895 de
1241 3829 1453 3911 Msgheobini,
1486 3831 1553 3896 cine

318 3937 399 4001 mori
422 3937 462 4002 de
484 3935 646 4002 Barbarie.
671 3933 743 3999 Non
766 3933 881 4000 abbino
904 3935 983 4000 ditte
1006 3954 1087 4001 naue
1110 3933 1223 4000 alcuna
1245 3935 1387 4020 angaria,
1411 3935 1499 4001 selue
1520 3935 1554 4000 lc

318 4059 413 4124 spese
436 4040 520 4107 delle
544 4040 673 4106 erscnel
695 4045 804 4104 nostre
836 4058 893 4120 per
924 4040 955 4105 la
984 4041 1080 4105 barca
1109 4046 1142 4104 et
1171 4057 1305 4124 gornene
1334 4058 1369 4106 se
1397 4041 1553 4106 mendeno

318 4144 410 4212 fuera
432 4164 527 4228 sopra
549 4149 652 4235 porto.
675 4143 762 4208 Auen
785 4144 930 4210 debbane
960 4145 1055 4212 etiem
1086 4143 1166 4212 ditte
1188 4164 1271 4210 naue
1301 4145 1321 4210 li
1353 4145 1402 4210 sui
1432 4145 1496 4211 noli
1523 4149 1555 4210 si

318 4269 407 4318 corne
429 4252 483 4332 qui
505 4253 545 4318 de
568 4255 652 4316 sotto
677 4269 712 4315 se
735 4249 905 4314 dichiarirs
928 4269 1023 4316 senze
1054 4249 1167 4316 alcuna
1188 4251 1270 4316 altre
1293 4249 1390 4329 naris,
1422 4255 1554 4332 excepto

319 4358 425 4439 quelle
457 4377 551 4441 spese
574 4357 614 4424 de
645 4355 758 4434 nebeli,
782 4355 812 4419 le
844 4354 918 4436 qual
941 4355 1009 4421 sole
1037 4355 1110 4420 uadi
1138 4353 1307 4434 l'heuaria,
1339 4355 1361 4419 li
1392 4355 1467 4436 qual
1489 4354 1553 4420 neli

319 4464 408 4530 siano
432 4463 532 4530 scossi
550 4463 604 4528 elli
628 4459 876 4542 estraordInerij,
901 4477 989 4525 come
1012 4459 1223 4542 antigamente
1253 4475 1289 4524 se
1319 4460 1408 4524 solen
1431 4459 1499 4525 fare
1519 4465 1555 4524 et

317 4588 418 4653 peges
440 4568 577 4635 debbino
600 4567 623 4632 li
646 4565 709 4632 noli
731 4566 761 4630 le
792 4583 896 4632 merce
927 4565 967 4631 de
997 4565 1123 4631 contadi
1155 4570 1188 4630 et
1219 4563 1249 4630 le
1277 4565 1492 4630 mercedentie
1513 4565 1553 4630 de

318 4673 439 4742 ritorno
462 4679 570 4755 tempo
593 4671 635 4738 ad
657 4690 719 4737 uno
743 4689 835 4751 anno,
860 4670 927 4735 cios
945 4671 984 4736 de
1003 4669 1109 4736 ducati
1124 4687 1194 4734 xxv.
1217 4669 1325 4735 insuse
1341 4687 1411 4734 curn
1427 4671 1458 4736 le
1472 4687 1552 4752 pene

319 4784 472 4848 consuete
494 4797 557 4844 non
576 4775 726 4860 ⁴pagendo
751 4775 804 4842 elli
828 4775 878 4840 sni
899 4775 1007 4859 tempi,
1031 4775 1127 4842 etde
1153 4773 1258 4841 ducati
1280 4789 1351 4839 xxv.
1381 4777 1490 4845 inzoso
1512 4775 1552 4842 de
