3376 5392
312 395 372 456 150

308 600 430 668 duobus
452 597 611 666 mensibus
635 598 693 664 suh
716 615 819 680 poena
840 596 991 662 librarum
1016 599 1055 661 25
1079 613 1136 678 pro
1168 593 1309 676 quolibet
1330 595 1362 658 in
1385 591 1466 658 festo
1489 611 1541 658 so·

303 705 399 770 lemni
423 705 527 772 iacere
548 703 612 786 legi
634 703 717 767 hanc
738 706 862 784 partem
884 701 917 764 in
939 699 1052 765 maiori
1075 699 1213 776 consilio,
1245 718 1327 780 quae
1349 715 1453 780 poene
1475 697 1541 762 exi-

304 817 397 896 gatur
420 811 459 877 ab
482 810 639 892 capitibus
668 825 726 888 per
757 806 964 872 aduocatores
995 805 1141 870 habendo
1171 807 1293 886 partem
1301 852 1310 886 ,
1341 809 1378 868 ut
1402 801 1443 866 de
1465 801 1538 884 alijs

306 916 356 981 sui
378 913 486 998 offitij;
519 920 551 980 et
574 913 731 979 addantur
753 910 962 994 praedictam
978 909 1249 976 commissionibus
1264 913 1298 974 et
1313 906 1540 989 capitularibus

304 1019 440 1087 omnium
464 1015 650 1094 offitialium,
675 1022 842 1100 rectorum,
873 1014 1139 1081 ambasciatorum
1161 1014 1245 1080 intus
1269 1017 1302 1078 et
1324 1017 1425 1078 extra.

705 1285 773 1327 vm.
795 1283 932 1327 nounmo
953 1282 1141 1327 necrsoman

304 1385 434 1454 magistro
452 1383 553 1439 Joanni
571 1382 697 1438 barberio
716 1398 776 1437 cum
800 1381 1015 1452 exemptionibus
1034 1387 1061 1436 et
1079 1379 1278 1437 conditionibus
1295 1381 1323 1434 in
1342 1395 1374 1434 aa
1392 1381 1540 1450 expressit.

349 1523 415 1610 Epo
439 1523 549 1590 Petras
572 1524 609 1589 de
632 1521 831 1608 Morzalotijs
853 1521 929 1588 doc.
952 1523 1020 1587 noh.
1044 1531 1096 1588 etc.

347 1647 385 1712 In
409 1645 527 1713 Christi
549 1646 675 1714 nomine
696 1647 805 1712 Amen.
828 1643 919 1710 Anno
941 1646 1107 1712 natuitatis
1124 1645 1265 1712 eiusdem
1280 1645 1447 1711 millesimo
1463 1663 1539 1726 qua-

306 1751 552 1835 dringentesimo
583 1751 745 1838 trigesimo
776 1750 886 1832 primo,
917 1749 1086 1817 indictione
1116 1769 1199 1816 nona
1226 1757 1259 1818 et
1281 1751 1332 1818 die
1362 1749 1539 1831 penultimo

306 1857 422 1924 mensis
445 1855 531 1937 MaiJ'.

350 1959 537 2044 Spectabilis
559 1965 592 2026 et
613 1960 758 2042 egregius
785 1959 833 2024 vir
856 1959 999 2026 dominus
1025 1959 1212 2042 Pangratius
1242 1959 1380 2044 Georgio
1411 1978 1469 2042 pro
1493 1979 1541 2026 se·

306 2067 469 2132 renissimo
493 2070 526 2130 et
549 2065 807 2131 excellentissimo
835 2065 938 2130 ducali
954 2065 1091 2131 dominio
1114 2063 1319 2131 Venetiamm
1334 2065 1540 2130 honorandus

308 2189 414 2238 comes
438 2169 591 2235 Curzulae
614 2169 706 2234 simul
728 2188 798 2235 cum
815 2170 881 2235 suis
903 2169 1058 2235 iudicibus
1076 2169 1235 2236 nobilibus
1252 2170 1326 2235 viris
1343 2189 1404 2235 ser.
1420 2169 1540 2236 Ioanne

307 2276 403 2354 Petri,
428 2293 487 2340 ser.
512 2272 631 2357 Angclo
656 2273 776 2340 Obradi
799 2279 832 2340 et
855 2293 915 2340 ser.
939 2273 1047 2340 Marco
1071 2273 1250 2353 Michulich,
1280 2273 1472 2340 honorandis
1495 2275 1539 2339 iu·

307 2378 427 2445 dicibus
461 2377 562 2443 dictae
589 2375 745 2456 ciuitatis,
775 2396 833 2444 nec
862 2397 926 2452 non
955 2379 1112 2445 nobilibus
1142 2377 1349 2460 infrascriptis
1372 2398 1433 2461 per
1455 2379 1540 2460 ipsos

306 2483 465 2566 predictos
489 2482 529 2546 ad
551 2482 611 2549 hoc
629 2482 806 2564 specialiter
818 2485 938 2549 uocatis
954 2489 987 2550 et
1001 2483 1130 2549 habitis:
1156 2501 1215 2550 ser.
1240 2483 1536 2564 rosamundam,

306 2605 366 2655 ser.
390 2587 512 2653 Joanne
535 2585 729 2672 Xilchouich‚
760 2608 820 2656 ser.
845 2587 959 2655 Stante
992 2588 1119 2668 Obradi
1145 2607 1206 2654 ser.
1241 2587 1370 2654 Stoieno
1394 2588 1536 2668 Joannis,

306 2711 367 2759 ser.
391 2690 466 2757 Vita
488 2691 674 2777 Radmilioh‚
698 2712 757 2759 ser.
781 2691 930 2760 Vidossio
953 2693 1053 2769 Pauli,
1079 2712 1139 2759 ser.
1162 2692 1284 2759 Marino
1304 2692 1453 2771 loannis,
1478 2712 1537 2758 ser.

306 2797 429 2863 Marino
460 2795 639 2876 Michaelis,
675 2815 734 2862 ser.
760 2797 883 2864 Joanne
912 2796 1042 2882 Angeli,
1078 2817 1131 2863 ser
1153 2797 1288 2864 Antonio
1319 2798 1440 2877 Lucae,
1477 2815 1535 2864 ser.

306 2902 403 2967 Forte
424 2899 567 2980 Antonii,
599 2919 659 2966 ser.
684 2900 830 2968 Simeone
851 2901 1032 2987 Nioholich,
1065 2920 1126 2967 ser.
1155 2901 1316 2984 Stephano
1337 2901 1443 2982 Junii,
1477 2920 1535 2966 ser.

306 3006 410 3072 Frane
431 3003 532 3084 lunii,
563 3023 623 3070 ser.
647 3005 736 3071 Luxa
766 3005 934 3088 Stephani,
966 3025 1027 3072 ser.
1060 3005 1257 3074 Christoloro
1288 3006 1445 3085 Vidossii‚
1475 3024 1535 3072 ser.

306 3107 473 3174 Francisco
498 3107 635 3187 Obradi,
658 3127 718 3175 ser.
743 3108 889 3175 Simeone
908 3108 1093 3190 Michulich,
1117 3131 1179 3176 ser.
1195 3111 1322 3194 Rapcho
1338 3110 1535 3190 Michullicb,

306 3231 367 3280 ser.
400 3211 563 3278 Theodato
594 3211 773 3294 Nicholich‚
805 3232 866 3280 ser.
898 3215 1020 3279 hiarino
1051 3215 1225 3297 Pepercich
1256 3221 1290 3282 et
1320 3235 1381 3282 ser.
1414 3215 1536 3282 Marino

306 3317 418 3402 Angeli
443 3323 476 3382 et
497 3317 567 3400 alijs
590 3317 732 3400 pluribus
754 3319 911 3385 nobilibus
943 3319 1036 3384 simul
1066 3315 1266 3404 congregatis
1287 3321 1318 3385 in
1341 3320 1428 3404 logia
1450 3325 1536 3388 ante

305 3424 408 3491 dictae
431 3419 595 3507 C'urzulae,
623 3423 730 3490 habito
751 3424 836 3492 intra
856 3443 890 3491 se
912 3430 1034 3491 maturo
1059 3425 1197 3504 oonsilio,
1221 3425 1352 3492 solemni
1379 3425 1534 3492 debbora·

306 3529 393 3595 tione
416 3527 646 3610 praenominati
676 3547 784 3595 omnes
814 3529 939 3594 nomine
965 3535 998 3595 et
1020 3531 1090 3597 uice
1119 3531 1216 3596 totius
1246 3530 1481 3596 communitatis
1507 3535 1538 3596 et

306 3633 518 3699 uniuersitatis
546 3631 720 3714 Curnulae,
751 3635 861 3716 uigore
891 3636 1058 3716 potestatis
1085 3641 1118 3702 et
1144 3634 1266 3702 arbitrii
1296 3637 1327 3700 in
1358 3635 1419 3700 hac
1449 3641 1537 3718 perte

307 3737 367 3806 sibi
396 3738 538 3804 concessi
560 3757 580 3804 a
601 3739 741 3820 generali
772 3739 901 3806 consilio
933 3739 1105 3819 Carsulae,
1137 3741 1182 3806 uti
1205 3745 1294 3822 patet
1324 3747 1416 3823 parte
1449 3745 1537 3822 capta

306 3845 339 3909 in
360 3844 422 3909 isto
453 3841 583 3908 consilio
605 3843 637 3907 in
660 3843 844 3924 Maecenas,
878 3844 1047 3911 indictione
1078 3846 1139 3926 viij.
1171 3845 1222 3910 die
1252 3846 1291 3909 ix.
1316 3847 1432 3912 mensis
1466 3845 1535 3925 Maij

306 3953 398 4031 parte
422 3967 459 4014 ex
482 3965 559 4025 una3
594 3954 626 4015 et
648 3949 801 4029 magister
826 3949 966 4016 Joannes
996 3950 1179 4016 Luithecich
1206 3949 1410 4015 barbitonsor
1437 3957 1472 4016 et
1498 3951 1536 4015 ci-

307 4052 432 4118 roichus
456 4052 499 4117 ibi
522 4059 712 4118 conuocatus
735 4073 773 4119 er
793 4054 872 4133 alia;
904 4060 1010 4136 partes
1032 4054 1120 4137 ipsae
1143 4073 1177 4120 se
1201 4055 1241 4120 ad
1264 4053 1398 4120 inuicem
1422 4073 1534 4120 conue-

306 4158 429 4223 nientes
453 4155 586 4223 solemni
611 4157 822 4239 stipulatione,
847 4165 956 4240 pacta,
991 4159 1218 4225 conuentiones
1248 4165 1281 4224 et
1303 4159 1442 4240 capitula
1464 4160 1537 4226 baec

307 4261 509 4343 infrascripta
525 4261 708 4328 solemniter
723 4269 953 4348 contraxerunt,
977 4262 1122 4328 fecerunt
1137 4270 1169 4328 et
1183 4261 1390 4330 firmauerunt
1412 4264 1444 4328 in
1460 4264 1537 4329 hunc

306 4367 442 4450 modum,
475 4366 642 4432 uidelicet:
673 4368 757 4448 quod
781 4365 881 4433 dictus
910 4369 1060 4451 magister
1082 4368 1220 4434 loannes
1243 4386 1302 4450 per
1324 4389 1367 4448 se,
1400 4387 1536 4450 atrosque

307 4471 442 4538 heredes
465 4471 612 4553 promisit
634 4477 666 4537 et
689 4491 722 4538 se
747 4473 897 4553 obligauit
927 4473 1173 4554 praenominatis
1195 4472 1330 4538 dominis
1353 4473 1469 4551 comiti,
1493 4475 1533 4537 iu-

307 4577 428 4644 dicibus
452 4581 484 4644 et
507 4576 663 4642 nobilibus
694 4576 916 4660 stipulantibus
946 4582 980 4642 et
1002 4577 1227 4658 recipientibus
1257 4579 1382 4645 nomine
1416 4584 1450 4643 et
1472 4579 1536 4643 uice

308 4683 481 4752 communis
504 4687 537 4750 et
559 4681 772 4750 uniuersitatis
800 4681 956 4750 Curzulae
971 4688 1039 4750 toto
1070 4689 1213 4767 tempore
1244 4684 1311 4750 eius
1338 4683 1425 4748 uitae
1448 4688 1533 4763 stare,
