3422 5364
346 435 408 495 304

391 641 440 701 11.
464 636 555 715 Item,
587 634 689 716 quod¹
711 632 893 701 confiscatio
917 635 1071 702 hactenus
1094 635 1180 702 lacta
1201 637 1233 700 in
1257 639 1416 702 communi
1438 637 1589 703 debonis

344 741 586 806 exbennitorum
617 739 884 804 sententiatorum
914 745 948 805 et
969 740 1177 819 uenditiones,
1209 748 1265 806 aut
1296 741 1493 820 donationes,
1526 759 1590 828 que

345 843 431 924 lacte
456 848 565 910 essent
594 843 635 908 de
668 843 746 924 ipsis
777 843 869 908 bonis
893 849 927 908 et
949 863 1006 909 seu
1031 849 1121 924 parte
1148 845 1288 926 ipsorum
1318 846 1473 911 bonorum
1496 845 1589 910 elicui

341 965 489 1030 persone,
514 946 605 1028 firme
628 947 692 1012 sint
715 953 748 1011 et
770 953 839 1028 rate
863 948 895 1011 in
918 955 1126 1030 perpetuum:
1157 946 1215 1013 fiat
1236 949 1337 1031 uobis,
1361 957 1399 1013 nt
1419 949 1539 1030 petitur
1559 949 1592 1012 in

345 1052 496 1134 capitulo.

391 1161 440 1221 12.
464 1156 546 1222 Item
571 1173 667 1237 super
690 1156 840 1236 capitulo,
864 1155 950 1236 quod
973 1155 1092 1237 incipit,
1117 1155 1202 1236 quod
1225 1156 1361 1237 quilibet
1383 1155 1500 1221 nobilis
1515 1153 1593 1236 Spa·

344 1261 402 1326 lati
424 1266 582 1326 tractetur
604 1265 638 1326 et
660 1260 793 1324 tractari
817 1260 934 1325 debeat
956 1267 1022 1326 tam
1045 1261 1077 1324 in
1100 1261 1231 1326 ciuitate
1254 1259 1472 1338 venetiarum,
1500 1277 1593 1341 quam

346 1371 436 1432 extra
458 1372 620 1446 tamquam
644 1365 723 1430 ciuis
748 1362 956 1430 Venetierum
980 1371 1060 1431 ete:
1083 1365 1408 1447 respondemus,
1432 1364 1518 1444 quod
1541 1361 1594 1428 fiet

347 1469 449 1548 uobis,
472 1470 555 1534 sicut
578 1466 697 1533 lectum
721 1474 771 1534 est
792 1469 855 1535 illis
879 1469 918 1534 de
941 1467 1041 1534 Jadre
1060 1475 1093 1534 et
1119 1470 1159 1534 de
1183 1467 1340 1536 Sibenico.

394 1577 443 1638 13.
467 1573 549 1639 Item
572 1591 670 1654 super
692 1573 843 1654 capitulo,
867 1573 953 1654 quod
975 1573 1095 1657 incipit,
1119 1574 1205 1654 quod
1220 1572 1374 1654 forenses,
1398 1572 1454 1654 qui
1471 1577 1547 1638 sum
1560 1571 1591 1636 in

349 1678 480 1744 ciuitate
502 1683 697 1744 mercatores
717 1681 750 1742 et
772 1695 829 1742 seu
852 1677 1047 1743 habitatores
1064 1678 1128 1742 aiut
1142 1678 1245 1744 securi
1269 1683 1345 1743 etc:
1365 1676 1589 1759 responde

347 1801 452 1864 mus,
485 1781 570 1863 quod
601 1800 710 1848 sumus
741 1783 891 1861 contenti,
924 1783 1008 1864 quod
1041 1782 1177 1864 quilibet
1207 1789 1292 1849 stent
1321 1785 1355 1847 et
1384 1781 1449 1847 sint
1482 1781 1594 1868 securi,

352 1886 523 1954 dummodo
546 1905 609 1952 non
633 1887 697 1951 sint
718 1885 856 1952 rebelles
878 1891 988 1966 nostre
1021 1886 1244 1952 dominetionis
1260 1891 1294 1952 et
1315 1888 1342 1951 si
1365 1887 1437 1966 quie
1460 1904 1500 1951 ex
1521 1885 1596 1966 ipsis

352 1997 440 2058 esset
461 1990 515 2075 ibi,
539 1990 656 2058 debeat
685 1989 836 2057 recedere
858 1991 932 2057 inde
954 2009 975 2054 a
997 1990 1049 2056 die
1071 1990 1173 2056 nostri
1204 1989 1353 2056 introitus
1375 1989 1409 2054 in
1432 1989 1591 2054 muitamm

348 2095 526 2178 predictam
567 2113 637 2160 curn
669 2095 765 2161 rebus
803 2095 870 2160 suis
905 2094 1005 2161 libere
1041 2112 1142 2175 usque
1175 2094 1215 2158 ed
1252 2094 1334 2160 diem
1367 2111 1418 2159 xv.
1454 2093 1592 2176 proxime

348 2204 540 2266 secuturum.

392 2308 440 2369 14.
463 2303 544 2370 Item
568 2321 665 2386 super
687 2302 836 2386 capitulo,
861 2303 946 2384 quod
972 2303 1093 2386 incipit,
1118 2305 1203 2386 quod
1227 2303 1332 2370 nullus
1356 2303 1435 2370 ciuis
1452 2307 1592 2385 cogetur,

349 2413 469 2475 utnon
494 2407 595 2489 possit
617 2412 727 2473 tenere
751 2413 785 2473 et
807 2425 906 2488 penes
929 2425 965 2473 se
988 2406 1107 2473 babere
1132 2427 1221 2473 arma
1243 2426 1310 2486 sua,
1335 2424 1398 2488 que
1415 2407 1593 2488 reperietur

348 2510 469 2578 habere
492 2517 569 2577 etc:
602 2512 921 2593 respondemus,
954 2512 1039 2592 quod
1061 2531 1171 2577 sumus
1194 2513 1345 2591 contenti,
1378 2512 1467 2594 quod
1490 2529 1595 2579 omnes

351 2633 451 2699 penes
475 2633 511 2681 se
534 2633 623 2682 arma
645 2617 815 2695 retineant,
839 2621 875 2680 ut
897 2615 1078 2682 continetur
1099 2615 1132 2680 in
1156 2616 1241 2682 dicto
1264 2616 1413 2699 capitulo.

396 2726 444 2786 15.
468 2719 550 2787 Item
573 2737 669 2802 super
693 2719 842 2802 capitulo,
876 2719 960 2802 quod
980 2719 1100 2800 incipit,
1133 2721 1159 2786 si
1183 2721 1253 2802 quis
1281 2721 1381 2787 uellet
1403 2719 1555 2786 recedere
1575 2735 1594 2782 a

347 2825 481 2891 ciuitate
503 2823 620 2890 etalio
651 2824 699 2889 ire
722 2829 800 2890 etc:
835 2823 1156 2906 respondemus,
1192 2825 1276 2908 quod
1306 2843 1415 2891 sumus
1446 2822 1592 2902 contenti,

350 2929 438 3012 quod
461 2929 595 3011 quilibet
617 2930 660 2995 sit
674 2930 706 2994 in
731 2929 882 2996 libertate
898 2948 959 2995 sua
973 2929 1144 2996 recedendi
1160 2947 1230 2997 cum
1246 2929 1391 2996 omnibus
1406 2929 1505 2995 rebus
1520 2926 1592 2993 suis.

393 3039 442 3100 16.
466 3035 546 3101 Item
565 3053 662 3116 super
680 3034 828 3115 capitulo,
850 3033 935 3117 quod
952 3034 1094 3116 loquitur
1108 3051 1205 3116 super
1219 3033 1303 3100 lacto
1321 3033 1439 3100 domini
1455 3031 1592 3113 Antouij,

347 3137 497 3220 Ciprieuo
521 3144 600 3205 etc:
632 3139 960 3220 respondemus,
984 3139 1070 3220 quod
1093 3139 1162 3205 uiso
1185 3159 1243 3222 per
1266 3157 1323 3206 noe
1349 3138 1530 3221 priuilegio,
1562 3137 1593 3200 in

345 3261 410 3325 quo
433 3261 497 3308 non
520 3241 730 3324 specificatur,
754 3244 839 3325 quod
862 3243 983 3325 aliquid
1005 3243 1124 3310 habere
1151 3243 1280 3328 debeat,
1303 3243 1362 3309 sed
1384 3243 1505 3308 debeat
1526 3259 1593 3306 esse

345 3345 490 3413 officialis
513 3348 691 3414 trentesimi
714 3352 747 3415 et
769 3365 833 3414 non
856 3348 964 3415 habito
981 3349 1065 3415 dicto
1081 3350 1266 3415 trenteeimo
1289 3365 1468 3430 unquema
1489 3345 1590 3428 uobis,

348 3470 413 3518 non
435 3451 565 3517 uidetur
587 3453 688 3532 nobis,
713 3452 798 3534 quod
821 3453 942 3534 aliquid
964 3453 1039 3520 inde
1061 3453 1179 3519 debeat
1200 3451 1330 3519 babere.

397 3561 446 3620 17.
469 3555 520 3621 Ad
550 3555 787 3638 requisitionem
820 3562 895 3622 ente
926 3556 1044 3622 lectam
1074 3561 1224 3623 oretenus
1254 3573 1312 3639 per
1346 3555 1594 3620 ambasciatores

351 3657 436 3740 dicte
460 3661 600 3726 ciuitatis
624 3659 745 3742 Spalati
778 3662 1001 3741 continentem,
1032 3660 1167 3742 quodsi
1195 3665 1386 3744 occurreret,
1422 3660 1511 3743 quod
1541 3675 1595 3740 per

333 3763 458 3857 ,eliqua
480 3769 625 3846 tempore
648 3766 822 3832 dominatio
841 3771 953 3832 nostra
975 3766 1149 3833 dimitteret
1172 3766 1345 3832 dominium
1360 3765 1502 3832 ciuimtis
1519 3761 1591 3845 Spa·

350 3868 419 3951 lati,
441 3869 554 3950 primo,
578 3871 663 3952 quod
686 3871 800 3936 ciuitas
823 3872 866 3936 eit
888 3871 965 3938 deta
987 3871 1080 3938 alicui
1101 3871 1205 3950 elteri,
1229 3871 1349 3937 debeat
1363 3869 1494 3937 restitui
1509 3865 1595 3934 nobi·

348 3971 432 4038 libus
458 3973 596 4040 ciuitetis
620 3974 759 4056 Spoleti:
783 3963 1106 4058 respondemus,
1131 3975 1216 4058 quod
1239 3993 1310 4042 cum
1329 3976 1436 4060 gratia
1451 3971 1595 4039 altissimi

349 4077 543 4144 intendimus
560 4079 678 4144 dictem
693 4080 856 4147 ciuitatem
873 4085 1028 4162 perpetuo
1045 4080 1104 4147 sub
1118 4081 1256 4146 dominio
1269 4085 1382 4146 nostro
1395 4095 1592 4153 conseruare,

345 4181 403 4248 sed
427 4188 596 4249 ocenrente
619 4201 694 4250 casu
717 4184 817 4268 (quod
839 4186 945 4268 absit),
982 4185 1067 4267 quod
1089 4184 1207 4250 dictam
1231 4184 1396 4250 ciuitatem
1419 4183 1590 4247 dimmitte-

344 4303 461 4370 remus,
492 4287 579 4352 illam
605 4289 707 4370 primo
733 4289 878 4356 manibus
906 4289 1057 4356 nobilium
1081 4289 1167 4369 dicte
1192 4287 1332 4354 ciuitatis
1359 4287 1485 4354 restitui
1515 4284 1598 4351 iece-

344 4407 460 4456 remus.

394 4617 405 4654 ¹
421 4622 546 4684 Verbis:
567 4623 626 4700 ,ita
642 4615 740 4696 qnod“
758 4621 894 4698 adjungit
916 4623 998 4684 cod.
1023 4621 1157 4684 Chiud.
1180 4623 1310 4682 tenorem
1326 4622 1529 4698 responsionis
1548 4625 1591 4684 11.

348 4709 512 4768 sententiae
535 4709 590 4768 sub
617 4711 663 4770 10.
687 4711 830 4785 prolatae.
