3396 5402
309 471 350 532 66

307 671 490 736 animalium
512 677 622 740 eontra
644 674 805 751 pastorem
830 689 887 736 seu
908 675 1054 753 pastores
1081 668 1186 736 lacere
1208 673 1242 734 et
1263 667 1326 736 tine
1347 669 1456 735 debito
1480 673 1549 754 ¹ter·

306 775 429 840 minare
451 774 536 838 omni
558 779 701 854 temp'ore
725 779 758 839 et
781 774 832 844 die
854 780 919 838 tam
941 773 1056 840 feriata
1078 792 1172 856 quam
1195 771 1405 846 noa-terlata.

350 878 431 942 Item
455 895 547 944 omne
571 877 656 942 aliud
679 885 807 958 pactum
829 875 969 956 facturn,
1001 878 1070 943 siue
1091 875 1248 962 tiendum,
1280 867 1337 941 aut
1366 875 1548 956 conuentio,

307 981 360 1048 uel
376 979 531 1064 obligatio
547 979 641 1061 facta,
657 981 710 1046 uel
725 978 830 1047 fienda
845 982 928 1048 inter
942 987 1111 1064 patronum
1127 987 1161 1046 et
1175 987 1336 1062 pastorem
1348 995 1548 1061 quocumque

305 1085 410 1164 modo,
437 1085 573 1164 racione,
598 1102 702 1164 causa,
727 1085 779 1150 uel
801 1085 939 1168 ingenio,
963 1103 1034 1150 cum
1058 1091 1267 1166 sacramento,
1290 1083 1342 1150 uel
1358 1085 1436 1162 sine,
1460 1101 1550 1149 cum

305 1188 532 1271 scriptura,
568 1189 633 1254 uel
668 1189 789 1268 sine,¹
826 1195 935 1270 preter
957 1188 1025 1268 hec,
1060 1207 1122 1270 que
1145 1189 1177 1253 in
1200 1187 1260 1254 hac
1282 1188 1424 1271 presenti
1446 1185 1546 1254 retor-

308 1291 452 1356 macione
469 1294 657 1371 continetur,
681 1311 818 1358 exnunc
834 1295 865 1356 in
884 1299 978 1359 antea
994 1293 1034 1358 sit
1052 1311 1145 1372 uana,
1169 1311 1267 1372 cassu,
1291 1293 1390 1370 irrita,
1415 1289 1550 1356 nullius-

307 1411 370 1475 que
392 1394 519 1472 ualeris,
543 1395 596 1461 uel
611 1395 772 1474 momenti,
797 1415 891 1478 quam
907 1395 1056 1462 uidelicet
1071 1394 1330 1462 reformationem
1346 1399 1548 1477 prenotatam

307 1499 463 1584 uolentes,
487 1500 550 1566 imo
575 1499 761 1564 mandantes
785 1518 824 1564 cx
843 1519 926 1565 nuno
948 1501 980 1564 in
1003 1506 1099 1564 antea
1118 1499 1290 1581 consiliarij
1313 1499 1464 1581 prelibati
1478 1497 1547 1564 vni-

304 1604 418 1684 ouiqus
440 1621 523 1684 pena
556 1602 682 1684 prestiti
704 1603 891 1682 iuramenti,
922 1604 954 1666 in
977 1619 1070 1683 quam
1093 1603 1164 1684 ipso
1186 1601 1271 1690 lacto
1292 1603 1454 1679 inaurant,
1487 1620 1547 1684 pro

304 1707 428 1786 preciso
459 1705 570 1772 baberi
604 1705 754 1772 statuto.⁹
787 1705 855 1772 Heo
885 1705 1070 1772 reformatio
1106 1711 1201 1788 capta
1222 1704 1283 1771 luit
1304 1711 1337 1772 et
1358 1706 1491 1772 obtenta
1513 1705 1547 1770 in

307 1808 392 1873 dicto
415 1807 556 1892 generali
583 1808 731 1894 consssio,
763 1809 822 1874 sub
846 1807 1022 1875 Natiuitate
1045 1809 1172 1874 Domini
1200 1809 1301 1874 nostri
1323 1808 1404 1876 lesu
1426 1807 1546 1875 Christi

305 1911 474 1978 Millesimo
498 1929 576 1978 cccc.
601 1912 723 1978 decimo
746 1914 890 1994 septimo,
915 1913 1095 1979 Indiccione
1117 1932 1146 1977 11.
1168 1914 1219 1979 111
1242 1912 1545 1980 vicesimosecundo

303 2016 422 2080 mensis
446 2013 590 2102 Augusti.

303 2227 370 2270 our.
394 2228 484 2271 oxnv.
509 2227 593 2279 quon
616 2228 762 2279 qommnu
785 2229 873 2271 monto
896 2229 999 2272 rosam
1022 2228 1223 2330 anrismqonou
1242 2229 1393 2281 1111111111
1416 2229 1545 2272 raum

759 2315 909 2358 1111111111
932 2316 1068 2359 suonuu.

345 2429 428 2496 Item
450 2436 604 2496 statutum
627 2437 661 2496 et
683 2432 863 2496 oromatum
884 2439 951 2512 est,
984 2432 1071 2512 quod
1093 2432 1226 2513 quilibet
1257 2451 1328 2498 cum
1358 2432 1546 2514 pemenerit

302 2533 344 2600 11
366 2535 467 2616 ipsius
489 2535 556 2600 uite
579 2542 763 2613 extremum,
786 2537 889 2617 possit
911 2541 1011 2601 totam
1029 2541 1062 2602 et
1077 2537 1235 2618 integram
1254 2541 1378 2618 partem
1394 2541 1544 2618 quartam

301 2655 430 2703 suorum
453 2639 607 2704 bonorum
631 2640 770 2708 omnium
794 2631 954 2704 stabilium
978 2639 1138 2706 dimittere
1161 2641 1346 2722 cuicumque
1370 2640 1430 2707 sibi
1453 2641 1542 2708 nide-

301 2740 388 2806 bitur
411 2747 445 2807 et
466 2743 631 2824 placuerit,
662 2762 720 2825 pro
743 2749 800 2810 su'o
823 2743 914 2808 libitu
938 2744 1121 2810 uoluntatis.
1151 2744 1269 2810 Vemm
1291 2751 1366 2828 post
1388 2746 1446 2812 beo
1468 2763 1542 2828 pre-

302 2843 395 2923 dicta,
420 2846 504 2926 quod
527 2851 621 2928 pater
643 2865 704 2912 non
726 2849 838 2929 possit,
874 2848 995 2914 babens
1019 2849 1126 2930 plures
1148 2855 1240 2915 natos
1262 2849 1304 2914 de
1325 2849 1425 2930 ipsius
1448 2849 1541 2914 bonis

300 2947 431 3028 reliquis
453 2949 573 3031 aliquid
601 2950 672 3031 plus
695 2950 855 3016 dimittere
877 2952 938 3029 vni,
969 2970 1064 3033 quam
1089 2951 1169 3033 alio,
1205 2953 1378 3019 secundum
1399 2953 1484 3034 quod
1507 2953 1539 3018 in

300 3048 364 3114 alio
386 3057 508 3118 statuto
531 3053 564 3118 in
585 3053 729 3134 presenti
751 3053 910 3120 uolumine
934 3055 1140 3123 continetur*

299 3260 366 3304 our.
390 3261 493 3304 cxnv1.
525 3264 609 3314 quon
631 3264 756 3317 umqum
779 3265 843 3308 non
866 3267 969 3309 possm
999 3266 1167 3310 1111111111
1188 3269 1224 3310 nt
1246 3245 1387 3312 1111111111ὁ
1409 3270 1495 3314 11111
1517 3271 1539 3313 n

417 3348 563 3397 ,manno
590 3351 719 3394 11111111
741 3352 838 3410 tumr,
862 3353 962 3404 vsqon
987 3353 1030 3395 no
1050 3355 1179 3397 nmmum
1200 3333 1399 3399 arianarum.⁸

340 3461 423 3528 Item
447 3467 601 3529 statutum
625 3471 658 3530 et
680 3467 858 3532 ordinatum
881 3473 940 3546 est,
965 3469 1049 3550 quod
1063 3469 1171 3551 aliqua
1184 3489 1324 3552 persona
1339 3471 1444 3553 aliquo
1461 3489 1538 3554 que

297 3565 359 3630 sito
382 3565 488 3632 colore
511 3585 573 3634 non
588 3568 692 3648 possit
705 3569 851 3636 laborare
866 3571 899 3635 in
916 3571 1041 3654 pegnla,
1065 3589 1124 3639 nec
1140 3574 1295 3654 paclinam
1311 3573 1416 3641 facere
1430 3575 1538 3656 aliqum

296 3675 441 3750 tempore
463 3672 546 3750 anni,
570 3671 630 3736 nisi
653 3690 674 3736 1
694 3671 798 3738 medio
821 3691 932 3739 mense
955 3673 1043 3756 Iulii,
1067 3693 1165 3756 nsque
1184 3677 1225 3742 ad
1242 3677 1382 3744 medium
1395 3696 1538 3745 mensem

345 3843 456 3905 ²Deest
471 3845 678 3906 1111111111.

342 3927 354 3965 ²
370 3933 411 3990 lle
427 3935 551 4005 tempore
568 3949 624 4004 quo
639 3933 803 3992 contractus
815 3933 889 3994 inter
900 3937 1049 4009 patronum
1060 3937 1090 3994 ot
1100 3939 1245 4010 pastorem
1257 3938 1418 3999 renuntiari
1429 3940 1535 4015 potest,

293 4035 357 4078 enm
373 4033 506 4091 praesens
519 4019 659 4078 statutum
680 4019 753 4078 nibil
768 4021 876 4092 definit,
900 4021 1107 4100 reformatione,
1130 4041 1158 4083 a.
1177 4026 1269 4086 1430.
1286 4029 1371 4100 capto
1386 4023 1437 4104 (of.
1456 4043 1536 4101 cap.

293 4103 379 4163 CLII.
404 4103 579 4184 Reform.)
604 4107 779 4166 declaratum
800 4110 854 4184 est,
886 4108 1126 4168 renunciationem
1149 4111 1230 4170 illam
1252 4114 1377 4187 tempore
1399 4115 1536 4172 tonsurae

291 4191 421 4249 lanarum
436 4189 498 4248 lieri
516 4208 607 4264 posse.

338 4270 350 4308 ⁸
366 4274 407 4334 01.
425 4276 512 4334 etiam
528 4295 603 4351 cap.
621 4277 764 4337 XXXVII.
781 4281 810 4337 et
825 4278 948 4338 CXXXI.
965 4279 1037 4339 Rei
1047 4299 1127 4342 orm.

339 4357 409 4418 ‘Gt
426 4379 513 4436 supra
535 4381 596 4436 oap.
613 4363 745 4426 XXXIX.
769 4365 884 4424 Statuti.
908 4365 1007 4435 Quoad
1031 4369 1173 4438 mulieres,
1197 4387 1290 4444 noque
1312 4385 1360 4429 aas
1380 4371 1436 4429 alio
1452 4372 1535 4432 modo

292 4447 660 4593 gotrratsuttinterliberos
683 4450 920 4532 1111111111111,
953 4451 989 4513 cl.
1014 4471 1053 4513 ca
1060 4471 1115 4528 pp.
1139 4455 1211 4534 XL„
1235 4454 1344 4516 LXXV.
1368 4449 1397 4515 'et
1420 4454 1533 4520 CXXX.

343 4549 361 4591 1
391 4549 409 4590 u
436 4551 455 4594 1.

338 4613 351 4652 ὗ
367 4618 444 4681 011.
461 4620 540 4694 (lap.
560 4614 761 4694 ,populant

336 4701 350 4738 ⁶
366 4703 474 4765 Verba:
495 4705 568 4781 ,nisi
584 4737 627 4749 -
641 4707 823 4783 Augustum“
842 4711 1087 4774 111111111οο1.
1106 4714 1189 4790 Gap.
