3376 5392
363 450 423 514 142

354 655 531 721 missarium
561 659 594 720 et
623 659 858 736 procuratorem
896 655 1007 721 matris
1039 655 1114 721 dicti
1142 653 1327 738 Raphaelis;
1340 631 1590 759 *spondemus

352 761 435 842 quod
459 759 631 826 scribemus
654 760 686 823 in
709 777 817 825 eornm
841 757 982 826 fauorem
1005 760 1109 826 comiti
1125 766 1234 826 nostro
1259 758 1381 842 Spaleti
1396 759 1483 824 sicut
1499 759 1587 825 nobis

351 864 520 943 uidebitur,
544 869 581 929 ut
602 865 759 930 ministret
781 863 841 928 sibi
860 865 937 930 iuris
953 871 986 930 et
1001 865 1119 930 iustitie
1143 865 1284 930 debiturn
1307 865 1581 946 complementum.

395 967 444 1034 lo
468 968 631 1049 decimum,
655 987 712 1050 per
734 967 820 1050 quod
842 973 964 1050 petunt,
988 969 1072 1051 quod
1089 968 1291 1036 confirmetur
1306 970 1461 1053 magistro
1479 969 1588 1034 loanni

351 1073 562 1140 barbitonsori
584 1073 671 1138 locus
693 1071 858 1138 Racischie
882 1091 952 1138 cum
975 1073 1096 1140 iuribus
1119 1079 1152 1139 et
1174 1073 1374 1156 pertinentiis
1390 1073 1468 1154 suis,
1492 1079 1588 1154 prout

355 1177 415 1243 sibi
438 1177 545 1243 datum
569 1175 629 1242 fuit
651 1195 709 1260 per
739 1193 903 1244 commune
931 1175 1082 1256 curzule,
1113 1183 1147 1243 et
1176 1195 1255 1244 vnus
1284 1178 1365 1244 alius
1395 1177 1510 1258 planus
1533 1193 1590 1257 pro

353 1279 528 1349 edificando
551 1300 645 1346 unam
670 1281 804 1360 domum,
832 1298 894 1362 que
916 1281 986 1346 loca
1008 1281 1137 1347 luemnt
1168 1281 1228 1346 sibi
1251 1281 1328 1348 data
1349 1300 1407 1364 pro
1431 1280 1590 1347 solutione

353 1387 402 1452 sui
425 1386 530 1469 salarij
559 1391 623 1451 tam
646 1385 811 1467 presentis,
839 1403 932 1466 quem
955 1385 1070 1462 futuri;
1101 1385 1337 1467 respondemus,
1366 1386 1453 1468 quod
1477 1382 1589 1451 confir-

351 1509 473 1556 mamus
495 1490 598 1556 eidem
621 1490 772 1574 magistro
794 1491 905 1556 Ioanni
928 1489 1012 1555 dictu
1041 1489 1119 1574 loca,
1153 1491 1234 1556 sicut
1255 1491 1287 1555 in
1310 1491 1424 1558 eodem
1448 1488 1588 1571 capitulo

349 1595 534 1660 continetur.

392 1697 442 1763 Ad
464 1698 681 1780 undecimum,
710 1716 767 1779 per
796 1699 882 1780 quod
910 1703 1040 1780 petunt,
1071 1699 1155 1779 quod
1185 1717 1243 1781 pro
1274 1699 1535 1783 augmentatione
1556 1703 1587 1764 et

347 1803 543 1870 habitatione
566 1803 626 1869 loci
649 1802 784 1869 Curnule
806 1803 934 1870 ualeant
955 1803 1118 1868 debitores
1151 1804 1324 1870 uicinomm
1348 1823 1477 1870 suorum
1501 1804 1587 1870 babi-

347 1913 417 1972 tare
440 1908 472 1971 in
495 1906 632 1973 curnula
647 1909 715 1973 sine
732 1909 915 1990 grauamine
934 1908 1123 1974 creditorum
1141 1926 1250 1975 eorum
1266 1909 1306 1975 de
1320 1909 1459 1992 Ragusio
1477 1926 1586 1974 secun·

349 2012 423 2078 dum
446 2017 591 2078 tenorem
622 2014 732 2078 statuti
763 2014 811 2078 sui
842 2013 1012 2094 superinde
1042 2015 1197 2095 expressi;
1229 2014 1469 2096 respondemur,
1503 2012 1585 2094 quod

351 2136 459 2183 sumus
482 2117 621 2184 contenti
645 2118 726 2182 sicut
748 2117 779 2181 in
803 2117 942 2199 capitulo
970 2118 1156 2200 continetur,
1187 2118 1392 2202 intelligendo
1420 2117 1525 2184 solum
1548 2117 1587 2183 de

349 2222 545 2289 debitoribus
567 2221 793 2304 Raguseorum.

392 2328 438 2392 Ad
460 2326 688 2405 duodecimum,
712 2345 769 2408 per
792 2325 877 2408 quod
896 2331 1118 2409 exposuerunt,
1143 2328 1228 2408 quod
1243 2347 1301 2409 per
1324 2327 1471 2394 comitem
1496 2347 1587 2394 suum

348 2450 386 2498 ex
409 2432 625 2498 commissione
659 2430 824 2514 Capitanei
850 2431 1007 2513 generalis
1039 2429 1153 2515 Oulpbi
1183 2439 1399 2514 oggrauantur
1430 2431 1585 2500 officiales

349 2537 501 2620 trigesimi
524 2555 582 2619 pro
606 2535 711 2618 aliqua
734 2537 911 2617 quantitate
934 2537 1008 2603 salis
1032 2539 1137 2618 posita
1159 2537 1191 2601 in
1214 2537 1343 2604 ciuitate
1365 2537 1504 2604 Curzule
1529 2557 1583 2604 an·
1680 2625 1681 2630 ἵ

349 2645 476 2724 tequam
500 2642 602 2708 dictus
625 2641 712 2708 locus
735 2642 916 2724 perueniret
939 2642 980 2708 ad
1011 2661 1122 2708 manus
1146 2644 1245 2708 nostri
1269 2643 1408 2728 dominij,
1441 2663 1500 2726 pro
1524 2661 1586 2725 quo
1680 2669 1681 2672 ¹

348 2747 414 2814 sale
438 2749 567 2830 petebat
589 2749 720 2814 ducatos
736 2768 776 2812 xx
793 2768 850 2831 pro
866 2755 974 2814 cento:
999 2749 1238 2831 respondemus,
1264 2749 1349 2830 quod
1364 2749 1586 2816 mandabimus

284 2891 286 2898 ι
348 2855 454 2922 comiti
477 2859 585 2921 nostro
608 2853 750 2939 Gurzule,
786 2855 870 2935 quod
892 2854 1009 2921 debeat
1031 2854 1092 2920 sibi
1113 2854 1286 2921 obseruare
1309 2860 1430 2920 statuta
1451 2861 1486 2921 et
1509 2874 1582 2922 eon·

349 2959 514 3026 uentiones
537 2959 569 3024 in
591 2958 675 3024 sacto
699 2959 774 3026 dicti
802 2961 886 3040 salis,
918 2978 979 3042 que
1009 2960 1069 3026 sibi
1099 2961 1254 3042 permissa
1283 2958 1423 3038 fuemnt,
1456 2958 1583 3042 quando

352 3065 456 3131 dictus
479 3065 567 3132 locus
589 3064 677 3130 uenit
692 3064 733 3130 ad
748 3083 859 3130 manus
881 3071 1015 3132 nostras.

390 3170 440 3236 Ad
463 3171 617 3238 decimum
639 3171 777 3251 tertium,
801 3172 886 3253 quod
908 3170 1127 3239 confirmemus·
1147 3179 1250 3238 certas
1263 3171 1379 3238 salinas
1402 3170 1526 3254 Angelo
1550 3177 1584 3237 et

348 3277 457 3343 loanni
487 3277 638 3344 fratribus
661 3277 721 3343 sibi
752 3295 918 3344 concessos
948 3297 1005 3360 per
1027 3297 1191 3344 commune
1223 3277 1359 3344 Curzule
1381 3296 1451 3342 cum
1476 3277 1583 3343 condi·

347 3384 444 3462 tione,
469 3384 552 3466 quod
576 3383 709 3448 reddere
732 3387 915 3449 tenerentur
937 3382 1088 3448 decimam
1111 3382 1285 3464 communi;
1310 3391 1343 3448 et

390 3489 431 3554 ad
454 3488 765 3570 quartumdecimum,
788 3507 845 3569 per
868 3489 952 3570 quod
975 3494 1095 3570 petunt,
1120 3491 1204 3570 quod
1228 3489 1361 3571 quilibet
1384 3486 1583 3553 Curnulanus

347 3593 448 3676 possit
470 3593 574 3660 facere
597 3593 728 3659 salinas:
754 3593 988 3676 respondemus,
1013 3593 1097 3675 quod
1113 3595 1291 3660 audiuimus
1307 3593 1409 3659 omnia
1433 3598 1584 3659 contenta

347 3697 379 3761 iir
402 3696 493 3762 dictis
518 3695 688 3779 Capitulis;
719 3697 775 3762 sed
804 3697 960 3779 quianon
983 3697 1137 3764 habemus
1161 3699 1297 3780 aliquam
1326 3697 1581 3763 informationem

348 3821 405 3884 per
427 3819 520 3884 quam
543 3821 708 3884 possumus
731 3802 790 3868 sibi
806 3803 984 3869 conclusiue
1000 3803 1191 3884 respondere
1207 3805 1247 3869 de
1263 3805 1437 3869 intentione
1453 3809 1581 3880 nostra;

349 3906 592 3973 deliberauimus
615 3907 754 3973 scribere
778 3907 883 3973 comiti
906 3913 1012 3974 nostro
1037 3907 1180 3987 CurnnIe,
1210 3907 1294 3990 quod
1317 3906 1512 3988 adplenum
1535 3907 1581 3968 in·
1680 3945 1681 3956 2

346 4010 461 4079 formet
483 4018 624 4078 nostrum
648 4013 817 4077 dominium
841 4031 936 4094 super
959 4013 1102 4079 omnibus
1125 4014 1279 4079 contentis
1294 4015 1326 4078 in
1342 4013 1433 4078 dictis
1457 4010 1581 4076 duobus

346 4117 502 4199 capitulis,
534 4119 607 4200 quia
636 4118 745 4183 habita
773 4117 993 4185 informatione
1025 4138 1082 4184 sua
1111 4119 1151 4185 ad
1182 4120 1309 4202 plenum
1343 4119 1581 4200 prouidebimus

344 4221 428 4288 circa
451 4242 490 4288 ea
512 4223 650 4304 capitula
673 4223 755 4288 sicut
777 4223 1061 4306 nouerimusopus
1084 4243 1164 4290 esse.
1680 4295 1681 4298 ,

385 4326 433 4393 Ad
458 4328 600 4410 quintum
624 4328 788 4408 decimum,
817 4349 875 4410 per·
898 4329 982 4410 quod
1005 4335 1127 4412 petunt,
1157 4335 1193 4395 ut
1214 4331 1338 4412 possint
1361 4349 1395 4396 se
1418 4333 1580 4414 appellare
1680 4345 1681 4350 ’

342 4431 374 4497 in
406 4432 510 4498 causis
540 4433 606 4498 suis
640 4433 721 4500 sicut
753 4434 806 4517 alij
837 4433 948 4500 fideles
978 4438 1011 4500 et
1040 4434 1157 4500 subditi
1191 4437 1307 4516 nostri,
1340 4438 1578 4519 respondemus
1680 4479 1681 4488 κ

343 4535 427 4617 quod
450 4554 557 4603 sumus
580 4538 727 4618 contenti,
752 4544 784 4605 et
799 4537 903 4620 placet
918 4539 1017 4618 nobis,
1042 4540 1126 4620 quod
1148 4542 1271 4622 possint
1292 4543 1402 4608 uenire
1426 4542 1577 4610 Venetiae
1680 4597 1681 4622 2

344 4644 377 4705 et
398 4640 560 4722 appellare
582 4661 617 4708 se
639 4643 671 4708 in
694 4643 797 4708 causis
820 4645 885 4709 suis
908 4644 948 4709 od
970 4643 1025 4709 illa
1048 4641 1157 4723 offitia,
1182 4646 1263 4712 sicut
1284 4645 1404 4712 faciunt
1426 4647 1481 4731 alij
1507 4647 1578 4714 sub·
1679 4629 1681 4698 i

344 4743 401 4810 diti
424 4751 458 4812 et
479 4745 589 4814 fideles
612 4749 710 4814 nostri
734 4747 912 4814 Dahnstini.
