3416 5350
328 431 370 494 88

329 633 515 714 auunculos‚
539 639 730 700 materteras
753 631 952 711 aelamitae,
976 637 1053 698 ωηο
1075 631 1180 713 patrui
1210 635 1243 696 et
1270 630 1435 710 auunculi,
1458 631 1571 712 amite,
1667 655 1684 706 ·r

271 817 276 826 ι
328 743 503 818 matertere
526 737 734 819 proximiores
755 736 928 802 succedant
947 736 979 801 in
1004 735 1097 802 bonis
1121 733 1262 801 defuncti
1287 753 1345 817 pro
1370 733 1477 818 equali
1497 753 1571 817 por-
1682 731 1683 742 ’

331 843 429 909 tione.

369 943 403 1011 Si
418 962 495 1010 nero
510 943 625 1026 aliquis
642 943 775 1010 moritur
796 943 837 1010 ab
860 944 1010 1011 intestato
1028 943 1097 1010 sine
1111 897 1356 1011 escendentibus
1371 948 1405 1010 et
1427 942 1567 1010 descen·
1682 969 1683 972 ¹

331 1047 491 1133 dentibus,
516 1048 626 1113 relicto
649 1046 749 1114 fratre
772 1047 825 1113 uel
848 1066 957 1114 sorore
980 1065 1020 1113 ex
1034 1053 1126 1130 parte
1142 1048 1254 1114 matris
1269 1052 1393 1113 tantum
1409 1053 1443 1112 et
1458 1046 1571 1114 relicto

327 1153 390 1219 alio
413 1151 512 1216 fratre
535 1151 586 1216 uel
609 1171 717 1217 sorore
741 1171 780 1216 ex
802 1157 893 1233 parte
916 1152 1016 1234 patris
1039 1157 1163 1216 tantum
1186 1155 1220 1216 et
1241 1150 1351 1216 reficio
1376 1149 1439 1216 alio
1467 1149 1571 1216 matre

327 1256 379 1323 uel
403 1273 513 1321 sorore
536 1273 575 1320 ex
597 1261 689 1336 parte
712 1255 823 1321 matris
846 1261 980 1324 tautum.
1006 1253 1279 1320 tuncfrateruel
1301 1272 1456 1320 sorores
1479 1259 1572 1335 parte

328 1359 429 1443 patris
462 1359 634 1424 succedant
667 1357 817 1424 defuncto
847 1360 881 1423 in
910 1358 1002 1423 bonis
1033 1358 1192 1439 paternis,
1222 1356 1322 1424 frater
1344 1357 1396 1423 uel
1418 1375 1513 1423 soror
1534 1376 1573 1422 en

328 1468 421 1546 parte
444 1463 554 1528 matris
578 1461 750 1527 succedant
771 1463 803 1526 in
826 1462 918 1527 bonis
940 1462 1103 1527 maternis.
1126 1461 1165 1525 In
1187 1461 1259 1544 alijs
1281 1467 1389 1527 autem
1403 1462 1499 1528 bonis
1515 1461 1568 1528 de

329 1565 430 1632 functi
453 1566 580 1632 aliunde
603 1565 765 1647 acquisitis
788 1565 880 1630 ambo
905 1565 1062 1646 equaliter
1084 1565 1266 1631 succedant.

374 1669 408 1735 Si
431 1675 537 1736 autern
561 1669 676 1750 aliquis
700 1669 873 1734 decesserit
895 1670 935 1734 ab
958 1668 1111 1736 intestato
1133 1669 1243 1735 relicto
1266 1668 1366 1734 fratre
1388 1667 1443 1734 uel
1460 1684 1569 1735 sorore

331 1793 370 1842 ex
392 1779 485 1854 parte
507 1774 618 1840 matris
641 1777 765 1838 tantum
788 1778 823 1838 et
852 1773 963 1839 relicto
994 1771 1057 1839 olio
1086 1771 1186 1840 fratre
1209 1773 1262 1840 uel
1284 1791 1394 1840 sorore
1417 1791 1458 1839 ex
1479 1777 1572 1854 parte

330 1878 443 1942 matris
466 1881 600 1956 tantum,
624 1881 658 1942 et
679 1876 789 1943 relicto
813 1877 874 1942 alio
897 1874 996 1942 fratre
1019 1876 1072 1942 uel
1094 1893 1213 1958 sorore,
1247 1877 1300 1958 qni
1329 1877 1383 1944 uel
1413 1894 1479 1958 que
1502 1881 1571 1942 erat

331 1981 517 2048 coniunctus
540 1979 689 2046 defuncto
713 1999 752 2045 ex
774 1985 865 2062 parte
887 1981 987 2062 patris
1010 1985 1044 2048 et
1065 1979 1193 2046 matris:
1224 1984 1300 2046 tunc
1320 1979 1375 2046 ille
1397 1978 1502 2046 frater
1523 1979 1573 2046 nel

332 2101 424 2150 soror
431 2132 440 2166 ,
473 2085 527 2164 qui
556 2083 610 2148 uel
640 2100 702 2164 que
736 2083 801 2149 est¹
823 2083 1007 2148 coniunctus
1040 2083 1188 2150 defuncto
1211 2103 1250 2150 en
1272 2089 1408 2166 auoque
1430 2089 1571 2166 parente,

331 2187 503 2254 succedant
524 2186 557 2251 in
580 2187 673 2252 bonis
698 2187 844 2252 omnibns
867 2185 1007 2252 defuncti
1031 2191 1097 2253 tem
1119 2187 1270 2270 paternis,
1294 2206 1388 2269 quaro
1408 2188 1570 2271 maternis,

331 2309 427 2373 quam
447 2291 577 2357 aliunde
599 2290 772 2372 acquisitis.

375 2395 409 2460 b'i
432 2413 509 2460 uero
532 2393 646 2476 aliquis
669 2393 845 2460 decesserit
867 2393 907 2458 ab
923 2394 1083 2475 intestato,
1106 2393 1219 2462 relicto
1233 2412 1297 2461 uno
1319 2392 1384 2460 filio
1408 2400 1444 2461 et
1472 2393 1570 2461 irone

334 2503 519 2580 premortuo
543 2503 577 2564 et
599 2496 718 2564 relictis
742 2497 867 2563 duobus
889 2494 964 2579 filijs
993 2515 1031 2562 ex
1061 2497 1124 2564 alio
1154 2495 1255 2564 fratre
1283 2503 1480 2580 premortuo,
1502 2503 1573 2564 tuno

332 2601 408 2668 dicti
423 2605 555 2683 nepotes
571 2601 744 2668 succedant
759 2599 909 2668 defuncto
932 2602 965 2666 in
988 2601 1119 2684 stirpem
1139 2606 1173 2667 et
1188 2619 1252 2668 non
1267 2602 1300 2667 in
1315 2602 1430 2684 capita,
1455 2601 1569 2670 scilicet

331 2709 369 2770 ut
389 2709 514 2770 tantum
536 2704 655 2771 habeat
678 2705 718 2769 de
741 2705 833 2771 bonis
853 2703 994 2770 defuncti
1009 2723 1091 2771 unus
1111 2702 1196 2770 filius
1212 2723 1250 2770 en
1265 2704 1364 2771 fratre
1379 2709 1571 2788 premortuo,
1683 2749 1684 2752 ,

332 2813 485 2889 quantum
507 2806 648 2873 habeant
670 2808 724 2890 alij
749 2809 811 2873 duo
835 2827 874 2874 ex
896 2807 959 2874 alio
982 2807 1082 2874 fratre
1105 2815 1300 2890 premortuo.

376 2909 411 2976 Si
433 2929 511 2975 uero
535 2909 642 2992 aliqua
663 2908 730 2976 filla
752 2917 841 2976 esset
864 2909 974 2977 dotata
995 2930 1015 2977 a
1037 2917 1129 2994 patre
1150 2913 1203 2978 uel
1230 2918 1341 2994 matre,
1365 2915 1422 2978 aut
1443 2911 1486 2978 ab
1501 2909 1567 2992 aliis

334 3013 579 3080 ascendentibus
602 3013 655 3080 nel
684 3014 949 3080 descendentibus
964 3015 1017 3081 uel
1033 3014 1286 3093 collateralibus;
1309 3020 1365 3081 aut
1380 3013 1407 3082 si
1423 3014 1464 3081 de
1487 3012 1570 3079 bouis

331 3117 496 3183 morientis
519 3118 560 3182 ab
582 3118 734 3185 intestato
770 3117 890 3200 aliquid
920 3118 962 3183 od
985 3137 1056 3184 eam
1086 3119 1270 3200 peruenerit
1292 3123 1326 3184 et
1355 3136 1447 3185 casus
1470 3115 1570 3204 {couti-

333 3219 445 3302 geritl,
468 3219 554 3302 quod
575 3221 609 3286 in
632 3221 724 3286 bonis
746 3221 902 3288 dotatoris
924 3221 1050 3289 ueniret
1065 3222 1106 3288 ad
1122 3223 1354 3290 successionem
1369 3221 1410 3288 ab
1424 3224 1569 3288 intestato

337 3341 409 3389 curn
432 3322 505 3405 alijs
527 3323 770 3404 proximioribus
802 3323 941 3392 defuncti
972 3325 1146 3392 secundum
1176 3327 1295 3392 dictum
1326 3325 1480 3411 ordinem,
1503 3329 1570 3391 tunc

334 3427 410 3494 talis
432 3427 555 3501 mulier,
578 3428 631 3494 nel
653 3429 723 3493 eius
745 3427 880 3495 heredes
905 3429 1044 3497 debeant
1066 3428 1211 3497 conferre
1233 3435 1267 3496 et
1288 3429 1519 3496 communicare
1540 3431 1569 3494 et
1682 3421 1684 3488 ζ

333 3531 499 3597 remittere
521 3531 554 3594 in
577 3548 774 3597 communem
790 3532 1011 3614 hereditatem,
1036 3533 1189 3616 quidquid
1203 3533 1388 3616 peruenerit
1401 3533 1445 3598 ad
1460 3533 1567 3598 dictam
1682 3579 1683 3596 .

333 3633 498 3700 mulierem
521 3634 561 3700 de
583 3635 675 3700 bonis
697 3634 773 3700 dicti
796 3635 946 3720 defuncti,
970 3636 1023 3702 uel
1047 3635 1198 3717 defuncte
1222 3653 1370 3718 persone,
1393 3635 1509 3702 siunlt
1529 3633 1563 3700 sb

333 3737 485 3803 intestato
515 3755 586 3802 cum
616 3737 662 3803 eis
693 3738 803 3804 uenire
833 3738 874 3804 ad
904 3740 1154 3819 successionem;
1190 3747 1222 3808 et
1245 3739 1391 3822 predicta
1414 3737 1566 3804 successio

334 3839 583 3920 ascendentium,
616 3841 877 3908 descendentium
909 3849 943 3910 et
975 3843 1203 3910 collateralium
1226 3845 1268 3910 ab
1290 3844 1443 3909 intestato
1474 3841 1567 3908 locun

333 3943 461 4020 habeat,
485 3943 611 4024 quando
634 3951 743 4011 esseut
765 3946 831 4012 nati
851 3946 891 4011 de
907 3945 1048 4030 legitimo
1067 3945 1269 4014 matrimonio
1284 3945 1341 4030 illi,
1358 3946 1411 4028 qui
1427 3946 1566 4012 uenirent

335 4045 376 4111 ad
399 4046 649 4113 succedendum³
668 4048 710 4113 ab
733 4049 886 4115 intestato
910 4049 1064 4116 debonis
1088 4047 1238 4116 defuncti.

378 4148 459 4216 Item
491 4151 531 4215 ad
562 4149 701 4216 dandum
732 4151 898 4219 materiam
932 4152 1077 4219 omnibus
1107 4151 1289 4219 hominibus
1318 4157 1353 4218 et
1381 4151 1566 4228 mulieribus,

335 4252 419 4335 quod
442 4252 475 4317 in
499 4253 564 4317 ulta
596 4259 630 4319 et
659 4255 691 4318 iu
722 4256 860 4321 sanitate
889 4255 1029 4337 ipsorum
1061 4255 1199 4322 debeant
1228 4254 1336 4322 facere
1365 4259 1563 4323 testamenta:

334 4358 490 4423 statutum
513 4362 547 4421 et
569 4357 749 4423 ordinatum
771 4365 823 4426 est
845 4365 878 4425 et
900 4359 1105 4438 declaratum,
1138 4377 1200 4424 uon
1224 4359 1426 4426 obstantibus
1456 4359 1489 4424 in
1514 4357 1566 4422 boo

382 4599 394 4634 ¹
416 4602 473 4677 Ap.
497 4601 622 4679 ujus:
649 4597 762 4686 ,erat‘.
856 4599 1003 4665 5'ibidz
1029 4620 1118 4681 ,casu
1145 4598 1340 4681 contigeret“.
1435 4600 1562 4664 ⁸ibio.:

339 4687 606 4766 ,successissent
949 4699 955 4710 '

1679 4617 1684 4792 r

1676 4915 1684 5080 ⁴
