3396 5402
202 793 270 838 GAI’·
293 793 436 837 Iamm-
461 792 625 838 ouenonma
647 792 711 836 mon
733 790 973 837 anonumum(
995 793 1016 834 Δ
1039 791 1199 837 woronna.

129 911 222 992 Item,
247 911 330 994 quod
354 911 531 994 quicunque
554 916 688 994 poneret
702 909 886 993 petitionem
902 929 960 994 pro
976 909 1091 991 aliquo,
1115 910 1200 991 quod
1215 913 1318 974 entra·

86 1015 180 1083 iratur
202 1015 243 1082 de
265 1016 412 1100 guado,
436 1015 542 1084 soluat
563 1015 689 1083 nomine
710 1032 832 1098 poenae
853 1032 1024 1098 yperperos
1046 1033 1114 1080 xxv.

149 1229 217 1274 aar.
240 1229 396 1272 nxxxmn.
428 1229 629 1274 rornnaarmr
650 1229 713 1274 nor
735 1229 1008 1274 anummnoamr
1030 1230 1064 1272 nr
1086 1205 1255 1273 uouemo.¹

128 1345 219 1430 item,
243 1346 327 1428 quod
350 1346 378 1413 si
400 1347 471 1430 quia
493 1351 627 1430 poneret
647 1345 842 1430 petitionem,
863 1345 916 1412 uel
939 1351 1124 1430 arrengaret
1140 1345 1319 1429 proaliquo

87 1451 241 1535 populari,
263 1457 299 1518 ut
319 1457 456 1534 ponetur
478 1452 510 1516 in
533 1451 673 1531 oonsilio,
707 1452 812 1520 soluat
844 1449 1162 1518 irremissionebilitor
1192 1445 1318 1516 nomine

89 1574 209 1640 poenae
242 1555 373 1622 ducatos
407 1561 531 1623 eentum
554 1555 622 1621 auri
645 1561 679 1621 et
701 1554 788 1622 solus
811 1555 926 1638 perdat
958 1553 1138 1634 consilium,
1172 1553 1198 1620 si
1222 1551 1319 1620 fuerit

89 1659 300 1740 consiliarium
335 1660 423 1726 ouius
457 1675 579 1744 poenae
612 1659 766 1728 medietas
788 1661 830 1725 sit
852 1665 887 1727 et
907 1659 1075 1742 perueniat
1095 1659 1127 1724 in
1157 1675 1315 1725 tumerem

90 1764 226 1850 dominij,
242 1763 294 1832 uel
321 1765 452 1846 sumitis,
479 1765 533 1847 qui
549 1765 612 1830 erit
625 1771 658 1831 et
673 1764 735 1831 alia
749 1764 902 1832 medietas
916 1764 948 1830 in
964 1761 1136 1830 Commune
1152 1759 1318 1828 Gurnulae.

213 1977 282 2022 UAP·
304 1979 437 2022 DXXXIX.
466 1979 621 2024 nonanus!
643 1979 829 2024 mannua
850 1979 1001 2024 nnuman
1024 1977 1194 2024 sonuum.

14 2179 16 2188 ,
130 2097 210 2164 Item
234 2101 360 2180 captum
382 2095 451 2177 fuit
475 2095 560 2179 quod
576 2099 603 2163 ei
631 2097 701 2179 quie
716 2097 830 2164 nobilis
851 2097 1029 2180 reperietur
1043 2097 1075 2162 in
1091 2095 1185 2174 furto,
1209 2094 1322 2178 perdat

92 2200 226 2270 officium
250 2207 284 2268 et
303 2199 490 2268 benefitium
512 2200 544 2267 in
567 2207 771 2284 perpetuum;
806 2208 839 2268 et
871 2203 924 2284 qui
958 2207 1092 2284 poneret
1124 2199 1319 2283 petitionem,

15 2343 16 2348 =
92 2307 171 2390 quod
193 2305 382 2374 restituatur
403 2304 464 2372 sibi
486 2303 575 2384 fides,
598 2305 648 2373 uel
671 2303 818 2385 officium,
842 2305 948 2372 soluat
962 2305 1092 2372 ducatos
1109 2310 1235 2370 centurn
1249 2302 1320 2368 auri

92 2413 214 2478 nomine
249 2427 388 2495 poenae,
422 2428 480 2493 pro
502 2409 672 2478 medietate
701 2427 845 2478 cumeneo
878 2409 978 2493 regali
1000 2415 1034 2476 et
1055 2408 1119 2476 alit
1148 2407 1320 2476 medietate

93 2512 254 2583 Communi
276 2513 441 2584 Gurzuuae.

383 2728 450 2772 OAP·
473 2727 523 2772 10·
547 2727 699 2772 annom
720 2729 868 2773 nonum
890 2727 1021 2772 nunu.

130 2846 228 2944 item,
251 2845 337 2928 quod
368 2845 419 2930 gei
441 2845 538 2912 sitin
560 2845 677 2930 (teigne
690 2843 787 2912 Biata
809 2864 867 2928 per
889 2863 1034 2929 eampum
1067 2846 1195 2930 planum
1230 2850 1321 2913 entra

96 2950 252 3036 egreiam,
276 2950 385 3032 itaque
407 2949 585 3032 quicunque
608 2949 796 3032 pascuiabit,
820 2950 871 3016 uei
895 2956 995 3017 metet
1016 2951 1105 3032 eiius,
1128 2969 1222 3034 quam
1237 2948 1321 3017 ordi·

14 3121 16 3126 .
95 3054 227 3136 uehitur,
252 3055 357 3121 soluat
378 3053 505 3120 nomine
527 3071 649 3138 poenae
671 3071 842 3136 yperperoe
857 3053 946 3134 duos,
968 3073 1026 3138 pro
1042 3054 1212 3123 medietate
1229 3051 1321 3119 Gom·

94 3159 175 3224 muni
197 3164 231 3225 et
253 3157 318 3224 alie
339 3158 525 3224 accusatori.

132 3263 211 3330 Item
233 3263 266 3329 in
289 3263 399 3330 eodem
432 3261 562 3328 oonsilio
594 3269 721 3346 septum
742 3261 817 3341 fuit,
852 3262 937 3346 quod
966 3263 1080 3330 amodo
1111 3263 1143 3328 in
1166 3267 1259 3329 antea
1280 3261 1320 3326 Ι).

95 3367 269 3450 Epieoopue
291 3384 355 3432 non
376 3367 479 3449 possit
511 3365 616 3434 fouere
649 3365 785 3448 aliquem
818 3367 1001 3450 popularem
1035 3366 1218 3434 canonicum
1252 3365 1320 3433 sine

92 3473 252 3540 uoluntate
274 3471 405 3554 ooneiJiJ.

457 3649 524 3694 ΟΔΡ.
547 3649 610 3694 101.
634 3648 794 3694 oonmm
816 3649 957 3695 mutale.

14 3865 16 3868 .
133 3766 213 3834 Item
238 3765 346 3832 datum
369 3764 430 3830 fuit
452 3765 493 3832 ad
516 3765 774 3834 consuetudinem
799 3765 953 3834 GurzuIae
976 3766 1017 3833 ad
1039 3767 1241 3850 plantandum
1259 3766 1322 3834 De·

96 3871 203 3938 metrio
227 3869 432 3938 Milithieuieh
460 3889 522 3936 vna
544 3875 632 3937 terre
654 3869 836 3938 Communis
859 3876 892 3938 et
913 3867 1008 3938 ieoiet
1029 3870 1058 3939 ei
1080 3871 1322 3940 instrumentum

96 3993 190 4059 prope
212 3974 322 4042 Marto
345 3974 499 4042 Praetioh.

166 4189 232 4234 oar.
257 4189 331 4234 xon.
354 4190 396 4234 on
419 4188 612 4234 einamma
634 4189 799 4236 reomense
820 4189 855 4234 nr
877 4189 979 4234 ranan
1001 4165 1243 4236 snuanamnenst

14 4369 16 4378 ,
137 4305 215 4375 Item
238 4311 366 4391 oeptum
382 4305 451 4386 fuit,
474 4305 558 4390 quod
573 4307 714 4374 Ioannes
730 4307 886 4387 RadetIni
913 4315 946 4374 et
960 4327 1020 4375 ser.
1038 4306 1200 4376 Chiriaous
1214 4309 1322 4377 Lunae

14 4461 16 4508 3
99 4411 215 4492 possint
244 4411 305 4478 eibi
318 4468 320 4476 .
333 4409 438 4478 faeere
473 4409 584 4478 domos
606 4411 639 4477 in
662 4412 743 4479 ualle
773 4411 970 4480 Saualatizee
1004 4419 1039 4480 et
1070 4413 1215 4481 similiter
1243 4413 1322 4481 luen

14 4523 16 4608 j
101 4512 269 4597 Geprinioh‚
292 4513 436 4583 muenia
458 4521 648 4584 tamennon
671 4515 703 4583 in
725 4517 829 4584 medio
853 4517 955 4598 vallia,
979 4517 1035 4586 sed
1058 4517 1090 4584 in
1112 4523 1221 4601 parte3
1244 4537 1324 4604 quae

14 4641 16 4732 ss
143 4673 152 4709 ¹
168 4675 210 4738 uf.
227 4693 314 4752 supra
329 4693 403 4751 uap.
421 4675 471 4737 Vl.
488 4677 601 4750 atque
616 4677 732 4738 XXVII.
749 4677 904 4739 Reform.

14 4757 16 4848 3
144 4757 388 4843 'Reformationa
404 4763 458 4822 snb
473 4779 550 4839 oap.
574 4765 728 4826 CXXXIII.
752 4765 911 4826 Reform.
935 4765 1034 4836 uitato,
1057 4765 1193 4826 statuitur
1215 4765 1321 4841 modus,

14 4861 16 4946 i
105 4864 154 4922 quo
168 4851 388 4912 constructiones
403 4851 546 4911 domorum
562 4851 592 4911 in
608 4853 682 4912 valle
696 4853 890 4928 eupraeoriptu
904 4853 965 4914 fieri
980 4855 1106 4930 possunt.
