3396 5402
1296 479 1355 540 103

111 680 191 746 dem
214 679 343 746 iuemnt
377 682 545 764 consiiiarij
569 681 671 766 lxxiv„
707 683 924 764 discrepantes
948 701 1023 748 vero
1048 683 1103 764 irc,
1136 683 1219 763 quod
1244 683 1355 748 amodo

110 786 145 850 in
170 792 267 851 antee
297 786 458 868 quaelibet
480 805 570 868 pars,
602 806 683 869 quae
714 793 884 869 poneretur
915 793 948 852 et
978 789 1109 853 deberet
1132 789 1205 870 poui
1228 788 1259 851 in
1283 805 1355 853 con-

110 889 188 955 silio
213 891 355 972 generali
391 891 529 956 ciuitatis
553 889 708 958 Curuulae
730 892 762 956 in
784 891 925 958 iauorem
962 893 1199 972 cuiuscumque,
1235 899 1299 956 tam
1322 892 1355 956 in

110 996 270 1062 electione
287 995 468 1062 officialium
484 996 629 1074 ciuitatis,
652 1015 746 1078 quam
762 1017 800 1062 ex
816 1015 911 1062 causa
926 997 1064 1063 cuiusuis
1082 998 1138 1076 rei,
1163 997 1213 1062 vel
1230 1015 1353 1076 causae,

110 1101 201 1180 quod
226 1119 335 1166 omnes
358 1106 391 1165 et
414 1101 538 1183 singuli,
563 1102 617 1182 qui
638 1101 757 1166 fuerint
780 1109 813 1166 et
835 1101 938 1168 forent
963 1103 1003 1168 de
1025 1102 1303 1184 consenquinitate
1322 1106 1356 1166 et

109 1206 282 1288 parentela
304 1206 415 1284 iilius,¹
437 1224 611 1288 perquem
636 1208 752 1273 debeat
774 1207 848 1288 poni
873 1207 904 1271 in
928 1207 1057 1272 consilio
1080 1225 1172 1288 pars,
1210 1206 1355 1272 videlicet

109 1317 224 1394 pater,
250 1331 344 1396 auuS,
368 1310 465 1389 filius,
489 1311 604 1390 frater,
629 1329 737 1393 nepot,
763 1317 908 1394 patruus,
934 1309 1116 1388 avunculus,
1141 1317 1292 1393 cognatus
1316 1329 1355 1376 ex

110 1421 250 1498 meaque
272 1422 373 1497 parte,
397 1415 578 1498 petrignus,
614 1415 779 1497 priuignus
803 1423 835 1480 et
859 1415 975 1480 iratres
1000 1415 1193 1494 consobrini,
1218 1416 1354 1480 debeant

111 1523 223 1588 statim
246 1521 331 1587 exire
355 1520 395 1584 de
418 1521 489 1603 ipso,
510 1521 656 1598 consilio,
690 1522 748 1586 sub
772 1539 875 1602 poena
906 1521 1048 1601 qualibet
1071 1521 1138 1584 rice
1160 1520 1354 1602 delinquenti

111 1633 145 1692 et
168 1645 228 1708 pro
252 1643 440 1706 maquaque
464 1627 530 1691 vice
554 1624 791 1690 corrtreiacieuti
814 1644 1042 1708 yperperorum
1065 1625 1215 1702 duorum,
1247 1627 1352 1690 statim

112 1731 282 1796 Communi
305 1730 527 1796 soluendorum
551 1729 618 1794 siue
641 1731 824 1795 remissione
848 1730 970 1812 aliqua3
995 1736 1027 1794 ct
1050 1729 1112 1808 ille,
1137 1729 1190 1810 qui
1213 1727 1296 1794 foret
1313 1730 1352 1795 de

114 1835 172 1901 tali
197 1836 488 1916 consenquinitate,
507 1855 569 1900 non
592 1835 691 1917 possit
714 1835 807 1900 modo
830 1833 934 1916 aliquo
955 1834 1110 1899 ballotare
1126 1839 1160 1898 et
1176 1833 1202 1898 si
1219 1840 1353 1916 poneret

114 1941 278 2019 ballotam,
311 1941 395 2020 quod
417 1959 490 2022 pars
513 1941 568 2004 ilia
588 1939 705 2004 nullam
731 1939 872 2005 obtineat
894 1937 1083 2018 firmitatem,
1113 1937 1174 2004 imo
1199 1938 1241 2004 sit
1263 1957 1352 2004 cassa

115 2046 225 2112 statim
247 2051 280 2110 et
302 2045 418 2110 nulIIus
442 2045 565 2128 valerie,
590 2052 621 2110 et
644 2045 759 2110 iterato
782 2045 896 2110 debeat
915 2043 1068 2110 ballotari.

170 2278 241 2322 CAP-
266 2278 381 2322 CXXXV.
406 2279 558 2321 COMMUNE
580 2278 703 2320 sannen
725 2279 764 2320 ΕΤ
788 2277 932 2321 ΟΗΖΔΒΔΕ
954 2279 1090 2321 ΕΔΟῙΔΝΤ
1113 2277 1292 2321 Potamos.

155 2395 241 2462 Item
272 2400 399 2476 captum
428 2394 487 2460 fuit
517 2414 574 2478 per
604 2394 740 2460 bellotae
770 2393 822 2477 lxj.
846 2396 896 2461 die
918 2395 979 2460 xiv.
1002 2395 1095 2481 Iulii,
1130 2395 1214 2477 quod
1242 2393 1350 2460 illido

15 2537 20 2555 ι
110 2499 205 2566 Blata
228 2506 262 2566 et
284 2498 405 2564 Chzara
427 2501 549 2582 possint
572 2500 677 2566 iecere
699 2501 854 2581 planarios
878 2501 918 2565 ad
940 2500 1021 2566 velle
1044 2501 1193 2582 ipsorum.

192 2733 262 2776 OAP.
287 2735 416 2776 CXXXVI.
447 2735 581 2776 vufflens
604 2735 646 2776 DII
668 2735 745 2778 LOCO
767 2733 935 2776 nnsnlnnsso
958 2733 1021 2775 NON
1044 2709 1270 2776 adcurandum¹

154 2849 241 2916 Item
264 2851 295 2914 in
318 2849 401 2916 dicto
436 2849 564 2915 consilio
599 2857 725 2933 captum
749 2851 809 2916 suit
831 2871 888 2933 per
908 2850 1044 2916 ballotas
1066 2851 1108 2914 ix.
1133 2850 1256 2916 nemme
1286 2849 1347 2914 dis·

114 2966 274 3038 crepante,
298 2955 382 3036 quod
405 2955 516 3021 amodo
539 2957 571 3020 iu
595 2963 690 3021 antea
704 2957 818 3038 nullus
843 2957 896 3037 qui
911 2957 1033 3022 veniret
1048 2957 1087 3022 de
1102 2956 1170 3021 loco
1186 2951 1347 3037 pestifero,

114 3065 298 3142 receptetur
319 3060 351 3124 iu
374 3060 503 3126 cluitate
526 3061 619 3126 modo
643 3063 756 3142 aliquo,
780 3062 839 3125 msi
862 3061 923 3144 iiie,
948 3061 997 3127 vel
1020 3061 1073 3138 ilii,
1098 3061 1147 3126 cui
1167 3060 1218 3126 vel
1234 3058 1348 3141 quibus

117 3183 213 3246 usque
236 3166 270 3230 in
292 3165 452 3247 praesenti
476 3159 527 3230 die
551 3165 659 3230 datum
682 3163 777 3230 luerit
800 3163 976 3230 confinium.

184 3397 253 3441 cAP.
278 3397 418 3440 CXXXVII.
443 3399 484 3439 DE
506 3396 598 3440 etms
622 3397 829 3440 oonrlnmffls
852 3398 885 3438 ln
908 3395 1065 3439 erronum
1086 3397 1125 3438 m
1149 3397 1282 3440 cnzAnA.

155 3513 237 3580 item
261 3513 400 3578 indicto
434 3513 563 3578 consilio
597 3511 772 3578 confirmati
806 3513 894 3579 fuere
917 3513 987 3595 Gaij
1010 3514 1042 3578 iu
1066 3512 1232 3596 Smoguiza
1261 3519 1294 3580 et
1315 3514 1348 3579 iu

115 3616 246 3684 Chaara.
280 3617 439 3684 Videlicet
460 3619 492 3682 in
517 3615 639 3684 Clrzara
668 3619 844 3700 incipiendo
867 3619 907 3684 ab
931 3617 1073 3684 Ecclesia
1105 3619 1210 3684 Sancti
1234 3617 1347 3685 licitae

15 3709 17 3762 5
118 3724 156 3790 de
177 3725 323 3806 Praprat,
346 3743 444 3805 usquc
467 3723 507 3788 ad
530 3728 669 3789 montem
691 3730 837 3798 vocaturn
852 3723 950 3790 Csbal
965 3732 997 3791 et
1012 3743 1112 3807 usque
1128 3725 1168 3790 ad
1194 3742 1344 3789 cacumen

118 3827 297 3896 Cernousco
320 3829 418 3895 berdo
441 3835 474 3894 et
495 3846 593 3910 usque
610 3829 650 3894 ad
673 3847 821 3896 cacumen
836 3831 951 3895 montis
966 3831 1069 3896 vocati
1084 3829 1228 3896 Gemilno
1243 3829 1343 3895 berdo

115 3939 147 3999 et
166 3935 207 4000 ad
230 3952 380 4000 cacumen
401 3925 517 4000 montis
541 3935 713 4014 sequentis.

309 4164 375 4210 (IAP.
400 4167 553 4210 cxxxvm.
577 4167 620 4208 DE
641 4167 737 4210 DA'HO
760 4167 865 4223 nuum,
889 4167 948 4210 SEU
969 4143 1157 4210 ΓΒᾸῘΜΕΗΉ.Ω

15 4361 16 4368 ¹
154 4284 235 4350 Item
258 4283 346 4349 vadit
368 4303 443 4366 pars
466 4285 493 4350 si
514 4283 641 4349 videtur
663 4283 802 4364 consilio,
828 4285 912 4366 quod
930 4285 1042 4351 amodo
1066 4285 1098 4350 iu
1121 4291 1215 4350 antea
1230 4283 1257 4350 si
1276 4286 1346 4366 quts

15 4411 17 4462 3
117 4387 255 4469 lorensis
279 4389 329 4455 vel
351 4390 464 4472 alionis
487 4389 568 4456 alter
587 4391 657 4456 loco
680 4391 728 4455 sui
751 4399 881 4468 emeret,
905 4391 1041 4457 antemi
1065 4389 1191 4470 Iaceret,
1227 4395 1291 4455 tam
1314 4389 1346 4454 iu

15 4497 17 4566 ζ
119 4494 241 4562 cluitste
264 4494 428 4576 cumulas,
453 4513 546 4578 quam
570 4513 767 4579 quocumque
790 4496 852 4564 elio
867 4496 936 4563 loco
951 4495 1052 4578 ipsius
1068 4496 1189 4564 insulae
1206 4495 1343 4578 bladum,

161 4688 609 4767 ¹df.aap.cv111.statuti.

162 4773 233 4844 ⁹Oi.
248 4798 336 4859 supra
350 4799 427 4860 cap.
443 4781 476 4846 L.
492 4782 650 4844 statuti.
