3416 5350
1329 417 1369 480 79

8 625 9 628 ’
123 612 321 681 distribuere
344 614 430 682 dicto
445 615 551 700 legata
565 615 648 680 infra
668 633 765 682 unum
787 634 913 695 annum,
936 617 1178 700 computandum
1210 619 1370 685 amorte¹

8 727 10 792 j
122 719 304 798 testatoris,
328 720 355 783 si
377 719 532 786 terminus
553 737 616 784 non
645 717 742 786 fuerit
764 720 926 802 appositus
949 739 1008 802 per
1029 721 1150 804 ipsum*
1171 727 1369 788 testatorem.

123 819 169 886 Et
201 822 231 886 si
260 823 415 888 terminus
437 821 534 889 fuerit
555 823 736 904 appositus,
768 823 948 890 distributio
964 829 998 890 et
1021 825 1166 890 executio
1188 825 1375 895 testamenti

125 921 185 990 fiat
201 943 264 1007 per
278 927 511 992 commissarios
527 925 560 990 in
583 926 728 1011 termino,
752 927 897 993 ordinato
921 946 941 992 a
963 926 1123 994 defuncto.

169 1028 218 1092 Et
241 1029 327 1110 quod
351 1030 426 1094 dicti
448 1029 653 1112 commissarij
676 1047 740 1095 non
767 1031 892 1112 possint
907 1031 1112 1114 appropriare
1127 1033 1159 1096 in
1175 1051 1210 1100 se
1227 1033 1267 1100 de
1282 1033 1374 1100 bonis

125 1130 207 1196 dicti
231 1135 405 1213 testatoris,
429 1151 488 1198 nec
510 1131 660 1216 uendere,
683 1133 834 1212 alienare,
867 1134 919 1200 uel
949 1135 1026 1200 dara
1057 1135 1151 1200 alicui
1182 1138 1370 1221 consangui-

8 1303 10 1334 ἶ
125 1253 265 1301 neorum
288 1255 417 1303 suorum
441 1237 595 1318 usquein
617 1236 750 1310 tercium
773 1237 907 1318 gradum
929 1239 1187 1322 consanguinitas
1214 1239 1271 1324 ,uei
1302 1239 1372 1306 atfi-

125 1339 254 1404 nitatis.
289 1339 333 1406 Et
354 1346 523 1408 teneantur
544 1339 678 1407 reddere
712 1339 864 1408 rationem
899 1341 1068 1408 heredibus
1097 1344 1315 1424 testatorum,
1345 1343 1373 1410 si

8 1523 10 1528 Ι
126 1441 253 1510 fuerint
274 1443 419 1522 heredes,
442 1449 475 1510 et
497 1446 524 1508 si
546 1443 680 1511 heredes
704 1461 766 1530 non
788 1443 922 1519 inerint,
954 1445 1091 1510 reddant
1120 1449 1274 1514 rationem
1297 1465 1371 1530 pro·

126 1544 352 1628 pinquioribus
368 1547 509 1614 defuncti
525 1547 565 1614 de
580 1547 852 1614 administratione
867 1548 951 1628 dicte
973 1551 1187 1630 commissuris
1211 1550 1270 1616 sub
1286 1568 1372 1632 pena

126 1669 204 1716 xxv
228 1651 391 1732 librarum,
415 1659 448 1718 et
470 1651 682 1730 nihilominus
708 1668 792 1732 pena
814 1651 920 1716 soluta
942 1651 995 1718 uel
1022 1671 1103 1734 non,
1134 1671 1260 1737 semper
1279 1660 1370 1721 tene-

127 1759 229 1819 antur
251 1756 294 1820 ad
316 1756 432 1821 dictam
456 1755 610 1822 rationem
629 1752 815 1834 faciendam,
840 1773 903 1821 non
919 1755 1146 1837 preindicando
1162 1758 1373 1840 possessioni‘

8 1951 9 1954 Ἴ
132 1857 173 1924 de
196 1858 283 1924 lecto
307 1859 472 1926 uiduitatis
494 1865 560 1924 tam
582 1860 614 1922 in
637 1859 716 1940 uiro,
740 1877 834 1940 quam
856 1859 889 1922 in
912 1857 1039 1938 femina.

171 1960 218 2027 Et
242 1963 372 2046 iudices,
396 1962 450 2044 qui
472 1961 591 2028 inerint
612 1980 707 2043 super
729 1963 844 2042 usuris,
880 1963 1096 2046 constringant
1117 1965 1204 2046 ipsos
1226 1966 1371 2031 commis·

8 2077 10 2142 ζ
128 2067 234 2132 sarius
257 2085 297 2133 ex
319 2073 471 2150 precepto
495 2067 537 2132 ad
559 2065 780 2147 complendum
803 2066 921 2132 dictum
944 2071 1169 2134 testamentum
1198 2070 1257 2135 sub
1287 2087 1372 2151 pena

129 2177 258 2236 centnm
280 2171 441 2250 librarum,
464 2171 688 2236 soluendarnm
710 2187 767 2252 per
790 2169 890 2236 dictos
906 2173 1155 2252 commissarios;
1178 2173 1268 2238 ouius
1283 2189 1367 2255 pene

129 2272 286 2340 medietas
308 2275 351 2340 sit
372 2273 556 2352 communis,
579 2273 642 2338 alia
664 2275 852 2339 accusantis.

171 2377 218 2442 Et
241 2378 268 2441 si
290 2377 411 2444 indices
426 2377 561 2460 predicti
575 2377 661 2459 ipsos
677 2375 907 2442 commissarios
926 2377 1145 2458 constringere
1161 2377 1370 2462 neglexerint,

8 2471 9 2488 ³
130 2480 262 2546 soluant
283 2499 342 2563 pro
365 2499 429 2548 uno
452 2498 577 2564 quoqne
600 2482 758 2547 communi
781 2478 903 2562 Spalati
926 2479 1024 2546 libras
1047 2481 1309 2565 quinquaginta⁶3
1338 2488 1372 2548 et

8 2659 9 2668 ἵ
129 2602 259 2666 semper
283 2589 452 2652 teneantur
475 2585 551 2650 dicti
574 2585 780 2666 commissarij
804 2583 976 2650 heredibus
999 2603 1057 2650 seu
1090 2585 1369 2667 propinquioribus

8 2729 9 2748 r
130 2686 275 2754 defuncti
298 2689 338 2754 de
361 2689 633 2770 administratione
656 2688 731 2753 dicti
754 2688 937 2754 testamenti
959 2691 993 2753 et
1026 2687 1110 2768 dicte
1141 2689 1372 2768 commissario,

8 2807 10 2876 ss
130 2795 166 2856 ut
191 2792 312 2856 dictum
336 2798 395 2869 est,
419 2791 553 2858 reddere
575 2792 733 2872 integram
756 2795 790 2856 et
813 2790 953 2867 debitam
976 2791 1139 2856 rationem.

171 2894 216 2960 Et
248 2901 362 2976 rector,
395 2896 448 2977 qui
478 2913 536 2976 pro
558 2901 702 2975 tempore
724 2893 822 2959 suerit
850 2893 883 2958 in
907 2893 1036 2958 ciuitate
1060 2891 1200 2974 Spoleti,
1226 2893 1371 2974 predicte

131 3004 286 3081 precepta
308 3005 342 3064 et
364 3000 522 3077 mandata,
546 3015 608 3079 que
631 2995 709 3065 fient
731 3015 789 3079 per
812 2997 912 3062 dictos
934 2997 1055 3062 iudices
1079 3014 1177 3077 super
1191 2997 1297 3062 usuris
1312 3015 1371 3078 pro

8 3167 9 3182 ,
131 3103 372 3169 executionibus
392 3102 547 3168 dictomm
569 3106 843 3183 testamentorum,
867 3105 1012 3166 teneatur
1034 3099 1161 3165 uinculo
1176 3100 1372 3183 ,sacramenti

132 3206 310 3272 executioni
333 3205 441 3286 debite
465 3204 637 3272 efficaciter
659 3203 859 3270 demandare.

257 3451 324 3496 GAP.
348 3452 437 3494 mv.
461 3453 503 3494 DE
526 3451 633 3495 UXOR!
655 3451 849 3494 mmmmm
871 3448 945 3494 POST
967 3450 1100 3493 anm
1122 3449 1245 3492 mentm.

170 3567 257 3633 Ibem
285 3572 440 3633 statutum
473 3573 507 3633 et
529 3567 709 3634 ordinatum
731 3571 788 3646 est,
813 3565 898 3647 quon
920 3567 948 3632 si
970 3565 1041 3647 quis
1064 3565 1238 3631 decesserit
1259 3564 1302 3631 ab
1324 3565 1372 3630 in·

8 3679 10 3754 {
131 3675 263 3750 testato,
287 3688 397 3736 carens
419 3669 493 3753 filijs
517 3676 551 3736 et
572 3671 742 3752 nepotibus
761 3687 819 3751 per
834 3668 950 3736 lineam
965 3669 1210 3736 descendentem
1225 3674 1258 3734 et
1272 3667 1372 3735 habu·

8 3793 10 3850 ς
132 3774 190 3838 erit
206 3791 342 3839 uxorem
358 3779 392 3839 et
407 3773 556 3839 introitus
575 3773 731 3841 bonorum
747 3772 796 3838 sui
810 3773 915 3838 mariti
930 3771 1091 3838 ualuerint
1105 3771 1267 3838 annuatim
1288 3771 1374 3837 ultra

8 3889 12 3960 t
130 3878 228 3942 arnt·
257 3877 409 3942 librorum
431 3895 620 3959 paruerum:
645 3877 685 3941 de
707 3877 806 3941 xxx²⁸
836 3877 926 3942 libris
944 3876 1030 3942 dicta
1052 3894 1131 3942 uxor
1155 3875 1199 3941 sit
1214 3879 1372 3954 contenta,

8 4009 14 4050 a
131 3981 169 4048 de
199 3981 364 4064 superfluo
395 3981 511 4046 dantur
540 3980 569 4046 ei
593 3986 816 4060 procuratores
839 3999 897 4062 per
920 3980 1056 4059 cunum,
1087 3979 1141 4062 qui
1163 3979 1224 4060 ipsi
1247 3977 1373 4044 mulieri

8 4053 13 4156 ἶ
133 4086 324 4166 prouideant
353 4085 393 4151 de
427 4085 519 4150 dictis
549 4085 650 4149 xxxi·
682 4085 787 4166 libris,
822 4081 1016 4165 superfluum
1050 4083 1090 4148 de
1124 4081 1307 4149 introitibus
1341 4085 1376 4146 et

8 4233 10 4284 ξ
134 4189 310 4256 redditibus
340 4188 535 4255 distribuant
567 4207 624 4270 pro
656 4187 762 4254 anima
791 4187 891 4270 ipsius
915 4186 1055 4254 defuncti
1085 4203 1188 4268 usque
1212 4185 1287 4251 dnm
1309 4184 1379 4267 ipsa

133 4355 336 4367 ψ-

8 4493 9 4500 ,
173 4431 184 4468 ¹
205 4435 263 4512 Ap.
287 4435 416 4510 Ljub.:
442 4427 562 4510 ,dicut
654 4429 667 4467 ⁹
688 4433 781 4492 Deest
809 4431 911 4494 ibid
1005 4427 1155 4492 ⁸ibid:
1172 4429 1374 4510 „testatoris“.

134 4516 272 4582 ⁴ibid:
297 4519 563 4602 „possessionem“.
634 4515 777 4580 ⁶ibid.:
803 4517 1014 4596 ,paruerum“.
