3416 5350
1359 484 1400 549 89

151 709 237 759 essu
262 691 330 771 his,
354 707 417 773 quo
448 689 534 756 dictu
563 694 638 756 sunt
660 706 771 772 supro,
805 686 892 769 quod
921 686 948 752 si
979 685 1093 769 aliquis
1123 685 1280 754 musculus
1302 687 1402 752 maior

147 903 186 965 ot
210 898 327 965 ultimo
347 897 514 964 uoluntsto
536 897 605 964 sino
626 893 702 979 tilijs
726 895 766 963 ds
789 913 848 962 suo
872 912 1022 977 corporo,
1053 893 1093 960 do
1121 893 1264 976 legitimo
1292 893 1401 960 rustri-

146 1003 265 1070 mouio
287 1001 564 1080 descendentibus,
589 999 676 1082 quod
696 1000 729 1065 in
744 999 837 1066 bonis
852 1001 918 1066 suis
933 1015 1099 1067 commune
1115 996 1238 1079 Spulsti
1252 999 1403 1064 suooodnt

148 1108 186 1172 in
213 1113 330 1189 quarto
352 1110 445 1188 parts
468 1112 502 1172 st
524 1111 639 1186 quartu
660 1103 753 1186 psrs1
775 1104 930 1170 bonorum
954 1119 1084 1170 suorum
1106 1101 1201 1168 detur
1216 1122 1274 1185 pro
1298 1102 1403 1168 snims

149 1227 217 1276 sus
241 1209 437 1292 pauperibus
459 1209 492 1274 in
514 1210 576 1292 pijs
599 1207 713 1288 osusis,
738 1226 802 1272 non
825 1206 982 1286 obstante,
1007 1208 1035 1273 si
1057 1205 1176 1272 hubent
1197 1203 1325 1286 iratres,
1349 1205 1402 1272 uel

151 1315 241 1380 alios
264 1314 527 1397 consanguineos.
553 1312 598 1378 Et
619 1317 725 1378 rector
746 1317 779 1377 et
794 1309 955 1390 offitislss‚
978 1311 1032 1392 qui
1052 1329 1110 1394 pro
1125 1315 1269 1392 temporo
1284 1309 1403 1376 fuerint

152 1417 191 1482 in
217 1417 350 1484 ciuitnts
367 1415 499 1497 Spsloti,
522 1419 692 1482 tonssntur
706 1414 853 1497 prodictu
871 1413 1044 1481 efficaciter
1058 1414 1232 1482 obserusro
1247 1421 1281 1480 et
1295 1413 1401 1481 isosro

151 1521 326 1590 obseruari
347 1519 474 1587 uinculo
498 1519 698 1586 sacramenti.

316 1732 384 1777 our.
406 1732 480 1774 xnv.
503 1733 546 1776 ns
568 1729 753 1776 numurus
777 1730 939 1775 oomssrs
962 1731 1022 1774 sss
1046 1707 1248 1776 nonnosum

199 1849 286 1916 Item
308 1852 463 1914 statutum
486 1854 520 1913 et
541 1847 721 1914 ordinatum
743 1851 802 1926 ost,
827 1846 913 1928 quod
941 1847 969 1912 si
991 1845 1107 1914 iratres
1137 1846 1189 1914 uol
1220 1846 1402 1915 consortes*

153 1952 255 2019 mul
278 1951 423 2018 habitent
440 1951 493 2018 uel
520 1949 676 2018 habereut
696 1949 782 2016 bons
804 1950 980 2016 communia
1002 1954 1036 2016 ot
1058 1950 1172 2032 uliquis
1188 1969 1298 2018 eorum
1315 1969 1401 2017 norn-

151 2056 302 2122 mittorot
322 2054 451 2136 aliquod
473 2051 658 2121 malefitium
681 2058 814 2135 proptor
846 2053 932 2134 qnod
955 2053 1200 2120 condemnetur⁶
1227 2055 1258 2120 in
1290 2053 1397 2136 sliqus

151 2159 293 2242 pecunie
317 2159 506 2240 quantitate,
538 2159 624 2240 quod
647 2156 763 2224 solutio
787 2157 871 2237 dioto
894 2157 1081 2239 quantitatis
1104 2158 1303 2239 pecuniario⁶
1326 2176 1402 2226 oon·

152 2261 369 2331 damnationis
397 2279 461 2328 non
491 2259 548 2328 fist
577 2261 740 2328 debonis
770 2261 1004 2338 communibus,
1036 2260 1094 2326 sed
1124 2267 1248 2327 tontum
1275 2260 1333 2328 fint
1362 2261 1403 2328 de

149 2374 248 2451 purte
278 2367 328 2434 οῖ’
358 2385 454 2449 super
481 2371 605 2447 partein
628 2365 724 2445 illius,
745 2365 799 2445 qui
823 2365 943 2430 dictum
965 2361 1150 2430 mslefitium
1173 2365 1397 2448 perpetrans,

149 2470 230 2554 quis
252 2471 386 2538 ultorius
409 2467 562 2536 msioiitio
585 2487 649 2537 non
671 2467 872 2556 penetotius
893 2469 1092 2550 progrsusri.

469 2681 538 2725 ΟΔΡ.
561 2680 648 2724 xnvr.
671 2679 714 2723 DE
736 2679 870 2724 mimo
892 2680 1090 2725 numum.

201 2797 285 2863 Itsm
306 2801 463 2864 statutum
486 2801 520 2862 ot
541 2795 721 2862 ordinatum
735 2800 794 2874 est
819 2796 947 2876 quodsi
966 2796 1394 2880 medicuspromiserit⁸pro

151 2907 244 2968 corto
266 2899 382 2966 solorio
405 2918 518 2966 oursro
541 2917 599 2966 sou
629 2917 743 2966 sonoro
774 2897 933 2964 infirmum
964 2898 1004 2966 do
1026 2899 1133 2980 sliquu
1161 2898 1345 2967 infirmitate
1367 2908 1406 2967 st·

150 3005 261 3087 ipsum
283 3003 446 3070 sonsuerit
468 3008 503 3070 st
523 3001 667 3069 infirmus
697 3008 772 3085 post
794 3019 914 3084 paucos
937 3003 1006 3070 diss
1029 3022 1130 3085 usque
1159 3004 1200 3070 sd
1229 3023 1277 3070 xv
1301 3004 1403 3070 dies¹⁰
1502 3061 1506 3068 .

153 3106 393 3175 roclinuuorit¹¹
415 3107 448 3172 in
470 3104 697 3192 infirmitstsm,
721 3107 807 3188 quod
837 3107 979 3174 modicus
1002 3107 1082 3173 illud
1106 3108 1258 3174 salarium
1279 3108 1400 3174 habero

157 3231 226 3279 non
249 3211 351 3295 possit
373 3215 407 3276 st
422 3211 449 3278 si
465 3210 666 3292 nooepeno’,
690 3211 775 3294 quod
794 3216 942 3276 teneatur
960 3211 1039 3276 illud
1056 3210 1206 3278 solarium
1223 3212 1402 3296 restituere,
1425 3265 1427 3271 .

155 3315 223 3381 nisi
245 3315 350 3398 ipsum
371 3313 530 3380 infirmum
554 3314 777 3382 oursuorit.do
800 3315 1027 3382 recidiustions
1050 3313 1250 3394 infirmitatis,
1274 3316 1327 3380 usi
1342 3317 1404 3382 nisi

153 3417 326 3486 manifeste
348 3423 510 3502 oppsreut,
534 3419 619 3501 quod
644 3423 775 3501 proptor
795 3417 919 3500 oulpsm
942 3416 1066 3500 infirmi,
1091 3418 1144 3485 uel
1159 3423 1291 3502 proptor
1306 3419 1401 3485 sliam

155 3521 440 3606 superuenientom
463 3539 592 3588 onussrn
615 3522 841 3588 ronidiuousrit
862 3523 895 3587 in
917 3520 1146 3602 infirmitatem,
1170 3523 1328 3604 quianon
1352 3529 1404 3588 est

154 3627 315 3694 libonotus
337 3623 489 3705 infirmus,
514 3625 567 3706 qui
590 3625 623 3690 in
645 3623 897 3692 infirmitstsm¹⁸
918 3626 980 3692 cito
1003 3625 1167 3693 recidiust.

203 3854 271 3899 ΟΔΡ.
296 3855 394 3897 xum.
419 3855 502 3907 QUOD
525 3855 662 3900 HEDIUUE
685 3855 847 3900 sommo
862 3855 926 3899 NON
945 3853 1061 3900 ΜΟῙΔΤ
1080 3855 1275 3899 somnum
1291 3855 1356 3898 GU!

687 3941 896 3986 annuamus·

202 4056 284 4122 ltorn
307 4059 461 4123 statutum
485 4061 520 4122 ot
541 4056 723 4125 ordinatum
746 4061 805 4136 ost,
828 4057 913 4140 quod
936 4057 1125 4139 quicunque
1145 4056 1286 4124 modicus
1302 4055 1404 4122 hobot

156 4159 288 4242 aliquod
311 4159 461 4226 solarium
484 4179 504 4225 u
526 4177 691 4226 oomrnuns
714 4158 847 4244 Spoiuti,
869 4177 932 4228 non
956 4161 1058 4242 possit
1079 4159 1200 4227 habers
1217 4160 1404 4227 societatem

160 4281 368 4296 μ·

205 4316 218 4352 ¹
252 4318 340 4380 Ood.
376 4317 532 4378 soson
562 4323 593 4378 ot
613 4318 654 4379 B:
686 4321 821 4402 „putot
892 4315 985 4394 ‘Ap
1022 4317 1152 4394 injun:
1185 4315 1401 4400 „officialitor“.

162 4402 174 4439 ⁸
207 4405 294 4468 (iod.
330 4403 436 4465 sosd.
471 4404 515 4464 A:
551 4399 697 4481 „sortss“.
778 4403 877 4480 ‘Ap
907 4403 1035 4481 Ljub.:
1072 4405 1138 4486 „uel
1161 4421 1287 4482 sonoros,
1318 4403 1400 4478 qni“.

161 4487 306 4552 ¹‘ibina
332 4485 627 4570 „condemnaretur“.
699 4489 711 4526 ⁶
732 4491 824 4551 Deest
845 4491 938 4552 ibid.
1002 4487 1120 4551 ⁷00o.
1145 4490 1251 4552 sosd.
1271 4489 1400 4550 Asos:

153 4579 240 4656 „ut“.
351 4573 364 4611 ⁸
396 4575 454 4654 Ap.
489 4577 619 4654 Ljub.:
657 4577 922 4654 „perpetrarunt
1015 4573 1028 4609 ⁹
1059 4575 1168 4638 ibin:
1209 4575 1402 4652 „promittit“:

162 4661 192 4698 ¹⁰
217 4680 332 4746 „mque
356 4697 397 4707 -
421 4663 502 4724 dios“
521 4663 606 4726 deest
627 4661 731 4724 ibin
794 4660 823 4698 ¹²
844 4661 969 4726 ibin:
995 4655 1210 4741 „reoident“..
1243 4657 1398 4723 stibio:

159 4745 357 4835 ,mopinot
429 4745 458 4786 ¹⁸
479 4749 567 4813 Ood.
590 4749 696 4813 asad.
719 4749 763 4811 A:
789 4748 1007 4830 „infirmitnto“.
