3416 5350
1310 485 1370 554 113

120 689 155 755 in
179 691 336 770 solidum,
368 710 450 757 unus
481 710 544 758 non
567 697 677 775 potest
705 711 801 777 agere
833 693 902 760 sine
924 691 1055 776 speciali
1078 692 1229 760 mandato
1253 691 1373 762 domini

121 799 239 862 eontra
261 795 370 861 alium.
393 795 545 862 Decimus
568 815 660 864 casus
682 802 733 864 est
755 798 786 862 in
810 815 888 879 paco
911 795 1060 863 iacienda
1074 797 1202 864 nomine
1217 797 1371 878 alterius;

121 899 180 966 ubi
203 899 329 966 adhoc
351 899 488 983 exigitur
510 901 650 984 speciale
671 901 865 968 mandatum.

379 1165 447 1208 (lAP.
471 1167 511 1210 ot.
535 1167 577 1208 DE
599 1165 774 1210 Anuooffls
797 1167 958 1210 donnolus
980 1166 1120 1210 somni.

170 1281 256 1348 Item
278 1285 434 1347 statutum
451 1287 485 1348 et
499 1283 677 1348 ordinatum
694 1288 755 1363 est,
780 1284 864 1364 quod
881 1283 1026 1350 aduocati
1048 1281 1221 1349 communis
1237 1281 1372 1366 Spoleti,

126 1385 184 1465 qui
207 1403 265 1467 pro
288 1387 433 1466 tempore
456 1383 573 1454 luerint
587 1385 620 1452 in
636 1386 722 1452 dieta
737 1385 875 1466 ciuitate,
899 1386 968 1452 siue
983 1385 1147 1452 obtineant
1162 1386 1372 1468 questionem,

127 1487 201 1554 siue
222 1506 296 1567 non,
319 1493 491 1555 teneantur
512 1490 639 1555 uinculo
662 1489 855 1554 sacramenti
878 1490 1035 1555 aduooare
1065 1495 1099 1555 et
1130 1489 1373 1558 aduocationem

128 1589 240 1658 lacere
268 1589 408 1659 fideliter
437 1597 471 1658 et
498 1592 646 1674 legaliter
676 1611 734 1674 pro
764 1593 910 1660 omnibus
940 1592 1120 1660 hominibus
1151 1598 1183 1660 et
1217 1593 1373 1675 personis,

127 1695 185 1778 qui
208 1713 265 1763 eos
288 1697 513 1776 requisiueriut
535 1715 593 1778 pro
616 1696 826 1762 aduocatione
849 1696 1004 1782 iacienda,
1030 1714 1114 1778 pena
1129 1701 1162 1763 et
1176 1697 1281 1765 banno
1297 1713 1374 1778 qua·

128 1799 281 1882 draginta
302 1799 464 1866 soldorum
488 1818 659 1881 paruarum
684 1818 743 1880 pro
765 1799 909 1881 qualibet
931 1800 1017 1878 uioe;
1043 1801 1134 1866 saluo
1150 1805 1184 1866 et
1198 1805 1373 1881 reseruata,

127 1902 216 1983 quod
238 1920 303 1968 non
326 1901 536 1984 compellatur
558 1901 664 1969 lacere
684 1903 926 1970 aduocationem
941 1909 1052 1970 eontra
1067 1909 1201 1985 patrem,
1226 1910 1373 1984 matrem,

127 2023 242 2082 anum,
274 2005 396 2084 auiam,
427 2004 480 2072 uel
513 2005 592 2072 alios
622 2007 848 2084 ascendentes,
882 2023 941 2073 neo
970 2013 1081 2072 contra
1111 2005 1193 2073 filios
1216 2007 1270 2072 uel
1293 2006 1374 2074 alios

129 2109 317 2175 ooniunetos
347 2128 386 2176 ex
409 2109 494 2176 linea
517 2109 743 2188 descendenti,
767 2116 825 2176 aut
847 2110 964 2176 iratres
988 2114 1148 2194 carnales,
1184 2127 1242 2178 neo
1265 2115 1376 2177 eontra

131 2218 267 2294 patruos
290 2218 346 2278 aut
368 2212 543 2279 auunwlos
566 2213 721 2296 carnales,
744 2232 803 2280 neo
818 2220 928 2280 contre
943 2215 1066 2280 amitas.
1091 2213 1144 2280 uel
1167 2220 1375 2280 marterterae

131 2314 288 2396 carnales,
304 2333 363 2382 neo
378 2316 510 2382 uitrious
533 2321 643 2382 contra
657 2315 848 2398 priuignum,
866 2317 917 2383 uel
933 2319 1120 2400 priuignam,
1136 2335 1196 2384 nee
1211 2317 1376 2400 priuignus

130 2425 244 2486 eontra
266 2418 424 2502 uitricum,
446 2436 506 2487 neo
528 2436 620 2486 aooer
642 2425 755 2486 eontra
776 2438 929 2502 generum
951 2420 1004 2488 uel
1027 2439 1158 2500 nurum,
1190 2437 1249 2486 nee
1278 2439 1376 2504 gener

130 2529 245 2590 tonna
269 2540 414 2590 sotorum
444 2527 500 2590 aut
522 2523 672 2603 sooram¹,
704 2541 764 2592 neo
793 2529 904 2591 contra
936 2529 1105 2606 cognatum
1128 2528 1185 2590 aut
1200 2527 1374 2607 cognatm

131 2627 304 2695 carnalem.

173 2730 245 2798 Neo
267 2729 475 2814 compellatur
497 2729 604 2800 faeere
626 2731 866 2799 aduocationem
889 2737 999 2798 contra
1022 2730 1164 2798 inimicos
1187 2749 1263 2798 suos
1288 2729 1376 2813 oapi·

132 2835 228 2901 tales.

175 2936 242 3004 Sed
264 2937 292 3004 si
322 2937 436 3020 aliquis
463 2938 642 3020 requireret
672 2938 808 3021 aliquem
832 2939 1034 3018 aduoootunr,
1066 2938 1151 3020 quod
1174 2937 1290 3004 debeat
1312 2937 1374 3005 sibi

14 3037 17 3044 '
131 3041 240 3110 iacere
263 3041 402 3125 aliquam
426 3042 664 3110 aduocationem
681 3048 715 3109 et
730 3043 905 3110 adnotatus
921 3061 1026 3108 eoram
1043 3047 1167 3108 rectora
1181 3041 1252 3107 uult
1267 3042 1374 3108 iurare

131 3147 174 3215 ad
205 3152 317 3214 saneta
347 3147 408 3212 Dei
430 3147 616 3230 euangelia,
649 3147 735 3228 quod
757 3148 826 3230 ipse
848 3147 976 3226 eredat,
1007 3146 1093 3228 quod
1115 3145 1186 3226 ille,
1224 3145 1278 3226 qui
1302 3163 1375 3212 eum

131 3249 270 3334 requirit
299 3251 341 3318 ad
374 3250 618 3318 aduocationem
651 3249 847 3334 faciendam,
882 3251 999 3316 habeat
1032 3249 1149 3314 malam
1182 3265 1311 3315 musam
1344 3253 1378 3315 et

132 3355 286 3422 iniustam
316 3359 350 3421 et
380 3355 454 3422 ideo
483 3373 547 3421 non
578 3354 648 3420 uult
677 3355 834 3420 aduooare
863 3373 922 3435 pro
945 3371 984 3420 eo
1006 3353 1040 3418 in
1059 3353 1130 3436 ipsa
1159 3370 1272 3430 oausa3
1302 3356 1380 3418 tune

134 3477 201 3526 non
224 3457 435 3540 compellatur
458 3457 500 3522 ad
522 3456 759 3540 suscipiendam
782 3456 1023 3523 aduocationem
1046 3457 1157 3538 ipsam.

178 3561 225 3627 Et
256 3561 332 3628 dioti
355 3560 512 3645 aduocati,
547 3562 573 3628 si
598 3562 641 3626 sit
662 3561 789 3642 questio
813 3580 832 3626 a
854 3560 992 3642 quinque
1014 3559 1103 3626 libris
1125 3557 1208 3624 inira
1238 3562 1271 3624 et
1292 3557 1379 3623 ultre
1507 3602 1521 3626 .

139 3666 250 3734 decern
281 3664 398 3746 soldos,
428 3663 568 3730 habeant
589 3665 640 3731 et¹
661 3665 780 3731 hebere
803 3665 941 3731 debeant
962 3681 1059 3730 ununr
1082 3664 1241 3746 grosoium
1265 3667 1298 3728 et
1319 3679 1381 3728 non

139 3769 223 3852 plus,
249 3767 380 3846 adhoc,
404 3775 441 3834 ut
463 3766 601 3835 fideliter
623 3774 657 3835 et
678 3768 800 3835 solicite
821 3767 940 3834 iaciant
958 3769 1060 3850 ipsum
1076 3785 1223 3846 causam;
1246 3764 1331 3848 quia,
1354 3764 1381 3832 si

140 3873 220 3940 nihil
243 3872 378 3938 haberet
400 3871 442 3938 ad
464 3872 567 3956 ipsam
590 3890 730 3954 oausam,
753 3891 816 3938 non
839 3871 1039 3939 attenderet³
1061 3871 1247 3954 diligenter,
1279 3873 1314 3935 et
1336 3867 1382 3934 sio

137 3978 210 4043 iura
233 3993 410 4060 pauperum
433 3975 594 4042 hominum
617 3979 749 4058 possent
778 3975 914 4042 laeiliter
944 3975 1090 4056 deperiri.
1121 3973 1149 4040 A
1171 3973 1383 4056 quadraginta

136 4101 215 4150 uero
240 4079 340 4148 soldis
363 4079 446 4146 infra
469 4080 547 4146 nihil
569 4080 690 4147 habere
713 4079 868 4157 debeant;
904 4100 923 4145 a
946 4080 1086 4160 quinque
1108 4078 1198 4144 libris
1218 4095 1319 4159 usque
1340 4075 1382 4141 ad

137 4187 250 4252 decem
272 4182 429 4267 resipiant
451 4202 509 4266 pro
532 4183 650 4250 salario
674 4183 754 4250 duos
769 4184 925 4267 groscios3
949 4181 1098 4248 adenem
1111 4179 1201 4247 libris
1216 4197 1314 4260 supra
1329 4195 1382 4243 us·

137 4309 201 4374 que
218 4289 260 4354 ad
279 4288 507 4371 quinquaginta
533 4289 672 4354 habeant
687 4293 721 4354 et
736 4285 857 4353 habere
879 4286 1015 4353 debeant
1032 4290 1167 4366 quatuor
1181 4283 1339 4365 grosci0s3
1364 4299 1384 4346 o

135 4391 368 4476 quinquaginta
389 4391 479 4458 libris
495 4411 597 4474 usque
613 4391 654 4456 ad
670 4397 795 4457 neutum
811 4391 951 4458 habeant
974 4395 1046 4456 octo
1069 4389 1229 4471 grosei0s3
1253 4386 1279 4452 si
1304 4401 1381 4452 uero

135 4559 346 4572 ’.ι-μ-

182 4655 305 4718 ¹Ood.
330 4655 437 4714 aead.
461 4654 504 4714 A:
531 4647 694 4732 „aonium“.
743 4649 755 4686 ²
782 4653 929 4728 „habeant
951 4648 999 4712 eo‘
1025 4652 1108 4712 deest
1131 4652 1159 4710 in
1176 4650 1256 4710 eod.
1278 4647 1385 4709 asad.

135 4744 170 4806 A.
245 4739 369 4802 'Ood
393 4741 499 4802 asad.
523 4739 672 4816 Beta1n
697 4739 824 4816 ujus:
851 4733 1064 4818 „intendoret“.

1258 4839 1278 4899 8
